1966 3302
371 506 662 582 P‘UB.
742 500 1352 579 TERENTH

596 696 727 754 AD
751 695 1102 752 ELPHI.
1130 700 1146 717 ὃ

144 873 261 908 ACTA
285 876 417 908 LUDIS
440 876 755 909 FUNEBRIBUSb
780 876 963 907 AEMILIF
991 874 1184 907 PAULLI2
1218 873 1333 911 QUOS
1356 871 1526 904 FECERE
1549 871 1592 908 Q.

184 941 343 972 FABIUS
380 941 606 982 MAXIMUS,
651 942 688 972 P.
723 941 976 972 CORNELIUS
1009 937 1309 970 AFRICANUS.3
1348 936 1530 968 EGERE*
1562 936 1598 965 L.

187 1005 362 1037 ATILIUS
392 1005 722 1042 PRAENESTINUS,
738 1011 751 1025 θ
782 1003 1002 1035 MINUTIUS
1032 999 1330 1033 PROTHIMUS.⁵
1357 1000 1513 1030 MODOS
1534 998 1606 1029 FE.

149 1068 260 1102 ⁶CIT
292 1070 489 1102 FLACCUS
522 1069 702 1109 CLAUDI,
739 1069 870 1100 TIBIIS
908 1066 1191 1099 SARRANIS.6‹1
1225 1066 1365 1097 FACTA
1401 1064 1566 1096 GRAECA
1586 1063 1600 1083 ⁷

190 1134 454 1166 MENANDRU
477 1135 513 1167 L.
538 1134 708 1176 ANICIO,
730 1135 780 1166 M.
804 1133 1031 1165 CORNELIO
1049 1131 1063 1152 ὃ
1089 1132 1200 1165 COSS.
1216 1132 1231 1152 9

191 1253 338 1293 Adelphi,
353 1253 507 1284 Comoedia
525 1253 675 1292 Terentii,
690 1255 759 1283 acta
775 1249 1047 1290 ludisfimebribus
1063 1250 1155 1280 Lucii
1166 1248 1291 1280 AEmz'lii
1306 1248 1416 1285 Pauli,
1426 1257 1498 1287 qnos
1511 1248 1602 1277 dede-

151 1300 223 1327 runt
251 1297 292 1332 Q.
311 1295 428 1327 Fabius
445 1296 618 1334 Maximus,
635 1296 674 1327 P.
694 1295 856 1325 Cornelius
872 1294 1053 1332 Africanae,
1067 1292 1238 1333 illiusfilii.
1286 1292 1428 1330 Egernnt
1454 1290 1492 1320 L.
1513 1290 1602 1320 Atti-

148 1340 208 1369 lius
229 1338 445 1369 Proenestinus
459 1342 489 1369 et
505 1339 665 1369 Minucius
683 1338 850 1368 Protimus.
897 1336 1109 1374 Modossecit,
1126 1338 1155 1365 et
1172 1334 1294 1365 cantica
1323 1334 1452 1365 Flaccus
1474 1332 1601 1363 Claudii

142 1381 247 1423 filias,
274 1381 361 1413 tibiis
382 1381 532 1412 Sarranis
546 1382 684 1421 paribus,
697 1381 845 1412 sinistris.
892 1379 974 1411 Hoec
993 1378 1249 1416 Comoediafacta
1264 1380 1308 1409 est
1325 1377 1442 1408 Latina
1459 1386 1474 1406 e
1491 1376 1608 1407 Grceca

152 1425 333 1464 Menandri,
350 1425 387 1455 L.
404 1424 518 1455 Anicio
536 1425 641 1464 Gallo,
658 1424 708 1455 Μ.
726 1423 867 1454 Cornelio
885 1422 1022 1461 Cethego
1037 1421 1234 1452 Consulibus.

758 1521 775 1531 e
781 1517 1000 1530 “tenea-uo

199 1588 215 1615 1
242 1586 352 1617 AEmilz‘
368 1586 470 1617 Bent.
489 1587 529 1617 Z.
547 1587 649 1617 Both.
673 1586 713 1618 L.
726 1585 850 1617 AEmz'lii
866 1585 1027 1616 Perl.—2
1052 1583 1146 1613 Pauli
1163 1583 1203 1613 Z.
1219 1582 1321 1613 Both.
1338 1581 1497 1612 Perl.--3
1515 1580 1608 1610 Mur.

157 1634 400 1660 commemorat
417 1630 602 1670 antiquitus
619 1629 686 1670 legi
714 1630 755 1659 P.
786 1629 929 1659 Cornelio
951 1627 1104 1665 Africano
1127 1626 1227 1657 AEdil.
1259 1625 1335 1654 Cur.
1380 1625 1467 1656 Quae
1493 1627 1608 1653 tamen

158 1672 295 1702 nomina
312 1671 426 1704 deleta
440 1677 520 1703 sunt
536 1672 615 1703 inde
635 1672 708 1713 jam
726 1672 768 1702 ab
795 1676 898 1702 aetate
925 1670 1055 1701 Donati
1070 1679 1078 1707 ;
1103 1668 1272 1710 siquidem
1290 1676 1454 1707 nusquam
1472 1670 1610 1697 constat

157 1715 218 1745 hos
234 1713 316 1745 duos
334 1715 372 1746 L.
402 1715 524 1746 AEmilii
541 1715 641 1746 Pauli
659 1718 799 1755 nepotes
817 1713 914 1745 simul
936 1712 1138 1744 aedilitatem
1165 1711 1316 1742 curulem
1344 1710 1499 1750 gessisse.
1523 1709 1612 1739 Perl.

160 1757 216 1796 qui
232 1757 293 1788 dat
309 1767 383 1788 cum
399 1757 523 1798 Delph.
548 1762 579 1789 et
595 1759 632 1788 Ρ.
650 1758 802 1789 C.A.—-4
828 1758 970 1796 Egerunt
987 1756 1072 1787 dant
1086 1755 1266 1785 iidem.-5
1296 1754 1339 1784 Et
1358 1753 1408 1784 M.
1425 1753 1465 1783 P.
1495 1751 1612 1783 iidem.

157 1800 350 1840 Prothymus
366 1801 535 1832 Buta-6
559 1800 705 1831 Serranis
730 1801 824 1831 Perl.
872 1799 958 1830 Haec
974 1799 1014 1830 Z.
1028 1798 1162 1829 notavit
1179 1807 1187 1827 z
1209 1798 1218 1814 ‘
1234 1798 1320 1828 Dae.
1338 1795 1519 1834 legendum
1536 1804 1613 1825 esse

159 1849 278 1873 censet
293 1846 364 1874 acta
384 1844 522 1883 primum
544 1844 632 1875 tibiis
657 1844 783 1884 Lydus,
806 1842 915 1873 deinde
938 1842 1026 1873 tibiis
1054 1840 1213 1871 Sarranis.
1260 1840 1349 1870 Nam
1376 1839 1468 1869 tibias
1483 1838 1612 1879 Lydias,

158 1886 180 1916 i.
195 1895 226 1917 e.
239 1885 322 1916 duas
339 1885 491 1926 dextras,
514 1887 662 1918 edidisse
688 1896 804 1917 sonum
820 1894 957 1925 gravem
974 1889 1009 1916 et
1030 1883 1221 1924 lugubrem,
1237 1883 1294 1924 qui
1313 1881 1397 1913 adeo
1414 1881 1615 1912 conveniret

159 1927 264 1959 Ludis
288 1928 519 1968 Funebribus;
543 1934 622 1970 post
638 1930 779 1970 primam
797 1937 876 1960 vero
892 1927 1077 1959 editionem
1093 1927 1181 1957 tibiis
1198 1925 1360 1963 Sarranis,
1383 1934 1443 1954 seu
1459 1923 1618 1962 sinistris,

160 1980 237 2012 quae
254 1980 372 2003 sonum
387 1977 524 2003 acutum
541 1972 719 2014 minusque
735 1972 867 2003 tristem
894 1971 1049 2005 ederent,
1075 1969 1218 2000 eandem
1246 1969 1431 2008 repetitam
1459 1976 1532 1997 esse
1549 1967 1614 1996 Fa-

159 2014 283 2044 bulam.
326 2014 416 2045 Sane
439 2016 514 2046 haec
538 2016 733 2046 emendatio
749 2024 904 2055 magnam
921 2014 991 2045 veri
1007 2013 1155 2053 speciem
1173 2011 1300 2050 accipit
1316 2020 1358 2041 ex
1385 2010 1512 2041 Donati
1536 2018 1615 2040 auc-

163 2056 326 2088 toritate:
351 2058 428 2088 vide
458 2058 704 2090 Praefationem
734 2058 806 2098 ejus
833 2057 867 2088 in
896 2057 984 2087 hanc
1012 2054 1174 2086 Fab.’—7
1200 2054 1306 2086 EGr.
1337 2054 1439 2084 Beut.
1456 2053 1496 2083 Z.
1515 2053 1617 2083 Both.

163 2099 258 2131 Perl.
283 2099 398 2131 Groeca
411 2104 457 2132 est
472 2111 534 2141 pro
551 2102 650 2132 Facta
667 2102 727 2132 Gr.
742 2101 935 2140 Delph.—8
947 2099 1046 2130 Edita
1061 2099 1102 2129 L.
1119 2098 1234 2129 Anicio
1249 2097 1341 2128 Gallo
1357 2099 1387 2126 et
1404 2096 1454 2126 M.
1472 2096 1614 2126 Cornelio

166 2142 300 2182 Cethego
315 2143 507 2182 Delph.—-9
530 2144 616 2174 Mihi
629 2144 676 2175 sic
693 2143 870 2184 inscriptio
885 2143 959 2173 haec
976 2142 1112 2173 videtur
1125 2140 1292 2180 legenda:
1310 2139 1445 2179 Adelphz‘
1462 2138 1616 2169 Terentii.

163 2186 245 2215 Acta
275 2186 356 2216 ludis
382 2186 575 2217 Funebribus
601 2187 640 2218 L.
667 2187 777 2218 AE’mz'l.
811 2186 901 2217 Paul.
928 2185 968 2220 Q.
988 2185 1064 2216 Fab.
1087 2184 1222 2215 Maxim.
1249 2183 1292 2213 P.
1310 2182 1450 2213 Cornelio
1467 2180 1618 2219 Africano

163 2227 308 2258 aedilibus
333 2229 510 2261 Caralibus.
559 2230 662 2268 Egere
677 2230 716 2260 L.
734 2228 869 2266 Attilius
894 2228 1125 2267 Proenestinus‚
1153 2226 1194 2257 L.
1223 2225 1393 2256 Numidius
1415 2225 1618 2255 Posthumas.

165 2270 278 2301 Medos
291 2270 374 2308 fecit
393 2272 483 2303 Clau.
507 2273 649 2311 Flaccus,
669 2273 757 2303 Clau.
773 2271 876 2312 filins,
892 2271 980 2301 tibiis
995 2271 1128 2301 dextris.
1167 2269 1267 2300 Pacta
1278 2268 1395 2299 Latina
1411 2271 1457 2298 cst
1473 2277 1488 2298 e
1503 2268 1617 2297 Groeca

168 2313 356 2349 Menandru,
366 2314 404 2345 L.
417 2315 529 2345 Anicio
547 2315 651 2353 Gallo,
665 2316 713 2345 M.
732 2315 875 2345 Cornelio
892 2314 1027 2351 Cethego
1047 2313 1133 2343 Coss.
1149 2311 1238 2342 Gov.
1272 2311 1329 2342 Sic
1341 2312 1399 2342 ΒΓ.
1415 2310 1516 2350 legit:
1535 2310 1623 2341 Inci-

161 2356 211 2395 pit
226 2356 364 2396 Adelphe
380 2361 449 2388 acta
465 2358 546 2389 ludis
575 2358 770 2390 funebribus
795 2358 835 2392 Q.
854 2356 946 2388 Fabii
976 2356 1127 2395 Maximi,
1153 2355 1196 2386 P.
1221 2354 1343 2385 Cornel.
1370 2353 1473 2391 Afric.
1497 2352 1623 2384 AEmilii

168 2398 264 2429 Pauli
289 2399 426 2430 (edilium
455 2402 561 2432 Cnrnl.
591 2411 664 2441 quos
679 2400 784 2438 fecere
800 2400 839 2431 L.
854 2399 934 2430 Atil.
952 2398 1140 2430 Proeneslz'n.
1164 2397 1285 2428 flIinuc.
1308 2396 1465 2428 Protltt'm.
1511 2396 1622 2426 Modos

161 2440 242 2478 fecit
259 2441 388 2515 {lbaccus
403 2443 595 2475 clauditibiis
609 2444 768 2475 Sarranis.
815 2443 915 2474 Facta
933 2442 1046 2472 Groeca
1059 2441 1242 2479 Menandri,
1258 2440 1382 2479 Anicio,
1411 2439 1460 2470 M.
1478 2438 1623 2472 Cornelio

169 2494 261 2515 consu
278 2494 287 2515 z
310 2495 356 2516 us.

824 2538 968 2571 NOTAE

211 2607 226 2622 ὃ
248 2601 399 2646 Αάεῑρήἱ]
419 2603 461 2635 Id
486 2607 550 2645 est,
571 2604 710 2645 fratres,
733 2605 869 2638 Graece.
969 2602 982 2622 b
1005 2602 1088 2634 Acta
1109 2600 1191 2632 ludis
1202 2599 1404 2640 funebribus]
1428 2599 1514 2631 Ludi
1531 2599 1627 2632 fune-

170 2651 228 2683 Sic
243 2652 320 2684 ideo
336 2654 409 2685 haec
426 2654 599 2686 Comoedia
615 2656 790 2687 nominata
804 2659 871 2694 est,
926 2653 1005 2685 bres
1021 2657 1132 2692 erant,
1148 2651 1205 2693 qui
1221 2652 1253 2682 in
1270 2651 1430 2682 honorem
1448 2649 1628 2682 defuncto-

174 2703 263 2744 quod
288 2703 410 2736 fratres
433 2707 568 2737 Demea
591 2710 626 2737 et
643 2706 744 2737 Mitio
761 2716 871 2746 senes,
928 2714 1000 2735 rum
1030 2703 1290 2741 exhibebantur,
1317 2701 1434 2742 quales
1456 2701 1627 2733 Homerus

173 2758 209 2784 et
249 2754 421 2787 AEschinus
458 2757 692 2798 Ctesiphoque
728 2757 871 2788 Demeae
929 2759 1093 2786 memorat
1132 2752 1326 2784 celebratos
1362 2751 1404 2782 ab
1434 2751 1568 2783 Achille
1593 2753 1625 2783 in

173 2804 247 2845 filii,
260 2803 385 2837 fabulae
402 2806 624 2848 suppeditent
641 2806 829 2838 materiam.
930 2805 1048 2837 funere
1074 2803 1223 2836 Patrocli
1241 2814 1250 2841 ς
1275 2806 1311 2833 et
1327 2801 1491 2842 Virgilius
1521 2802 1628 2833 rescat
