1966 3302
595 201 809 232 HECYRAE
841 200 952 232 Ac'r.
984 201 1029 230 v.
1061 201 1129 234 sc.
1162 203 1215 232 11.
1549 195 1636 236 895

183 296 269 338 LA.
300 295 469 347 Quaeso
499 296 689 351 aedepol,
723 297 930 348 BacchiS,
963 298 1068 339 mihi
1091 297 1208 352 quod
1231 310 1277 339 es
1295 298 1501 352 pollicita
1521 304 1629 350 tute,

353 369 402 405 ut
424 377 587 405 serves.
1571 368 1628 409 20

182 430 302 472 BAc.
323 431 393 472 Ob
412 445 511 473 eam
530 421 707 473 rem'vis
728 445 828 485 ergo
848 432 963 473 intro
987 433 1121 474 eam?
1172 433 1257 475 LA.
1281 433 1319 484 Ι,
1336 439 1470 488 atque
1491 435 1624 489 exple

354 500 546 541 animum
567 501 640 550 iis,
662 503 711 541 ut
731 500 923 542 credant.

179 566 297 608 BAc.
317 566 409 619 Εο;
432 568 516 609 etsi
536 569 646 618 scio,
666 568 757 621 pol,
775 567 831 608 iis
850 568 943 609 fore
963 581 1111 609 meum
1132 573 1418 623 conspectum
1438 570 1627 613 invisum

354 634 484 675 hodie
503 648 514 686 3

189 701 309 743 Nam
326 707 467 756 nupta
485 702 704 743 meretrici
725 702 870 743 hostis
889 706 971 753 est,
994 716 1021 744 a
1041 704 1137 745 viro
1158 705 1231 745 ubi
1254 711 1477 760 segregata
1497 711 1578 750 est.

182 769 271 811 LA.
299 769 364 811 At
403 770 472 811 hae
503 770 659 811 amicae
688 774 828 820 erunt,
848 770 940 821 ubi,
972 772 1254 824 quamobrem
1286 773 1532 827 adveneris,
1563 789 1633 817 re-

354 838 564 879 sciscent.

182 904 329 947 PHID.
360 904 424 946 At
443 904 622 946 easdem
642 904 809 946 amicas
836 903 928 945 fore
960 904 1039 946 tibi
1070 907 1297 960 promitto,
1317 921 1407 949 rem
1427 911 1505 951 ubi
1526 924 1630 965 cog-

351 974 578 1024 noverint3
1571 979 1630 1020 25

180 1083 326 1123 Bacchis,
338 1087 372 1115 ut
387 1085 467 1124 quod
482 1082 558 1114 mihi
571 1083 756 1123 promisisti,
765 1082 985 1122 jusjurandum
1000 1086 1080 1124 apud
1095 1085 1249 1123 mulieres,
1264 1088 1298 1116 tu
1314 1086 1379 1126 ipsa
1390 1091 1531 1126 proestes.
1564 1088 1632 1120 ΒΑ.

185 1127 280 1158 Visne
303 1136 378 1166 ergo
400 1130 436 1158 ut
457 1127 618 1166 ingrediar
639 1127 679 1156 ud
700 1128 855 1165 mulieres,
878 1130 913 1157 ut
927 1126 1136 1165 „iureiurando
1150 1128 1325 1169 confirmem
1343 1130 1540 1170 Pamphilum
1555 1143 1573 1162 a
1588 1142 1637 1163 me

179 1179 240 1201 non
254 1170 419 1210 receptari.
467 1170 530 1200 LA.
555 1169 630 1207 Fac,
647 1173 678 1200 et
702 1169 748 1199 ita
763 1169 827 1200 illis
839 1170 1001 1210 persuade,
1017 1173 1051 1200 ut
1074 1171 1195 1201 credere
1212 1171 1270 1201 tibi
1285 1176 1448 1210 cogantur.
1493 1174 1561 1205 ΒΑ.
1586 1175 1634 1205 Εο

180 1213 221 1243 ad
235 1212 319 1251 illas,
331 1212 470 1252 quamvis
487 1215 571 1243 certa
586 1213 644 1242 sim
664 1212 712 1243 his
737 1222 837 1242 meum
857 1215 1049 1252 conspectum
1072 1215 1232 1244 molestum
1248 1217 1277 1244 et
1293 1225 1417 1246 exosum
1433 1216 1522 1248 hodie
1539 1218 1633 1255 sore.-

179 1264 249 1286 παθη
274 1256 385 1286 mulier
408 1258 518 1295 nupta,
543 1255 699 1286 meretrici
723 1255 849 1285 inimica
874 1259 935 1293 est,
955 1266 1023 1286 cum
1046 1266 1065 1286 a
1087 1257 1154 1287 viro
1175 1260 1319 1296 separata
1334 1262 1391 1288 est.
1437 1260 1501 1292 LA.
1524 1262 1571 1292 At
1585 1261 1635 1291 hae

178 1298 286 1329 amicoe
305 1302 395 1329 erunt
416 1298 486 1334 tibi,
507 1308 574 1328 cum
596 1299 730 1338 primum
745 1298 957 1337 cognoverint,
973 1308 1062 1339 quam
1078 1299 1114 1329 ob
1129 1310 1250 1330 cansam
1265 1310 1316 1330 eas
1330 1304 1516 1334 conveneris.
1561 1304 1633 1335 ΡΗ.

177 1340 224 1372 At
240 1342 361 1372 easdem
374 1341 489 1372 amicas
503 1341 561 1372 tibi
580 1340 654 1379 fore
666 1341 824 1382 polliceor,
845 1342 965 1381 quando
987 1342 1034 1372 rei
1057 1343 1224 1374 veritatem
1246 1344 1446 1376 resciverint:
1469 1356 1541 1378 nam
1564 1348 1635 1378 illas

785 1446 824 1457 Ν
826 1446 1025 1458 eeeeeeeeee

179 1515 398 1548 Bacchidem.
420 1526 537 1547 versus
564 1526 697 1558 quoque
713 1518 797 1549 hanc
814 1518 998 1549 lectionem
1016 1517 1133 1554 exigit.
1158 1520 1218 1551 Fa.
1265 1521 1361 1552 Unus
1379 1531 1421 1552 ex
1438 1523 1562 1554 nostris
1577 1534 1633 1554 ve-

179 1564 246 1598 tus,
267 1561 354 1590 modo
370 1561 511 1600 explete.-
535 1561 654 1599 ceteri‚
679 1562 766 1592 modo
782 1562 881 1602 exple.
907 1562 1008 1592 Bent.
1054 1562 1202 1593 Faernus
1219 1568 1254 1595 et
1271 1564 1442 1605 Georgius
1458 1567 1633 1599 Fabricius

177 1603 329 1638 mallent,
354 1603 499 1642 Explete,
514 1605 608 1644 quasi
626 1603 669 1634 ad
698 1604 877 1635 Lachetem
902 1610 937 1635 et
967 1604 1172 1636 Bacchidem
1191 1606 1289 1637 simul
1307 1607 1447 1640 dictum.
1493 1610 1539 1641 Et
1552 1620 1633 1641 sane

178 1645 229 1676 ita
250 1645 346 1675 Libri
364 1645 499 1684 quidam
516 1647 638 1687 scripti
663 1653 699 1677 et
724 1648 879 1687 impressi
905 1647 1111 1687 praeferunt.
1157 1649 1246 1690 Guy.
1264 1651 1398 1690 Expleto
1424 1653 1572 1693 reponit,
1597 1660 1634 1685 et

174 1688 318 1719 Lacbeti
334 1689 395 1718 soli
413 1688 540 1719 dictum
557 1690 617 1720 ait.
662 1689 804 1720 Addunt
834 1695 948 1721 autem
968 1691 1113 1721 Codices
1129 1693 1284 1733 quidam:
1315 1694 1359 1724 Ut
1374 1697 1513 1727 credant.
1540 1697 1631 1737 quod

177 1740 196 1761 e
212 1740 311 1761 versu
325 1733 377 1763 21.
397 1731 530 1762 videtur
546 1731 740 1771 repetitum.
769 1733 869 1764 lVest.
913 1734 1009 1764 Modo
1024 1735 1144 1773 explete
1159 1737 1297 1766 animum
1313 1735 1414 1768 Bent.
1433 1738 1512 1779 Bip.
1530 1739 1631 1771 Both.

178 1773 274 1804 Modo
287 1775 377 1814 exple
391 1775 526 1805 animum
543 1775 581 1805 Z.
597 1776 656 1806 ΒΓ.
675 1775 854 1807 Peru—20
879 1776 970 1811 Quod
985 1777 1061 1808 milii
1075 1776 1192 1808 Guelf.
1209 1781 1323 1811 3.—2l
1350 1780 1447 1811 Bem.
1466 1784 1517 1812 vin
1533 1781 1635 1821 ergo?

178 1815 236 1846 Ita
251 1817 344 1856 prius
369 1823 443 1847 erat
468 1823 504 1848 et
528 1818 563 1848 in
582 1819 675 1849 Vict.
700 1819 760 1850 Ea.
808 1819 927 1850 Nostri
952 1829 1067 1851 omnes
1093 1821 1153 1859 vis,
1180 1831 1246 1852 non
1270 1823 1334 1853 vin.
1359 1823 1459 1855 Bent.
1495 1825 1525 1862 I,
1542 1830 1633 1866 atque

178 1859 267 1899 exple
281 1860 416 1891 animum
430 1861 482 1899 iis,
495 1863 531 1891 ut
544 1860 687 1901 credant]
711 1861 733 1891 I
755 1861 809 1892 hic
826 1872 890 1892 uon
909 1864 1038 1903 patitur
1055 1865 1282 1905 synaloepham
1300 1876 1308 1895 :
1334 1872 1489 1898 vetustus
1506 1875 1636 1907 noster,

179 1906 218 1932 ut
241 1902 333 1942 alibi,
358 1903 389 1933 Ii
413 1902 548 1943 duplice
564 1904 576 1934 i
593 1904 733 1943 scribit3
757 1914 833 1936 nam
850 1906 996 1946 duplicis
1014 1910 1218 1946 potestatem
1235 1908 1361 1947 habet;
1384 1909 1525 1950 ἰός-1100,
1552 1917 1589 1942 ut
1607 1915 1634 1943 Ο

178 1949 214 1975 et
228 1944 294 1983 Au,
315 1954 383 1976 non
409 1945 559 1977 eliditur.
605 1947 765 1978 Ceterum
783 1953 914 1979 mutato
929 1949 1048 1980 ordine
1064 1950 1154 1990 lege,
1170 1954 1262 1990 atque
1276 1953 1366 1991 exple
1377 1953 1418 1982 iis
1432 1954 1582 1993 animum,
1597 1960 1633 1986 ut

177 1988 316 2018 credant.
340 1988 442 2020 Bent.
491 1989 548 2019 Vin
564 1999 695 2031 quoque
712 1991 813 2022 Both.
833 1991 923 2023 Perl.
944 2001 1023 2023 mox
1046 1992 1058 2022 i
1081 1996 1173 2033 atque
1196 1995 1284 2034 exple
1299 1995 1435 2026 animum
1450 1997 1500 2027 his
1514 2001 1542 2028 el
1559 2008 1634 2037 coge

177 2033 212 2060 ut
224 2031 350 2061 credant
365 2031 433 2062 ΜΞ.
449 2040 534 2062 unus
549 2033 640 2072 apud
658 2034 766 2065 Boecl.
783 2044 850 2075 quo
867 2039 956 2065 teste
980 2035 1085 2066 ‘illud
1104 2039 1115 2066 i
1132 2046 1151 2067 a
1164 2036 1229 2067 2da
1245 2048 1343 2068 manu
1362 2044 1425 2078 est,
1449 2045 1551 2070 antea
1567 2040 1634 2072 fuit

179 2073 231 2103 vel
249 2073 295 2104 ita
313 2073 365 2103 vel
376 2073 420 2103 ito
431 2084 442 2104 .-
464 2077 611 2106 accessit
627 2076 813 2116 glossema-²
838 2082 874 2107 et
887 2077 928 2108 B.
949 2078 1025 2110 Hal.
1039 2079 1204 2110 exhibent
1218 2081 1321 2112 verba
1337 2084 1366 2112 et
1381 2092 1465 2121 coge,
1491 2093 1566 2124 quae
1583 2084 1632 2114 in-

177 2115 273 2146 venit
291 2116 397 2147 West.
414 2116 448 2146 in
464 2117 550 2148 Mss.
567 2123 601 2149 ct
616 2118 695 2149 edd.
710 2119 909 2159 quibusdam
925 2131 934 2159 ;
951 2121 1024 2162 ipse
1043 2122 1143 2153 Both.
1161 2123 1245 2162 legit
1260 2125 1271 2153 i
1287 2128 1380 2164 alque
1394 2127 1483 2164 exple
1496 2126 1633 2158 animum

178 2162 209 2189 et
230 2168 316 2198 coge,
337 2162 371 2189 ut
397 2162 546 2191 credant.-
571 2166 677 2191 totum
705 2171 836 2192 versum
864 2165 1031 2205 expungit
1053 2165 1146 2205 Guy.
1169 2166 1306 2196 mzimum
1320 2167 1370 2198 his
1386 2168 1501 2200 Guelf.
1515 2172 1633 2201 3.-22

176 2201 297 2232 Salvus
312 2208 363 2232 est
379 2203 478 2232 etiam
496 2203 529 2233 in
547 2204 608 2234 hac
625 2204 773 2235 lectione
789 2215 968 2237 numerus:
992 2207 1051 2238 sed
1066 2218 1109 2238 ex
1127 2208 1246 2240 codice
1266 2210 1425 2241 Petrensi
1453 2212 1541 2252 lego,
1565 2213 1632 2243 Eo:

176 2244 237 2274 etsi
248 2245 311 2274 scio
324 2245 376 2284 pol
389 2244 437 2276 his
451 2255 551 2276 meum
567 2247 653 2284 fore.
698 2248 742 2278 Et
759 2248 941 2280 collocatio
956 2250 1147 2290 elegantior
1161 2256 1224 2282 est.
1248 2252 1346 2284 Bent.
1363 2263 1462 2294 quem
1479 2256 1635 2296 sequitur

178 2286 279 2317 Both.
296 2287 391 2318 Perl.
435 2288 485 2318 his
509 2298 642 2330 quoque
668 2290 745 2330 Bip.
778 2290 840 2322 hiis
856 2292 1002 2323 Eun—23
1027 2293 1141 2333 Νηρία
1166 2299 1197 2325 et
1221 2296 1377 2327 meretrici
1402 2297 1505 2329 Both.
1529 2298 1586 2328 ubi
1601 2303 1631 2330 et

178 2334 231 2360 est
247 2339 309 2370 pro
324 2330 513 2362 etiam—24
537 2332 632 2364 Bem.
659 2333 725 2363 haec
744 2334 864 2372 amicte,
887 2340 924 2364 ut
940 2339 975 2366 et
991 2337 1097 2377 exigit
1115 2347 1242 2368 versuS.
1268 2338 1326 2369 Fa.
1370 2340 1483 2371 Etiam
1500 2341 1632 2372 charta-

177 2381 258 2403 ceus
283 2379 399 2404 noster
423 2373 501 2411 haec,
524 2380 562 2405 ut
585 2375 670 2407 scias
694 2386 713 2406 a
738 2378 921 2408 veterrimo
938 2378 1055 2410 codice
1071 2381 1328 2420 transcriptum.
1375 2382 1456 2413 Haec
1469 2385 1632 2415 feminino

177 2415 302 2454 plurali
329 2425 422 2456 saepe
445 2417 635 2449 habuimus,
660 2419 758 2450 Bent.
783 2420 870 2451 Sunt
887 2421 994 2459 Libri,
1009 2422 1041 2452 in
1061 2423 1182 2463 quibus
1199 2425 1321 2463 est,At
1334 2424 1393 2456 tibi
1407 2427 1514 2457 amica>
1530 2431 1632 2459 erunt.

178 2458 309 2493 Malim,
326 2459 370 2490 At
386 2459 450 2490 haec
465 2461 571 2491 umicae
585 2465 675 2493 erunt
688 2475 698 2493 .-
722 2463 813 2503 quod
838 2473 900 2495 nec
925 2464 1070 2496 insolens
1088 2467 1262 2505 Terentio,
1285 2472 1320 2498 et
1337 2468 1378 2498 ad
1401 2475 1546 2500 metrum
1561 2480 1631 2501 me-

176 2500 252 2531 lius.
281 2502 375 2533 West.
418 2502 499 2533 Haec
513 2504 611 2534 amica
624 2505 687 2535 erit
702 2505 890 2537 Rutu—25
918 2507 1055 2548 Repetit
1070 2509 1214 2540 eundem
1231 2519 1365 2541 seusun]
1384 2511 1540 2543 Lachetis
1553 2513 1634 2544 Phi-

177 2544 313 2585 dippus,
333 2551 366 2575 ut
386 2553 563 2585 appareat,
576 2557 671 2587 aeque
688 2548 820 2588 utrique
835 2549 982 2580 studium
1001 2561 1087 2583 esse.
1132 2552 1294 2583 Ceterum
1313 2563 1428 2585 versus
1444 2555 1499 2586 liic
1515 2557 1630 2587 imme-

178 2587 242 2617 rito
266 2597 494 2627 supervacuus
512 2589 646 2620 videtur
661 2590 792 2622 Fae'rno
807 2597 841 2622 et
859 2593 1010 2633 Guyeto,
1032 2594 1234 2634 jubentibus
1261 2601 1380 2627 contra
1404 2598 1582 2630 Librorum
1595 2599 1634 2629 fi·

178 2628 255 2660 dem
270 2632 431 2668 cognorint
448 2632 575 2672 legere.
617 2633 809 2674 Goveanus,
823 2635 923 2676 Atqui
938 2637 1068 2668 easdem.
1093 2637 1200 2670 West.
1244 2639 1297 2669 Ad
1320 2641 1439 2671 easdem
1463 2641 1582 2673 Guelf.
1597 2645 1631 2673 2.

177 2672 187 2689 ‘
200 2672 303 2704 Hunc
319 2678 427 2704 totum
447 2684 580 2705 versum
595 2675 683 2707 idem
700 2677 786 2707 liber
801 2687 866 2708 nou
891 2679 1007 2719 habet,
1029 2685 1065 2711 et
1091 2690 1173 2712 saue
1201 2691 1469 2721 supervacaneus
1489 2685 1632 2723 videtur,

179 2716 330 2755 quamvis
346 2726 364 2747 a
381 2718 519 2748 Donato
537 2724 684 2758 ponatur
700 2720 806 2759 prima
819 2730 898 2760 pars
915 2723 1006 2762 ejus:
1022 2732 1115 2762 sane,
1131 2724 1158 2754 si
1173 2724 1264 2755 hune
1279 2734 1412 2756 versum
1428 2728 1630 2765 retinemus,

176 2758 338 2796 cognorint
362 2760 541 2801 legendum
557 2770 600 2793 ex
625 2763 758 2795 ratione
774 2773 903 2806 versus,
925 2771 1044 2797 contra
1067 2767 1214 2799 omnium
1239 2767 1400 2802 librorum
1421 2769 1547 2802 fidem!
1572 2770 1632 2801 Fa.
