1966 3302
345 225 431 268 896
841 239 880 267 P.
913 236 1154 268 TEREN'ru
1178 237 1305 269 'AFRt

345 332 464 374 Nam
484 331 586 375 illas
605 345 760 383 errore,
780 337 824 374 et
844 338 887 374 te
911 332 1041 376 simul
1063 335 1318 389 suspicione
1339 335 1559 377 exsolves.

338 401 464 448 BAC.
496 401 642 443 Perii!
673 401 811 454 pudet
843 401 1137 445 Philumenae.
1210 403 1451 462 Sequimini
1481 417 1551 445 me
1583 404 1800 448 huc‘intro

516 470 674 511 ambae.

343 536 429 577 LA.
463 536 586 587 Quid
618 542 699 587 est,
722 537 840 590 quod
862 537 968 578 mihi
990 538 1155 588 malim,
1176 551 1306 592 quam
1330 539 1451 592 quod
1471 539 1574 581 huic
1604 539 1798 594 intelligo

517 605 716 657 evenire3

344 672 407 713 Ut
425 673 608 726 gratiam
630 673 749 714 ineat
770 674 864 713 sine
887 686 968 714 suo
991 673 1240 727 dispendio,
1263 678 1308 714 et
1328 675 1431 715 mihi
1453 676 1626 728 prosit?

340 740 459 782 Nam
491 742 530 782 si
562 745 644 792 est,
675 745 724 782 ut
752 741 848 783 haeo
882 754 996 782 nunc
1030 741 1308 795 Pamphilum
1345 755 1444 783 vere
1481 743 1537 784 ab
1574 757 1621 784 se
1654 757 1796 797 segrez-

510 810 637 863 garit,
1738 811 1796 852 30

329 924 418 961 falsa
439 923 590 964 opinione,
607 927 639 954 et
663 927 693 955 te
714 923 897 964 suspicione,
921 934 1012 964 quam
1033 925 1070 955 de
1095 928 1125 955 te
1148 923 1272 964 habent,
1287 925 1380 957 simul
1398 925 1553 958 liberabis.
1597 926 1667 958 ΒΑ.
1692 927 1796 960 Perii.

338 967 444 998 Pudet
468 976 514 998 me
536 970 662 1007 propter
687 967 911 1005 Philumenam,
935 968 1123 998 conscientia
1147 968 1387 1008 consuetudinis,
1417 979 1507 1009 quam
1532 979 1601 1000 cum
1631 969 1796 1010 Pamphilo

338 1010 443 1041 habui.
479 1009 654 1050 Sequimini
669 1020 716 1040 me
729 1011 762 1040 in
778 1010 856 1041 hanc
871 1011 1004 1048 domum,
1022 1020 1074 1041 vos
1089 1011 1211 1041 ancilloe
1223 1012 1303 1042 ἀπα).
1348 1012 1411 1042 LA.
1439 1012 1524 1048 Quid
1545 1016 1589 1044 est
1603 1014 1680 1053 quod
1694 1013 1797 1052 magis

335 1057 437 1091 optem
449 1053 527 1083 mihi
536 1053 684 1092 accidere,
699 1063 788 1093 quam
805 1055 884 1093 quod
900 1052 1054 1084 Bacchidi
1069 1054 1188 1084 evenire
1202 1054 1288 1084 video
1300 1065 1312 1091 ;
1334 1057 1369 1084 ut
1383 1065 1445 1085 una
1460 1065 1550 1095 opera
1565 1066 1585 1086 α
1599 1065 1647 1086 me
1656 1056 1794 1094 gratiam

336 1095 397 1126 sibi
419 1100 584 1135 comparet,
607 1096 672 1126 sine
695 1098 816 1135 damno,
840 1100 870 1126 et
893 1096 970 1126 mihi
991 1096 1162 1127 utilitatem
1184 1095 1311 1137 afferat,
1326 1097 1461 1137 mihique
1476 1099 1654 1137 commodet,
1666 1099 1798 1130 reconci-

336 1139 439 1170 liando
453 1148 582 1170 uxorem
598 1139 774 1179 Pamphilo,
790 1142 819 1169 et
837 1138 990 1170 Sostratae
1006 1138 1070 1178 ejus
1084 1139 1180 1170 matri
1193 1143 1205 1170 ?
1247 1140 1331 1171 Nam
1343 1140 1371 1171 si
1386 1150 1492 1172 verum
1514 1144 1574 1182 est,
1593 1143 1628 1172 ut
1643 1140 1793 1182 Pamphi-

942 1234 1179 1247 eeeeeeeeeee

334 1301 343 1317 ‘
356 1299 512 1342 Uterque
529 1311 647 1332 versus
665 1300 863 1332 commodus
880 1304 914 1332 et
938 1302 1117 1342 genuinus.
1163 1301 1351 1342 Posterior,
1366 1305 1405 1332 ut
1418 1300 1470 1340 fit,
1485 1301 1518 1331 in
1535 1301 1630 1333 Bem.
1648 1302 1732 1333 etin
1750 1303 1789 1335 C.

336 1345 376 1375 C.
394 1348 428 1375 et
446 1345 604 1376 Petrensi
621 1344 764 1375 omissus
779 1348 853 1382 est3
877 1345 957 1384 quia
980 1345 1023 1376 ab
1040 1347 1084 1376 At
1108 1344 1241 1384 eodem,
1263 1354 1330 1386 quo
1353 1345 1456 1384 prior,
1482 1344 1587 1375 verbo
1604 1344 1791 1378 inchoatur.

335 1387 489 1428 Uterque
504 1397 623 1425 senex,
647 1392 685 1418 ut
703 1397 763 1428 par
778 1392 864 1421 erat,
879 1387 980 1418 fidem
999 1388 1085 1419 hanc
1101 1388 1265 1418 Bacchidi
1283 1389 1387 1424 dant3
1412 1393 1448 1419 et
1463 1387 1568 1427 magis
1586 1387 1791 1428 Phidippus,

334 1430 392 1470 qui
417 1430 463 1461 ibi
487 1429 734 1470 paterfamilias
752 1434 815 1461 est.
840 1430 936 1460 Bent.
972 1431 1081 1461 Deest
1097 1440 1214 1460 versus
1233 1431 1265 1461 in
1291 1431 1331 1461 B.
1364 1431 1445 1461 Item
1461 1430 1517 1460 has
1531 1431 1647 1461 amicas
1661 1431 1735 1469 fore
1749 1449 1792 1455 ·—-

334 1474 495 1511 cognorint
513 1474 615 1504 Both.
638 1472 801 1512 cognorint
824 1473 902 1512 ssip.
920 1474 1101 1505 Fert—26
1123 1474 1208 1504 Vice
1233 1483 1304 1504 nam
1329 1478 1382 1503 est
1408 1474 1526 1504 nullam
1548 1473 1580 1503 in
1599 1474 1657 1504 ΒΓ.
1672 1474 1791 1506 Guelf.

336 1519 366 1546 1.
383 1516 467 1547 GM.
486 1516 566 1548 Hal.
598 1517 677 1547 alius
694 1526 712 1546 e
730 1525 779 1556 pr.
797 1525 839 1545 m.
856 1515 971 1547 Guelf.
986 1519 1017 1547 3.
1049 1516 1141 1547 simul
1157 1526 1259 1547 errore
1275 1515 1390 1547 Guelf.
1408 1518 1438 1546 2.
1472 1516 1566 1546 simul
1581 1519 1610 1547 te
1625 1516 1741 1548 Gueif.
1759 1520 1791 1548 1.

334 1559 395 1589 Br.
417 1563 425 1576 ‘
443 1560 550 1590 evelles
572 1559 638 1590 Ms.
666 1558 720 1590 R.'
744 1559 924 1590 Lina—27
949 1560 1051 1590 Pudet
1068 1569 1114 1590 me
1128 1559 1211 1590 GM.
1227 1564 1262 1589 et
1285 1563 1292 1575 ‘
1307 1559 1391 1589 Mss.
1408 1564 1444 1589 et
1460 1558 1542 1590 editi
1560 1558 1695 1599 quidam
1715 1566 1790 1599 post

334 1600 418 1632 EP!
446 1602 546 1634 West.
591 1604 599 1619 ‘
617 1602 694 1633 Non
712 1606 840 1632 temere
865 1607 929 1641 est,
952 1602 1044 1643 quod
1070 1611 1134 1633 nee
1151 1603 1247 1633 Rem.
1271 1611 1334 1632 nec
1359 1602 1450 1632 Don.
1465 1601 1590 1633 habent
1604 1601 1790 1634 dictionem

333 1644 414 1680 huc-,·
438 1645 561 1685 aliique
582 1645 673 1684 libri,
688 1645 745 1685 qui
762 1654 834 1675 eam
851 1644 989 1683 liabent,
1013 1645 1135 1686 partim
1160 1644 1300 1676 dictioni
1324 1644 1408 1675 intro
1426 1650 1638 1685 praeponunt,
1662 1645 1786 1684 partim

333 1692 567 1728 postponunt3
591 1698 633 1719 ex
650 1698 716 1729 quo
733 1692 888 1728 apparet,
913 1693 950 1719 ut
966 1688 1191 1724 subdititiam,
1208 1691 1340 1719 certum
1354 1697 1427 1718 eam
1442 1688 1551 1718 locum
1565 1697 1629 1718 non
1646 1688 1790 1721 habere:

334 1740 517 1771 pronomen
536 1741 616 1762 vero
632 1741 680 1761 me
696 1740 762 1761 non
780 1734 857 1771 post
871 1732 1047 1771 sequimini,
1069 1731 1129 1762 sed
1158 1736 1250 1770 ante,
1274 1731 1377 1761 habet
1391 1731 1489 1761 Rem.
1507 1731 1561 1761 alii
1581 1731 1671 1771 libri,
1695 1737 1731 1761 et
1756 1732 1789 1763 hi

334 1775 540 1814 complures,
566 1778 602 1804 et
626 1778 718 1813 ante,
741 1778 776 1804 et
800 1778 875 1813 post
891 1774 1038 1805 habent:
1064 1784 1162 1814 quam
1177 1779 1212 1805 et
1227 1783 1339 1804 veram
1357 1773 1505 1804 arbitror
1521 1774 1712 1812 lectionem,
1729 1774 1786 1806 de-

332 1821 445 1847 tracto
459 1817 620 1848 adverbio
634 1817 702 1848 huc.
726 1817 785 1847 Fa.
820 1817 923 1855 Perii,
935 1819 1029 1858 pudet
1046 1817 1240 1848 Philumenae
1255 1827 1301 1846 me
1313 1828 1322 1846 .·
1345 1816 1507 1856 sequimini
1521 1826 1568 1846 me
1581 1817 1665 1846 intro
1680 1818 1787 1849 amboe.

330 1860 387 1890 Sic
410 1860 504 1891 dedit
529 1860 692 1891 Faernus.
739 1859 805 1890 Sed
833 1861 942 1890 nostri
970 1860 1119 1891 universi
1135 1860 1193 1890 huc
1207 1859 1343 1890 habent.
1389 1860 1544 1898 Repone,
1569 1859 1669 1897 Perii,
1694 1861 1789 1900 pudet

333 1903 547 1933 Philumenae:
569 1913 623 1933 vos
637 1902 802 1943 sequimini
817 1902 900 1933 intro
916 1904 973 1933 huc
986 1902 1093 1933 amboe.
1136 1903 1192 1933 Sic
1208 1905 1217 1919 ‘
1230 1902 1417 1943 Sequimini
1429 1901 1437 1915 '
1462 1902 1616 1933 absolute
1635 1903 1721 1933 Eun.
1738 1913 1787 1934 iv.

332 1948 362 1977 7.
377 1949 412 1978 2.
434 1950 470 1977 et
494 1946 596 1976 Phor.
615 1954 656 1976 ιι.
674 1949 705 1977 3.
721 1948 752 1976 8.
787 1946 797 1962 ‘
810 1946 879 1976 Vos
906 1944 1110 1986 sequimini‚'
1132 1951 1171 1976 ut
1198 1946 1284 1976 Eun.
1301 1954 1355 1976 ιιι.
1374 1947 1405 1975 2.
1423 1947 1475 1976 53.
1500 1953 1565 1975 v11.
1579 1948 1608 1975 2.
1624 1947 1677 1976 46.
1728 1946 1787 1977 Vos

331 1989 443 2028 potius
457 1999 556 2029 quam
574 1989 652 2024 Me:
674 1989 761 2019 utin
782 1998 912 2019 caesura
927 1989 1122 2029 ambiguum
1140 1987 1314 2019 evitetur!
1338 1988 1434 2018 Bent.
1482 1988 1538 2017 Me
1550 1988 1711 2027 sequimini
1728 1989 1787 2019 Br.

331 2032 496 2072 sequimini
510 2042 557 2062 me
571 2032 656 2062 intro
667 2031 725 2062 huc
739 2031 841 2062 Both.
860 2032 966 2062 tacite
983 2043 989 2060 :
1007 2036 1043 2062 et
1055 2041 1134 2062 sane
1150 2032 1233 2062 intro
1248 2031 1307 2061 huc
1323 2030 1400 2061 libri
1416 2029 1554 2071 quidam
1572 2034 1661 2061 teste
1682 2031 1787 2063 West.

330 2077 415 2106 —28
441 2075 501 2106 Ille
516 2075 596 2105 alias
611 2074 661 2105 bis
677 2073 795 2105 Guelf.
815 2076 931 2105 l.—-29
960 2074 1030 2105 Una
1044 2073 1160 2115 prosit]
1191 2074 1357 2113 Donatus,
1378 2074 1476 2104 Bem.
1493 2073 1572 2104 Bas.
1595 2077 1630 2103 et
1655 2073 1733 2104 Vat.
1751 2080 1787 2106 et

330 2118 485 2158 plerique
502 2118 556 2148 ulii
584 2127 648 2148 nou
665 2117 793 2147 habent
807 2127 879 2147 una.
904 2117 992 2158 quod
1019 2123 1053 2148 et
1084 2117 1216 2156 respuit
1232 2126 1362 2147 versuS.
1388 2116 1447 2148 Fa.
1491 2117 1571 2146 Duo
1588 2120 1718 2147 tantum
1743 2126 1786 2148 ex

330 2162 455 2191 nostris
472 2161 602 2191 addunt
629 2170 702 2191 una.
748 2159 814 2190 Sed
832 2159 909 2190 vide
939 2160 1030 2200 ipsos
1050 2169 1178 2198 versus,
1195 2160 1279 2195 Quid
1295 2163 1341 2190 est
1356 2160 1436 2199 quod
1461 2158 1538 2189 mihi
1561 2159 1678 2198 malim,
1695 2170 1786 2200 quam

330 2205 408 2242 quod
431 2203 502 2234 huic
524 2204 668 2241 intellego
692 2203 823 2237 evenire,
845 2204 888 2233 Ut
914 2203 1053 2242 gratiam
1068 2203 1153 2234 ineat
1178 2203 1245 2233 siue
1266 2212 1319 2232 suo
1342 2202 1516 2242 dispendio,
1531 2201 1653 2232 etmihi
1673 2203 1786 2242 prosit.

331 2246 420 2278 Quid
439 2248 500 2278 hoc
524 2247 596 2277 est?
637 2247 722 2281 Quid
737 2245 814 2276 mihi
830 2246 945 2284 malim,
962 2256 1052 2286 quam
1067 2249 1101 2276 ut
1116 2246 1187 2276 sine
1211 2255 1269 2275 suo
1286 2244 1465 2284 dispendio
1486 2244 1563 2275 mihi
1574 2245 1674 2284 prosit
1690 2255 1784 2276 mere-

329 2288 424 2320 trix?
470 2290 589 2329 Immo,
607 2289 723 2329 credo,
740 2289 792 2319 vel
818 2298 893 2319 cum
920 2290 1066 2320 maximo
1081 2288 1285 2327 meretricis,
1303 2297 1401 2328 quam
1426 2287 1526 2318 modo
1549 2296 1656 2327 angue
1687 2288 1786 2328 pejus

330 2333 460 2369 oderat,
473 2332 648 2372 dispendio
664 2332 697 2362 id
715 2331 778 2362 sibi
795 2336 894 2372 optet
909 2342 1025 2362 senex.
1070 2332 1242 2369 Donatus,
1259 2340 1361 2372 prava
1379 2330 1523 2361 lectione
1536 2330 1701 2369 irretitus,
1719 2341 1785 2370 quo

331 2385 396 2405 non
414 2385 449 2405 se
468 2376 599 2405 versat?
644 2376 799 2415 Repono,
812 2384 846 2404 re
870 2376 944 2415 ipsa
970 2384 1024 2405 me
1053 2383 1094 2405 eo
1121 2374 1283 2412 ducente,
1299 2373 1384 2408 Quid
1407 2376 1453 2404 est
1475 2372 1551 2403 mihi
1575 2374 1653 2412 quod
1676 2374 1784 2405 malim

330 2428 419 2457 quam
441 2419 518 2458 quod
540 2418 609 2448 huic
629 2418 774 2457 intellego
795 2418 936 2449 evenire?
964 2419 1007 2448 Ut
1030 2416 1169 2456 gratiam
1183 2416 1286 2447 ineam
1308 2416 1375 2447 sine
1398 2426 1461 2446 meo
1476 2416 1650 2456 dispendio,
1665 2416 1785 2447 etmihi

328 2461 454 2500 prosim.
503 2461 589 2496 Quid
617 2464 674 2498 est,
691 2461 817 2502 inquit,
832 2462 911 2500 quod
928 2455 1013 2491 Mihi
1037 2460 1155 2495 malim,
1178 2469 1270 2499 quam
1293 2462 1326 2489 ut
1348 2459 1486 2498 gratiam
1511 2459 1621 2497 ineam,
1635 2460 1688 2499 &⁴⁶-
1704 2461 1785 2499 quod

330 2503 417 2534 Huic
432 2504 551 2534 evenire
576 2504 733 2542 intellego.
777 2503 896 2541 Vides,
913 2503 1044 2544 opinor,
1062 2503 1264 2534 sententiam
1289 2502 1413 2532 claram
1429 2512 1438 2539 3
1463 2506 1498 2532 et
1513 2511 1580 2532 una
1596 2501 1703 2540 vides,
1717 2512 1783 2542 quo

329 2551 430 2585 pacto
447 2547 613 2582 evenerit,
629 2551 665 2576 ut
682 2547 957 2585 interpolaretur.
1004 2546 1088 2577 Cum
1104 2545 1191 2576 enim
1210 2545 1307 2583 Huic,
1321 2545 1411 2585 quod
1430 2553 1508 2575 vero
1523 2544 1640 2574 ordine
1656 2549 1784 2583 postre-

329 2598 418 2619 mum
448 2594 513 2628 est,
529 2590 561 2619 in
588 2590 699 2621 medio
716 2590 861 2627 veniret,
886 2599 926 2619 eo
954 2589 1090 2628 decepti
1117 2588 1264 2619 Librarii
1294 2597 1456 2628 personas
1476 2587 1599 2627 primas
1617 2587 1724 2618 Ineam
1747 2593 1783 2619 et

329 2632 403 2661 Meo
420 2631 453 2661 in
468 2632 586 2662 tertias
604 2637 831 2663 mutaverunt.
855 2632 952 2663 Bent.
975 2632 1132 2664 ‘Nescio
1155 2640 1196 2661 an
1218 2640 1301 2671 opus
1318 2631 1362 2661 sit
1386 2630 1534 2661 Bentleii
1551 2630 1785 2662 correctione:

318 2674 374 2704 Ji.
402 2674 446 2704 D.
484 2675 654 2705 ‘Codices
683 2675 840 2715 quidam:
867 2675 952 2705 Mihi
975 2685 1037 2705 unu
1059 2674 1180 2714 prosit:
1203 2673 1293 2714 quod
1322 2682 1438 2703 versus
1467 2672 1607 2712 respuit.
1649 2672 1780 2714 Tanaq.

329 2716 450 2755 Faber,
465 2717 605 2757 ejusque
629 2717 698 2748 filia
722 2719 822 2748 Anna
840 2718 1013 2756 Dacieria,
1031 2718 1099 2748 Sibi
1119 2717 1238 2756 prosit:
1263 2716 1451 2747 scilicetne
1476 2715 1605 2746 Laches
1626 2714 1678 2746 bis
1694 2715 1781 2746 idem

329 2758 436 2798 dicat,
453 2761 646 2798 quasivero
670 2761 726 2800 qni
743 2761 887 2800 gratiam
911 2760 954 2791 ab
976 2761 1084 2791 altero
1113 2760 1186 2794 init,
1204 2759 1320 2790 eadem
1347 2768 1450 2799 opera
1475 2767 1540 2789 non
1565 2757 1627 2788 sibi
1652 2758 1784 2798 prosit!

334 2801 428 2833 West.
453 2802 539 2833 Mihi
562 2803 594 2834 in
613 2813 661 2834 vs.
678 2806 731 2834 28.
748 2803 841 2834 delet
857 2804 1044 2835 notin-30
1074 2802 1234 2842 Virginem
1256 2811 1347 2842 quam
1362 2801 1484 2833 omisso
1502 2800 1602 2832 nescio
1617 2799 1732 2834 Guelf.
1751 2803 1784 2833 1.
