1966 3302
328 210 414 252 936
824 220 861 248 P.
895 217 1137 249 TERENTII
1173 218 1290 248 AFRI

329 314 423 356 ΑΝ.
457 313 577 365 Quid
609 313 765 366 agam?
830 312 966 353 PHAE.
998 311 1118 361 Quid
1148 311 1245 352 ais?
1307 310 1398 353 GE.
1432 309 1584 365 Hujus
1613 315 1787 365 patrem

502 379 668 421 vidisse
689 392 773 429 me,
793 383 997 432 patruum
1019 382 1156 420 tuum.

332 450 425 493 AN.
459 447 576 489 Nam
599 446 716 501 quod
738 460 819 500 ego
840 447 943 487 huic
975 459 1092 487 nunc
1129 445 1278 488 subito
1300 445 1440 487 exitio
1462 445 1702 487 remedium
1724 447 1789 488 in-

503 516 677 557 veniam
699 514 850 555 miser!

334 583 467 635 Quod
498 582 538 624 si
568 594 623 623 eo
646 594 755 623 meae
777 581 964 622 fortunae
984 580 1179 631 redeunt,
1213 579 1447 630 Phanium,
1468 579 1550 621 abs
1571 582 1612 620 te
1631 583 1684 620 ut
1704 579 1793 621 dis-

505 649 667 699 trahar,

334 716 477 758 Nulla
509 716 565 756 'st
596 715 701 756 mihi
732 716 824 756 vita
858 713 1134 767 expetunda.
1196 712 1287 755 GE.
1319 712 1434 766 Ergo
1457 711 1585 754 istaec
1606 724 1705 753 cum
1727 712 1793 754 ita

509 783 613 831 sint,
636 781 853 834 Antipho,
1732 779 1794 821 25

334 848 483 890 Tanto
505 848 646 901 magis
679 851 721 889 te
749 847 991 900 advigilare
1014 859 1191 900 aequom
1224 850 1319 887 est:
1351 844 1481 887 fortis
1512 845 1692 887 fortuna
1715 845 1794 887 ad-

507 915 652 970 juvat.

338 983 431 1025 AN.
463 983 566 1025 Non
588 995 684 1023 sum
717 980 838 1034 apud
870 993 951 1022 me.
1013 979 1105 1021 GE.
1135 978 1275 1034 Atqui
1306 991 1416 1033 opus
1447 981 1516 1020 est
1546 991 1665 1021 nunc
1695 991 1795 1020 cum

509 1063 716 1091 maxume
737 1049 886 1098 ut-sis,
906 1047 1104 1102 Antipho
1125 1060 1136 1100 3

340 1116 460 1159 Nam
483 1116 521 1157 si
543 1116 728 1157 senserit
751 1118 793 1156 te
815 1114 1017 1156 timidum
1038 1118 1161 1167 pater
1182 1125 1297 1163 esse,
1319 1113 1599 1154 arbitrabitur

341 1183 671 1225 Commeruisse
692 1183 886 1236 culpam.
958 1181 1095 1222 PHAE.
1126 1180 1231 1222 Hoc
1252 1193 1402 1222 verum
1424 1184 1505 1222 est.
1565 1179 1659 1222 AN.
1691 1179 1798 1221 Non

515 1262 692 1303 possum
715 1247 998 1289 immutarier.

343 1316 431 1359 GE.
464 1316 587 1367 Quid
619 1316 806 1365 faceres,
829 1316 867 1356 si
900 1315 1020 1357 aliud
1055 1316 1232 1368 gravius
1269 1315 1353 1357 tibi
1387 1328 1502 1357 nunc
1537 1314 1799 1357 faciundum

516 1383 661 1423 foret?
1739 1382 1797 1423 30

345 1528 417 1559 ΡΗ.
456 1528 540 1563 Quid
565 1528 656 1566 dicis,
687 1529 793 1558 Geta?
837 1527 904 1558 GE.
929 1526 1035 1565 Hujus
1061 1529 1192 1566 patrem,
1214 1529 1300 1557 tuum
1319 1529 1464 1567 patruum
1490 1525 1710 1566 Demiphonem
1732 1534 1804 1555 con-

342 1571 478 1611 spexisse
492 1571 574 1610 apud
587 1575 721 1610 portum.
766 1568 836 1600 AN.
861 1569 946 1600 Nam
968 1579 1060 1609 quam
1076 1570 1222 1599 medelam
1238 1568 1310 1599 huic
1332 1568 1503 1609 inopinata:
1517 1567 1667 1609 perniciei
1680 1568 1803 1598 nancis-

343 1623 398 1644 car
412 1611 525 1650 infelix
540 1622 595 1651 ego
608 1616 619 1642 ,7
658 1613 748 1647 Quod
763 1612 791 1642 si
814 1622 846 1642 eo
863 1611 1056 1642 miseriarum
1071 1611 1293 1648 meaefortunae
1307 1612 1506 1650 rediguntur,
1524 1611 1693 1649 Phanium,
1705 1609 1759 1641 abs
1772 1612 1804 1640 te

345 1659 382 1686 ut
396 1656 524 1693 avellar,
542 1656 639 1686 ritum
661 1654 794 1694 amplius
807 1655 976 1684 ducendam
993 1664 1056 1684 esse
1080 1663 1141 1684 non
1161 1657 1247 1693 puto.
1293 1653 1361 1685 GE.
1386 1654 1473 1693 Ergo
1487 1654 1550 1684 ista
1564 1663 1632 1684 cum
1646 1652 1695 1684 ita
1707 1651 1806 1683 conti-

343 1698 464 1737 gerint,
480 1701 567 1728 tanto
582 1698 684 1735 magis
706 1696 877 1728 allaborare
900 1699 930 1726 te
955 1697 1053 1727 decet.
1101 1696 1248 1727 Fortibus
1255 1696 1392 1734 fortuna
1406 1695 1590 1726 auxiliatur.
1634 1693 1705 1726 AN.
1729 1695 1804 1725 Non

345 1750 413 1770 sum
424 1741 506 1780 apud
521 1750 576 1771 me.
602 1740 668 1771 GE.
685 1738 784 1779 Atqui
794 1742 913 1778 oportet
928 1748 1008 1769 nunc
1018 1738 1186 1779 prcecipue‚
1200 1742 1234 1770 ut
1250 1740 1331 1779 apud
1347 1741 1378 1769 te
1385 1737 1440 1776 si8,
1453 1737 1609 1778 Antipho.-
1625 1747 1697 1768 nam
1711 1737 1739 1767 si
1750 1747 1806 1777 pu-

347 1786 395 1813 ter
411 1785 481 1813 tuus
495 1785 525 1813 te
542 1784 726 1813 metuentem
742 1782 1012 1821 animadverterit,
1028 1781 1208 1821 opinabitur
1224 1781 1390 1819 tesan-inus
1405 1784 1436 1812 et
1448 1780 1593 1811 delictum
1607 1780 1806 1811 commisisse.

347 1825 419 1855 Pu.
443 1825 514 1855 Hoc
530 1834 632 1855 verum
657 1827 714 1854 est.
761 1822 830 1854 AN.
855 1824 980 1863 Nequeo
1005 1829 1152 1855 naturam
1176 1827 1396 1855 transmutare.
1440 1823 1507 1854 GE.
1532 1822 1617 1857 Quid
1631 1821 1756 1860 faceres
1778 1821 1806 1852 si

348 1867 447 1906 major
460 1867 523 1898 aliu
537 1867 698 1898 calamitas
721 1866 780 1897 tibi
802 1866 965 1906 incideret,
987 1869 1017 1896 et
1037 1867 1187 1906 patienda
1192 1864 1306 1904 soret?
1351 1865 1422 1897 AN.
1448 1866 1527 1896 Cum
1540 1864 1596 1895 hoc
1610 1874 1670 1896 uon
1681 1873 1807 1905 possum

962 1981 979 1991 o
983 1980 998 1991 e
1002 1979 1197 1991 oeeeoeeeco

353 2065 437 2097 Hem
452 2065 467 2097 Ι
487 2065 561 2106 quid
574 2062 644 2096 ais?
669 2064 727 2095 sed
744 2063 942 2105 Antiphone
959 2064 1224 2105 interloquente,
1245 2075 1310 2096 non
1327 2064 1412 2096 dicit
1428 2063 1601 2096 continuo.
1634 2058 1724 2104 Guy.
1736 2062 1806 2095 An-

352 2107 484 2147 tiphoni
502 2108 633 2146 tribuit,
652 2105 786 2138 Occidi!
804 2106 895 2138 hem!
923 2107 1008 2142 Quid
1021 2111 1136 2146 agam?
1158 2107 1268 2139 west.
1314 2107 1358 2139 G.
1386 2107 1527 2138 Faciam.
1572 2105 1616 2138 A.
1649 2107 1809 2147 Eloquere.

355 2151 399 2181 G.
416 2151 510 2181 Modo
525 2151 607 2190 apud
619 2153 756 2190 portum.
794 2149 837 2181 A.
853 2150 1022 2180 Meumne?
1060 2149 1104 2180 G.
1123 2150 1299 2181 Intellexti.
1339 2149 1382 2181 A.
1407 2149 1528 2180 Occidi.
1567 2149 1610 2180 G.
1629 2148 1724 2180 Hem.
1756 2149 1809 2182 Ex

352 2193 405 2223 his
424 2193 549 2232 verbis,
565 2202 641 2234 quae
658 2192 692 2223 iu
708 2192 792 2223 dnos
807 2202 921 2223 versus
938 2193 972 2222 in
990 2192 1145 2223 omnibus
1162 2193 1255 2224 tibris
1272 2192 1435 2223 distincta
1451 2197 1655 2228 suut‚unum
1666 2190 1810 2223 facimus

352 2235 576 2266 Trochaicum
595 2239 831 2266 tetrametrum
848 2235 1098 2274 catalecticum,
1113 2235 1303 2275 cujusmodi
1317 2239 1397 2265 suut
1410 2239 1445 2266 et
1456 2234 1574 2264 ceteri.
1592 2234 1651 2265 Fa.
1677 2234 1806 2266 Recte:

355 2277 416 2308 sed
433 2277 515 2308 illud
535 2277 618 2308 Hem
634 2287 701 2308 uon
716 2277 816 2309 Getae
832 2276 1061 2313 tribuendum,
1078 2277 1138 2308 sed
1156 2278 1338 2308 Phaedriae.
1354 2278 1448 2308 Bent.
1482 2275 1524 2307 Τὸ
1541 2277 1624 2308 Hem
1641 2275 1810 2307 Phaedriae

355 2319 475 2350 tribuit
489 2320 588 2351 Both.
634 2320 689 2350 Ita
705 2326 741 2351 et
756 2320 835 2360 Bip.
854 2321 946 2351 Peri.
961 2320 1169 2359 Delph.——23
1195 2320 1289 2351 Nunc
1303 2319 1438 2350 subitum
1454 2319 1638 2350 Boiu—25
1662 2318 1730 2349 Ista
1744 2319 1811 2350 hoec

356 2361 471 2393 Guelf.
487 2365 518 2393 3.
542 2362 622 2393 Sunt
639 2365 756 2394 2.-26
780 2362 830 2393 ΑΙ.
849 2363 974 2394 Fortes.
1022 2363 1153 2402 Oportet
1181 2372 1242 2402 pro
1268 2372 1387 2402 oequom
1409 2365 1456 2393 est
1480 2359 1597 2392 Guelf.
1613 2362 1733 2392 3.—-28
1754 2360 1813 2392 ΑΙ.

356 2405 443 2435 Nam
456 2405 483 2435 si
499 2408 529 2435 te
542 2405 772 2436 senserit.-—30
795 2405 920 2436 Versus
937 2405 990 2436 hic
1015 2405 1214 2436 hexameter
1238 2409 1303 2440 est,
1331 2405 1357 2435 si
1382 2405 1496 2435 demas
1514 2404 1666 2435 ultimam
1683 2412 1812 2434 vocem.

356 2447 441 2478 Mss.
457 2447 501 2479 G.
518 2451 553 2477 et
570 2447 652 2478 Wit.
679 2447 764 2482 Quid
775 2448 913 2486 faceres,
935 2447 964 2477 si
987 2447 1071 2478 aliud
1095 2447 1169 2487 quid
1181 2446 1322 2486 gravius.
1367 2447 1434 2477 Ms.
1460 2446 1554 2486 Lips.
1581 2445 1712 2485 gravius
1726 2446 1813 2485 quid.

358 2489 468 2521 West.
509 2489 592 2524 Quid
598 2489 733 2528 faceres,
746 2491 775 2520 si
791 2490 876 2520 alind
888 2490 962 2529 quid
974 2489 1105 2528 grat-ius
1118 2489 1176 2520 tibi
1191 2500 1282 2520 nunc.
1307 2489 1359 2520 Ex
1375 2488 1448 2529 quid
1459 2488 1601 2528 gravius,
1613 2486 1651 2518 τὸ
1664 2488 1739 2528 quid
1754 2487 1812 2518 de-

358 2532 466 2562 lemus
483 2541 523 2561 ex
542 2532 746 2563 auctoritate
763 2532 910 2562 omnium
926 2531 998 2563 fere
1020 2531 1196 2570 librorum,
1221 2537 1256 2562 et
1273 2531 1422 2562 Donati:
1447 2535 1482 2562 et
1505 2534 1577 2561 stat
1603 2539 1717 2561 versus
1734 2539 1812 2570 pro-

359 2573 516 2604 ducendo
534 2574 755 2613 posteriorem
773 2574 806 2604 in
822 2574 893 2605 tibi.
918 2574 977 2606 Fa.
1025 2574 1110 2610 Quid
1127 2574 1264 2614 faceres,
1286 2573 1314 2604 si
1334 2573 1422 2604 aliud
1441 2573 1570 2612 gravius
1584 2572 1642 2604 tibi
1656 2581 1739 2603 nunc
1756 2572 1812 2610 sa—

357 2615 621 2653 ciundumsoret?
643 2617 697 2647 Sic
714 2616 886 2655 Faernus;
905 2616 966 2647 sed
982 2617 1101 2655 sentis,
1117 2617 1251 2657 opinor,
1269 2620 1431 2647 accentus
1446 2616 1625 2646 invenuste
1641 2614 1813 2646 collocari.

360 2658 520 2688 Ceterum
538 2658 652 2689 videat
669 2658 711 2689 de
725 2658 792 2690 suis
808 2659 876 2690 illc.
912 2659 1028 2690 Nostri
1053 2659 1198 2690 universi
1222 2658 1296 2699 quid
1321 2658 1461 2696 habent,
1488 2666 1587 2688 versu
1604 2665 1739 2696 quoque
1757 2657 1815 2697 'ju-

360 2699 462 2730 bente
478 2711 486 2730 ι
512 2700 597 2735 Quid
613 2700 746 2739 faceres,
768 2701 797 2731 si
810 2702 896 2732 aliud
911 2701 986 2740 quid
999 2702 1139 2740 gratius.
1183 2701 1192 2719 ‘
1206 2701 1354 2732 Faceres
1365 2699 1374 2714 '
1398 2699 1541 2738 acuitur,
1564 2697 1607 2729 ob
1623 2698 1814 2738 interroga·

361 2740 507 2781 tionem}
531 2742 665 2773 ‘aliud’
689 2744 732 2774 ob
747 2753 890 2784 sequens
907 2744 1125 2775 Eneliticum.
1153 2744 1247 2775 Beni.
1296 2743 1380 2778 Quid
1397 2741 1527 2782 gravius
1549 2741 1611 2772 Br.
1627 2739 1728 2773 Both.
1771 2740 1816 2774 In
