1966 3302
325 228 413 271 930
820 237 863 268 P.
895 234 1138 265 TERENTH
1174 234 1289 265 Arm

329 335 465 376 PHAE.
497 331 617 383 Quid
637 331 752 373 istuc
771 331 875 372 est‘l
936 328 1031 372 AN.
1063 328 1278 381 Rogita&
1289 328 1366 382 qui
1389 332 1477 369 tam
1501 328 1687 370 audacis
1717 327 1783 369 sa-

501 399 664 441 ciuoris
684 398 792 439 mihi
814 396 1021 438 conscius
1043 396 1137 436 sis?

330 468 465 520 Quod
485 467 656 509 utinam
690 478 744 506 ne
772 463 1030 505 Phormioni
1050 462 1098 503 id
1129 460 1312 504 suadere
1332 459 1377 501 in
1396 464 1581 501 mentem
1599 457 1784 502 incidis-

501 538 569 576 set
1754 529 1783 568 5

330 602 434 645 Neu
456 613 526 642 me
549 565 756 652 c’upidum
781 610 834 639 eo
855 597 1120 651 impulisset,
1141 593 1263 650 quod
1283 593 1388 634 mihi
1421 593 1687 648 principium
1716 599 1784 635 est

500 667 618 708 mali.

330 736 436 779 Non
471 734 640 788 potitus
674 745 842 774 essem:
872 731 1026 773 fuisset
1055 735 1149 772 tum
1182 730 1284 772 illos
1315 729 1423 771 mihi
1459 740 1577 782 aegre
1610 727 1784 781 aliquot

498 801 619 842 dies:

327 869 393 911 At
411 882 500 910 non
520 867 777 922 quotidiana
800 879 907 907 cura
926 866 1023 919 haec
1047 868 1225 918 angeret
1250 863 1461 905 animum.
1520 861 1658 904 PHAE.
1690 859 1783 902 Au-

466 966 471 968 >
500 935 588 976 dio.

327 1002 422 1044 AN.
454 1002 575 1043 Dum
605 1006 813 1054 expecto,
846 1012 980 1053 quam
1012 1011 1120 1040 mox
1157 997 1323 1049 veniat,
1355 997 1433 1051 qui
1465 995 1632 1037 adimat
1668 995 1782 1036 hanc

498 1068 605 1110 mihi
626 1067 1009 1108 consuetudinem.

327 1138 464 1179 PHAE.
485 1135 618 1186 Aliis,
639 1135 748 1189 quia
768 1134 872 1176 defit
892 1133 1011 1189 quod
1031 1135 1195 1182 amant,
1217 1144 1332 1185 aegre
1355 1130 1434 1174 'st:
1465 1129 1567 1181 tibi,
1584 1127 1691 1185 quia
1710 1141 1784 1170 su-

499 1207 665 1257 perest,
685 1202 818 1245 dolet.
1726 1195 1786 1237 10

328 1271 493 1313 Amore
517 1269 731 1317 abundem,
753 1268 966 1322 Antipho.

328 1338 449 1380 Nam
472 1343 549 1379 tua
566 1336 744 1390 quidem
760 1336 906 1376 hercle
929 1339 1048 1377 certo
1071 1333 1162 1376 vita
1181 1333 1280 1374 haec
1300 1330 1550 1385 expetenda
1567 1330 1783 1385 optanda-

499 1417 586 1458 que
606 1406 688 1445 est.

328 1473 401 1515 Ita
419 1485 488 1514 me
511 1472 572 1513 Di
592 1471 704 1511 bene
726 1473 888 1518 ament,
918 1473 970 1508 ut
990 1466 1100 1508 mihi
1117 1465 1254 1508 liceat
1279 1467 1369 1506 tam
1388 1463 1481 1514 diu,
1516 1463 1640 1518 quod
1669 1477 1786 1514 amo,

500 1538 584 1579 frui
602 1550 612 1588 ;

329 1610 359 1652 J
363 1620 434 1648 am
457 1604 682 1659 depecisci
699 1607 842 1644 morte
866 1603 1030 1657 cupio:
1061 1606 1112 1643 tu
1133 1600 1347 1655 conjicito
1367 1601 1541 1652 cetera3

328 1726 398 1758 ΑΝ.
425 1727 612 1762 Quoerisne?
633 1726 685 1765 qui
699 1725 759 1756 scis
774 1724 838 1766 ipse
852 1734 914 1755 una
925 1733 1041 1754 mecum
1055 1721 1252 1753 temerarium
1260 1720 1388 1759 facinus
1401 1720 1481 1760 quod
1495 1717 1620 1758 admisi,
1629 1718 1707 1758 quod
1719 1717 1784 1748 uti-

326 1780 397 1800 nam
422 1771 571 1801 Phormio
593 1768 671 1799 mihi
692 1770 819 1798 suadere
840 1776 995 1806 nunquam
1016 1765 1192 1804 cogitasset.
1243 1764 1314 1794 Non
1334 1773 1432 1793 meam
1453 1762 1656 1802 cupiditatem
1675 1761 1715 1791 ad
1730 1760 1788 1791 law

326 1813 452 1852 ‘nuptias
467 1812 672 1850 incitat-isset,
686 1821 752 1851 quae
767 1819 816 1840 res
833 1809 910 1840 mihi
923 1811 1014 1847 capnt
1026 1812 1056 1838 et
1065 1806 1142 1845 fons
1152 1805 1370 1845 infelicitatis;
1394 1808 1506 1835 amatoe
1522 1803 1658 1843 virginis
1667 1811 1787 1843 compos

319 1855 428 1892 sactus
443 1865 503 1885 non
517 1854 650 1893 fuissem
663 1864 673 1884 .-
696 1862 778 1891 crgre
794 1856 825 1883 et
846 1851 1047 1891 impatienter
1063 1860 1100 1880 ea
1121 1859 1170 1880 me
1183 1849 1304 1889 privari
1327 1849 1396 1878 illos
1410 1847 1528 1886 aliquot
1543 1847 1609 1877 dies
1622 1845 1763 1876 tulissem
1772 1855 1786 1881 ‚·

328 1901 392 1928 esto
406 1908 417 1934 ;
441 1901 475 1927 at
507 1897 599 1928 solitu
615 1897 679 1927 hoec
702 1895 866 1926 solicitudo
891 1893 1028 1923 animum
1056 1902 1116 1922 non
1140 1893 1304 1931 premeret.
1349 1890 1421 1921 ΡΗ.
1446 1889 1561 1920 Audio.
1605 1887 1678 1920 ΑΝ.
1700 1888 1789 1918 Dum

328 1941 443 1971 anxius
457 1943 568 1978 metuo,
587 1949 625 1969 ne
646 1948 736 1978 quum
751 1938 813 1968 cito
828 1936 897 1976 quis
910 1936 1022 1970 irruat,
1047 1934 1099 1974 qui
1114 1944 1161 1964 me
1176 1933 1339 1964 abstrahat
1358 1932 1396 1962 ab
1411 1931 1502 1970 hujus
1515 1931 1652 1970 virginis
1665 1939 1786 1969 posse-3·

327 1983 424 2014 sione.
470 1983 542 2013 ΡΗ.
566 1981 633 2012 Alii
648 1981 831 2018 tristantur,
846 1978 919 2018 quia
933 1978 967 2007 id
981 1978 1059 2017 quod
1072 1979 1190 2013 amant,
1206 1985 1255 2006 eos
1269 1975 1372 2015 daeficit
1385 1985 1395 2010 ,·
1418 1977 1451 2004 tu
1460 1983 1542 2013 vero,
1554 1983 1588 2005 eo
1602 1974 1681 2014 quod
1695 1981 1785 2012 supe-

325 2028 388 2063 rat,
405 2025 499 2056 doles.
544 2024 670 2055 Amoris
676 2022 834 2060 felicitate
847 2020 961 2062 affluis,
977 2019 1126 2059 Antipho.
1174 2019 1260 2048 Nam
1278 2027 1336 2057 per·
1360 2017 1527 2048 Herculem
1542 2019 1605 2047 tuae
1625 2015 1700 2046 vitoe
1715 2023 1786 2044 con—

328 2067 405 2098 ditio
418 2066 618 2107 proculdubio
632 2065 834 2096 desideranda
857 2066 911 2093 est.
956 2062 1009 2093 Ita
1024 2061 1100 2091 mihi
1117 2060 1176 2092 Dii
1199 2059 1262 2090 sint
1279 2060 1420 2100 propitii,
1441 2062 1477 2089 ut
1492 2058 1570 2090 mihi
1583 2058 1705 2089 tamdiu
1719 2056 1786 2095 ejus

328 2111 407 2149 quod
420 2119 501 2151 amo,
516 2109 602 2150 copia
614 2108 692 2150 fiat,
714 2106 860 2148 quamdiu
864 2105 909 2147 fit
925 2105 996 2144 tibi,
1011 2107 1110 2135 morte
1121 2106 1252 2143 paratus
1266 2112 1332 2134 sum
1345 2101 1473 2142 pacisci.
1522 2102 1635 2133 Cetera
1649 2098 1764 2139 conjice
1774 2109 1787 2136 ;

937 2197 1173 2211 OOOOOOOOO‘OO

329 2269 463 2304 Quodni.
496 2269 579 2308 Eug.
594 2267 657 2299 nisi
665 2267 810 2305 fuissem.
839 2264 954 2298 Guelf.
969 2269 1000 2297 1.
1017 2265 1158 2302 Qui.—4
1183 2263 1328 2295 Linacer
1342 2261 1419 2292 mihi
1434 2260 1572 2292 conscius
1584 2259 1654 2292 sim.
1676 2259 1785 2290 west.

328 2313 406 2343 Non
423 2312 512 2343 solus
530 2311 626 2342 Bem.
646 2310 703 2340 sed
721 2309 825 2340 nostri
842 2318 963 2347 magno
981 2317 1121 2339 numero
1136 2307 1276 2338 conscius
1297 2305 1354 2337 sis.
1399 2302 1465 2334 Sed
1491 2302 1672 2343 legendum
1700 2301 1786 2337 Quid

325 2353 430 2387 istuc?
449 2354 604 2393 Rogitas?
629 2352 765 2392 Alioqui
782 2351 976 2382 octonarius
995 2351 1112 2391 plenus
1128 2348 1190 2380 fiet
1203 2347 1395 2379 lambiens:
1415 2346 1516 2386 plane
1525 2348 1646 2376 contra
1657 2352 1785 2375 morem

327 2403 430 2438 atque
448 2401 569 2427 artem.
586 2396 684 2426 Bent.
720 2395 778 2426 ΒΓ.
792 2394 929 2425 conscius
943 2394 1013 2424 scis.
1039 2391 1124 2428 Quid
1139 2392 1240 2422 istuc?
1264 2390 1410 2428 Rogitas.
1439 2387 1540 2420 Both.
1553 2387 1646 2418 Perl.
1656 2390 1694 2418 et
1705 2385 1785 2425 Bip.

327 2449 403 2479 quae
426 2438 464 2469 τὸ
484 2439 529 2469 sis
545 2438 657 2469 versui
673 2437 831 2477 sequenti
848 2436 956 2467 addit.
1002 2433 1116 2467 Guelf.
1132 2437 1163 2465 2.
1180 2435 1239 2465 sim
1266 2441 1328 2472 pro
1351 2431 1472 2462 sis—6
1495 2429 1684 2470 Impulisset.
1730 2427 1785 2458 Ita

328 2482 482 2521 plerique
500 2481 584 2512 Mss.
602 2483 638 2510 et
650 2479 745 2510 editi.
768 2479 808 2509 In
821 2479 894 2510 aliis
911 2483 963 2508 est
978 2476 1184 2518 compulisset.
1210 2476 1384 2506 West.—7
1408 2472 1495 2503 Mss.
1510 2472 1694 2503 Leidenses
1704 2468 1786 2510 duo,

327 2533 403 2553 cnm
420 2522 600 2554 Pulmanni
618 2522 739 2557 tribus,
756 2524 822 2551 tum
836 2521 913 2552 illud
928 2520 1015 2551 mihi.
1050 2519 1160 2550 Idem.
1217 2518 1295 2548 Tum
1318 2516 1397 2547 illud
1423 2519 1493 2547 vet.
1507 2514 1585 2547 eod.
1611 2522 1667 2554 ap.
1683 2510 1783 2544 Lind.

329 2566 430 2596 Both.
455 2564 572 2596 Guelf.
590 2568 619 2595 1.
637 2574 701 2595 non
718 2563 822 2594 habet
837 2564 917 2594 illos.
943 2563 1026 2597 Quia
1042 2560 1238 2602 postfuisset
1253 2561 1351 2590 3.—-8
1374 2558 1461 2589 Mss.
1477 2555 1628 2597 quidam,
1643 2557 1783 2594 augeret.

327 2611 391 2638 —9
416 2607 575 2647 Plerique
591 2607 677 2637 Mss.
690 2611 726 2637 et
740 2605 823 2636 editi
838 2613 914 2646 post
927 2605 999 2636 ΕΡ.
1014 2605 1066 2645 qui
1079 2604 1157 2634 hanc
1173 2603 1250 2633 mihi
1264 2602 1393 2633 adimat.
1419 2599 1527 2630 west.
1572 2599 1688 2637 Longe
1704 2605 1785 2627 con-

329 2650 459 2680 cinnius
477 2649 613 2680 codices
629 2648 736 2679 nostri
747 2647 819 2678 fere
836 2657 963 2686 omnes,
984 2648 1035 2687 qui
1051 2647 1082 2677 h.
1104 2655 1147 2676 m.
1162 2645 1282 2676 adimat
1297 2654 1324 2674 c.
1348 2643 1449 2674 Bent.
1492 2640 1549 2672 Ita
1563 2644 1600 2672 et
1614 2640 1672 2671 ΒΥ.
1689 2638 1784 2669 Peri.

330 2692 472 2722 Botlnius
500 2692 596 2731 legit,
620 2691 699 2721 hanc
724 2691 777 2730 qui
797 2690 840 2720 mi
865 2690 1081 2720 adiman—lo
1105 2689 1173 2719 Ms.
1206 2687 1306 2718 Witt.
1332 2685 1403 2726 quia
1427 2682 1515 2724 defit,
1539 2683 1618 2723 quod
1642 2680 1782 2721 cupiunt.

333 2734 439 2764 West.
485 2732 599 2764 Guelf.
616 2736 648 2763 2.
671 2735 750 2773 quod
767 2742 827 2771 pro
853 2732 937 2772 quia,
960 2736 996 2761 et
1019 2735 1122 2762 ament
1140 2739 1200 2770 pro
1224 2729 1427 2760 amant.—11
1451 2724 1783 2757 Br.a1mndans.—12

333 2776 423 2807 Certe
440 2776 518 2816 Bip.
542 2775 666 2815 Delph.
692 2776 740 2805 ita
756 2782 792 2806 et
810 2774 961 2816 plerique
984 2773 1170 2805 eodm—13
1194 2771 1295 2803 Both.
1318 2772 1366 2809 ut,
1382 2767 1670 2800 mammeam—14
1696 2765 1784 2797 Mss.
