1966 3302
519 224 746 256 EUNucffl
782 225 891 255 ACT.
925 227 968 256 v.
1000 227 1069 256 sc.
1104 227 1175 255 ix.
1520 220 1604 260 529

146 324 376 378 1ncipere‘e
407 337 462 366 an
481 324 697 367 fortunam
717 327 979 377 collaudem,
1002 340 1102 381 quae
1126 328 1405 381 gubernatrix
1424 332 1503 372 fuit
1520 348 1529 383 3

149 391 266 443 Quae
287 397 355 434 tot
366 406 453 443 res,
467 397 630 443 tantas,
644 399 735 435 tam
752 400 1004 448 opportune
1018 395 1063 435 in
1077 408 1213 436 unum
1227 397 1442 440 conclusit
1455 399 1568 442 diem
1584 404 1601 441 2

146 459 221 501 An
241 461 326 501 mei
345 460 485 514 patris
506 461 810 511 festivitatem,
833 465 876 502 et
893 463 1154 504 facilitatem
1169 464 1188 503 ¹?
1221 477 1247 504 ο
1268 463 1447 518 Jupiter
1466 468 1475 508 !

144 527 298 578 Serva,
321 528 526 578 obsecro,
551 527 650 569 haec
671 529 803 570 nobis
824 530 956 571 bona.
1016 530 1107 572 PH.
1139 530 1200 572 Di
1219 540 1417 575 vostram
1438 534 1570 577 fidem
1593 538 1601 577 !

317 594 600 636 incredibilia

145 661 364 703 Parmeno
398 662 532 703 modo
565 675 668 716 quae
699 663 915 706 narravit:
962 664 1042 706 sed
1079 665 1154 706 ubi
1186 669 1254 708 est
1289 667 1453 710 frater?
1514 670 1602 712 CH.

318 729 495 772 Praesto
517 730 660 771 adest.
1548 738 1606 779 20

144 797 236 838 PH.
267 795 469 839 Gaudeo.
529 796 617 837 CH.
647 796 770 839 Satis
792 796 953 841 credo:
983 798 1089 840 nihil
1110 803 1179 841 est
1198 801 1369 844 Thaide
1398 803 1482 846 hac
1514 810 1607 855 tua,

314 864 466 915 frater,
487 865 663 918 dignius

145 931 282 983 Quod
304 936 494 974 ametur:
525 932 587 973 ita
605 935 771 976 nostrae
793 937 866 974 est
887 934 1005 975 omni
1028 935 1194 977 fautrix
1215 936 1413 979 familiae.

145 1001 237 1042 ΡΗ.
270 999 384 1040 Mihi
418 1000 541 1041 illam
569 999 759 1042 laudas?
818 1001 909 1042 TH.
940 1002 1088 1044 Perii!
1130 1009 1300 1057 quanto
1332 1005 1475 1047 minus
1507 1009 1603 1061 spei

316 1070 398 1119 est,
418 1071 540 1109 tanto
560 1068 702 1121 magis
725 1081 839 1110 amo.

142 1188 199 1220 di?
220 1199 261 1221 an
282 1194 403 1231 partem
424 1191 525 1223 laudis
546 1192 680 1224 tribuam
695 1191 838 1231 sortunae
862 1203 930 1234 quoe
953 1194 1097 1227 direxit?
1118 1205 1185 1236 quoe
1199 1199 1245 1227 tot
1260 1199 1422 1238 tantasque
1436 1208 1486 1229 res
1500 1208 1604 1239 oppor-

142 1236 215 1263 tune
230 1242 288 1263 uno
309 1234 439 1265 absolvit
454 1233 529 1266 die?
551 1246 591 1266 an
614 1236 675 1266 mei
695 1237 797 1276 patris
820 1236 1043 1268 humanitatem
1066 1241 1097 1269 et
1122 1239 1319 1271 comitatem?
1343 1242 1372 1272 Ο
1394 1242 1534 1281 Jupiter,
1547 1241 1605 1279 sac

139 1284 247 1316 precor
262 1279 297 1307 ut
308 1281 456 1317 perpetua
470 1278 535 1308 sint
549 1278 636 1309 nobis
651 1279 716 1310 hoec
732 1279 819 1310 bona.
866 1280 935 1311 ΡΗ.
961 1281 1022 1311 Dii
1040 1284 1174 1312 vestram
1185 1283 1287 1324 fidem
1299 1283 1315 1314 Ι
1338 1294 1405 1324 quae
1420 1286 1506 1315 modo
1526 1285 1605 1314 Par-

142 1328 230 1349 meno
243 1319 437 1351 incredibilia
451 1321 719 1353 commemoravit?
743 1322 807 1353 Sed
822 1322 875 1354 ubi
898 1327 945 1355 est
957 1324 1086 1362 frater?
1130 1325 1198 1356 CH.
1222 1326 1349 1357 Praesto
1365 1331 1411 1357 est
1426 1339 1434 1361 ,·
1461 1328 1511 1358 hic
1522 1337 1606 1367 proe-

140 1370 210 1391 sens
223 1365 280 1392 est.
326 1363 397 1393 ΡΗ.
422 1363 537 1394 Laetor.
582 1365 650 1395 CH.
679 1365 757 1396 Vere
772 1366 872 1398 credo.
919 1368 1017 1398 Nulla
1042 1370 1089 1398 est
1110 1368 1220 1399 mulier
1244 1374 1298 1399 tua
1323 1369 1377 1400 illa
1393 1371 1510 1402 Thaide
1534 1371 1605 1409 ‹lig-

141 1404 223 1442 ηῶν,
243 1415 310 1445 quae
333 1410 464 1446 ametur,
470 1407 603 1445 frater;
628 1407 676 1438 ita
689 1408 782 1446 favet
804 1413 920 1440 nostra.²
943 1410 1026 1441 omni
1042 1410 1193 1448 samilz'oe.
1238 1412 1312 1443 PH.
1334 1413 1421 1443 Mihi
1434 1424 1505 1444 vero
1521 1414 1606 1444 illam

141 1447 261 1488 laudas,
281 1448 334 1490 qui
356 1449 435 1480 hanc
456 1459 524 1480 amo
540 1453 571 1481 et
585 1451 695 1492 quanti
709 1451 753 1483 sit
768 1452 853 1484 scio?
895 1453 963 1484 ΤΗ.
989 1454 1110 1485 Occidi.
1160 1454 1284 1490 Quanto
1300 1456 1402 1487 minus
1415 1458 1481 1498 spei
1494 1460 1606 1497 restat,

752 1541 850 1554 OOm
852 1542 989 1555 OOOOOOO

141 1609 331 1642 Bembino:
356 1611 414 1642 sed
432 1621 499 1642 non
514 1612 665 1644 attendit
681 1611 723 1645 ad
738 1624 872 1646 versum
888 1616 1054 1656 hiantem,
1071 1616 1124 1658 qui
1138 1626 1229 1648 ausus
1243 1618 1303 1649 sim
1315 1627 1325 1649 :
1336 1617 1395 1650 ubi
1410 1618 1605 1660 synaloepha

141 1658 267 1694 cessat,
283 1654 384 1694 plane
401 1660 520 1686 contra
539 1660 658 1688 artem.
705 1657 750 1687 Et
777 1658 912 1699 quidem
939 1659 972 1689 in
1001 1665 1139 1700 promtu
1156 1666 1209 1691 est
1233 1661 1287 1702 qui
1312 1672 1404 1692 ausus
1417 1663 1493 1693 siem
1508 1672 1605 1703 repo·

140 1705 244 1727 nere:
269 1697 343 1736 sed,
367 1697 395 1728 si
420 1702 522 1729 antea
549 1704 644 1730 recte
666 1699 676 1716 ‘
693 1699 814 1740 dedit,’
841 1706 877 1732 et
904 1708 1026 1742 postea
1051 1703 1301 1743 ‘gubernatrix
1327 1704 1424 1743 fuit3'
1449 1710 1519 1736 tum
1549 1706 1604 1737 hic

137 1748 283 1770 necesse
299 1744 354 1771 est
368 1750 461 1771 ausus
484 1751 561 1780 sum,
590 1747 628 1773 ut
653 1743 742 1773 alter
757 1753 799 1774 ex
815 1744 1009 1775 Meadianis
1036 1746 1151 1778 habet.
1196 1748 1338 1788 Repone
1354 1748 1472 1788 igitur,
1495 1759 1535 1779 an
1558 1760 1604 1781 me

139 1782 193 1822 qui
213 1781 246 1812 id
268 1792 360 1814 ausus
379 1793 458 1815 sum.
489 1784 593 1816 Bent.
646 1786 686 1816 In
715 1796 781 1817 nno
809 1787 885 1818 cod.
913 1789 1015 1819 Bent.
1042 1799 1150 1820 ausum
1175 1799 1255 1829 sum,
1285 1791 1404 1830 probe.
1448 1792 1499 1823 An
1517 1793 1605 1823 illum

141 1823 260 1856 Guelf.
275 1828 308 1856 3.
331 1825 419 1857 Perl.
466 1826 560 1858 Illum
575 1828 634 1859 Br.
683 1829 769 1859 Mihi
791 1829 885 1861 delet
909 1831 1010 1863 Both.
1056 1833 1158 1863 Dedit
1184 1833 1346 1864 consilium
1371 1835 1454 1865 dant
1479 1835 1537 1866 ΒΓ.
1562 1836 1602 1866 Ζ.

140 1867 244 1898 Bent.
271 1868 351 1909 Bip.
376 1869 501 1910 Delph.
548 1870 613 1905 Qui
641 1871 675 1901 id
698 1881 790 1903 ausus
814 1873 872 1904 sim
900 1874 978 1914 Bip.
1008 1875 1134 1914 Delph.
1184 1876 1248 1912 Qui
1270 1877 1346 1907 ida.
1373 1887 1439 1907 sum
1455 1878 1604 1909 Both.—

140 1913 182 1941 16
208 1910 404 1942 Gubernator
430 1913 550 1944 mallet
571 1913 663 1954 Guy.
710 1915 893 1955 Vulgatam
921 1921 1040 1948 tuetur
1066 1918 1176 1949 West.
1234 1919 1509 1959 Congubernatrix
1536 1922 1603 1952 Ms.

139 1953 319 1994 Lips.—-17
343 1954 424 1985 Par.
439 1965 471 1996 p.
488 1965 562 1987 var.
589 1957 669 1987 hunc
693 1967 755 1998 pro
781 1968 887 1991 unum.
911 1960 1090 1991 Fert-18
1115 1962 1241 1993 Felicit.
1265 1973 1325 2002 pro
1341 1963 1463 2001 facilit.
1489 1963 1606 1996 Guelf.

140 1998 172 2027 1.
229 1995 335 2028 ‘An’
364 1997 526 2039 rejiciunt
555 1999 588 2030 in
620 2009 757 2031 versum
788 2004 839 2034 17.
900 2003 1030 2043 Delph.
1062 2008 1098 2034 et
1129 2004 1297 2045 Bip.—l9
1324 2006 1383 2046 Di]
1428 2005 1497 2036 Hic
1528 2008 1603 2046 qui-

138 2038 280 2070 busdam
309 2039 418 2081 [inter
447 2051 530 2083 quos
559 2043 644 2074 Dae.
674 2045 885 2085 numerabis]
923 2046 1056 2077 initium
1101 2051 1154 2078 est
1196 2057 1293 2079 novae
1335 2049 1468 2079 Scenae.
1502 2050 1603 2081 IVesl.

137 2081 251 2122 Vulgo
277 2082 350 2114 sine
376 2083 598 2117 distinctione
621 2085 656 2116 S.
679 2097 707 2117 o.
726 2087 759 2118 h.
776 2087 862 2119 nobis
875 2089 953 2120 bona
981 2090 1054 2129 (vel
1084 2089 1161 2120 bona
1187 2090 1301 2131 nobis).
1338 2091 1397 2131 Di,
1426 2093 1481 2132 ὅγε.
1505 2094 1603 2133 quasi

139 2133 207 2155 una
231 2125 307 2156 liaec
334 2125 446 2158 Scena
470 2132 576 2167 esset,
600 2129 690 2170 quod
710 2129 834 2161 falsum
863 2132 976 2172 arguit
992 2142 1111 2163 versus
1137 2135 1187 2165 12.
1204 2134 1300 2165 Both.
1327 2135 1384 2175 qui
1408 2144 1493 2165 voce
1519 2136 1601 2166 ‘Di'

137 2175 259 2198 novam
281 2168 425 2200 Scenam
455 2169 603 2211 inchoat,
627 2176 663 2202 et
684 2172 732 2204 sic
760 2173 908 2205 dividit:
944 2175 1003 2213 Di,
1029 2179 1166 2206 vostram
1190 2177 1318 2217 fidem!
1341 2178 1535 2217 incredibile,
1560 2180 1602 2211 P.

138 2219 181 2240 m.
205 2212 288 2250 quod
313 2211 483 2243 narravit!
502 2212 506 2254 Ι
527 2213 580 2244 Set
601 2214 653 2245 ubi
673 2218 720 2246 est
737 2215 867 2253 frater?
907 2217 1029 2248 Praesto
1055 2220 1153 2250 adest.
1175 2218 1179 2260 Ι
1203 2220 1342 2256 Gaudeo,
1376 2222 1430 2259 ξε.
1481 2222 1603 2254 Monet

138 2252 200 2285 Fa.
229 2253 308 2285 bona
329 2255 415 2285 nobis
431 2265 506 2286 esse
522 2256 556 2286 in
571 2266 601 2287 ο.
619 2257 640 2289 l.
657 2266 682 2287 s.
709 2263 745 2289 et
769 2259 873 2290 Bent.
891 2260 939 2291 ita
955 2270 1030 2291 esse
1059 2261 1093 2291 in
1118 2262 1196 2293 suis.
1241 2263 1299 2293 Sic
1323 2263 1407 2294 daut
1424 2264 1482 2295 ΒΓ.
1500 2265 1601 2296 Bent.

138 2295 236 2328 Peri.
272 2297 368 2328 Voce
390 2298 400 2314 ‘
413 2297 501 2329 bona
515 2299 524 2313 '
537 2299 681 2331 Scenam
697 2301 862 2333 claudunt
885 2302 970 2334 GM.
986 2308 1020 2333 et
1038 2303 1158 2336 Guelf.
1171 2309 1201 2336 1.
1215 2310 1251 2337 et
1266 2316 1350 2337 voce
1374 2307 1383 2323 ‘
1398 2307 1446 2336 Di
1458 2307 1465 2318 '
1482 2308 1603 2348 incipit

138 2338 218 2380 Bip.
255 2339 402 2371 Scenam
428 2342 654 2374 undecimam.
691 2344 801 2376 Notat
831 2345 967 2377 Bruns:
991 2347 1000 2363 ‘
1018 2346 1081 2387 Di]
1104 2347 1248 2379 Inchoat
1275 2359 1389 2380 versus
1416 2359 1536 2380 novam
1563 2352 1602 2381 li-

138 2390 251 2420 neam,
274 2383 370 2423 quasi
388 2384 519 2415 initium
532 2385 577 2416 sit
593 2395 689 2417 novae
707 2387 855 2419 Scenaess
880 2388 1037 2420 Incredib.
1052 2394 1125 2420 sunt
1142 2390 1257 2422 Guelf.
1270 2395 1389 2423 3.—20
1416 2393 1539 2424 Proesto
1555 2398 1603 2425 est

139 2422 254 2457 Guelf.
270 2428 301 2457 3.
321 2430 357 2457 et
374 2426 649 2468 Delph.—21-23
675 2430 771 2461 Niliz'l
786 2434 831 2461 est
846 2431 964 2462 Thaide
979 2435 1034 2463 lua
1045 2433 1188 2473 dignius]
1215 2435 1348 2466 Desunt
1365 2436 1419 2466 hic
1436 2441 1514 2476 post
1530 2436 1602 2467 dic-

138 2467 266 2498 tionem
291 2473 299 2486 ‘
316 2468 448 2500 Thaide
461 2469 471 2484 '
499 2471 566 2501 duo
582 2472 697 2510 verba,
717 2483 792 2513 quae
810 2475 842 2504 in
856 2484 887 2505 o.
904 2475 927 2505 1.
946 2485 970 2506 s.
988 2480 1079 2513 sunt,
1101 2476 1286 2515 hacfrater.
1335 2478 1379 2509 Et
1394 2478 1426 2508 in
1443 2481 1602 2520 sequenti

137 2519 238 2541 versu
254 2511 352 2543 Bem.
378 2512 496 2552 habet,
518 2514 565 2544 ita
588 2518 702 2545 nostrae
717 2517 815 2547 omnis
830 2521 875 2548 est
896 2517 1028 2555 fautrix
1045 2518 1077 2556 f.
1107 2524 1142 2550 et
1170 2525 1289 2551 recte:
1314 2520 1466 2552 dicemus
1496 2522 1601 2560 enim,

137 2552 219 2584 Sum
231 2553 345 2585 fautor
361 2555 424 2594 tui,
449 2556 537 2596 quod
557 2556 591 2587 in
606 2567 689 2588 casu
707 2559 809 2590 dandi
826 2570 891 2591 non
910 2565 1040 2591 temere
1057 2562 1220 2602 reperias.
1265 2564 1391 2594 Versus
1409 2570 1521 2595 autem
1553 2566 1602 2596 ita

137 2595 172 2626 in
199 2596 389 2629 trochaicos
406 2599 625 2630 ordinamus:
649 2601 790 2633 Gaudeo.
815 2602 903 2634 Satis
929 2605 1041 2634 credo.-
1064 2605 1146 2635 nihil
1170 2609 1215 2636 cst
1246 2607 1365 2637 Thaide
1392 2608 1460 2647 hac,
1478 2607 1599 2648 frater,

137 2641 192 2669 tua
211 2638 216 2678 1
236 2639 378 2679 Dignius
387 2643 464 2681 quod
480 2646 611 2681 ametur,
632 2644 680 2674 ita
705 2649 820 2675 nostra>
841 2646 966 2676 omni'st
983 2646 1116 2684 fautrix
1134 2648 1283 2686 familioe.
1305 2647 1311 2690 Ι
1334 2650 1419 2681 Mihi
1435 2650 1519 2681 illam
1534 2652 1600 2681 laa-

139 2681 218 2714 das?
241 2683 351 2714 Perii:
365 2689 478 2724 quanto
491 2686 593 2716 minus
604 2686 669 2725 spei
681 2691 739 2725 est,
751 2691 838 2718 tanto
854 2689 956 2727 magis
969 2699 1048 2720 anzo.
1068 2690 1126 2721 Fa.
1152 2692 1273 2722 Nostri
1292 2702 1406 2723 omnes
1422 2694 1479 2724 hac
1491 2694 1601 2730 frater·

137 2724 285 2764 habent3
309 2735 393 2757 unus
408 2732 540 2758 tantum
556 2729 656 2759 omnis
670 2739 745 2760 cuin
762 2731 941 2762 Bembino.
987 2733 1075 2763 Vide
1091 2743 1172 2764 vero
1190 2735 1388 2775 superstitio
1406 2737 1484 2776 quid
1502 2736 1601 2768 facit.

140 2767 190 2799 Ut
217 2769 332 2799 faveat
355 2770 524 2801 Bembino
541 2771 704 2814 Faernus,
719 2781 823 2814 negat
841 2773 918 2805 Sum
930 2775 1043 2813 fautor
1064 2776 1122 2807 tibi
1140 2778 1226 2809 bene
1245 2778 1363 2809 Latine
1381 2779 1460 2810 dici.
1508 2781 1596 2812 Quid

225 2822 340 2862 Delph.
352 2827 383 2855 et
402 2824 476 2854 Var.
491 2825 576 2855 Clas.
800 2828 923 2859 Terent.
1440 2835 1460 2863 2
1485 2833 1514 2863 L
