1966 3302
460 216 879 248 HEAUTON'HMOR.
914 216 1025 247 Ac‘r.
1052 216 1115 246 lv.
1151 217 1218 247 sc.
1243 217 1286 246 v,
1521 207 1607 248 629

151 315 209 357 Et
229 313 406 368 quidem
419 313 597 368 jubebit
619 312 761 365 posci.
823 310 910 352 CH.
942 310 1242 361 Quamobrem
1262 311 1393 361 istuc,
1416 311 1558 366 Syre?

152 382 270 424 Nam
290 395 491 435 prorsum
512 381 614 421 nihil
638 380 847 432 intelligo.
909 379 993 419 Si.
1027 378 1145 420 Hui!
1176 378 1328 420 tardus
1351 392 1413 419 es.

150 449 240 491 CH.
272 450 494 491 Fortasse.
555 449 640 490 Sis.
682 447 926 499 Argentum
947 446 1125 487 dabitur
1146 446 1188 487 ei
1206 446 1262 487 ad
1283 446 1475 500 nuptias,

150 520 332 568 Aurum,
355 523 485 571 atque
501 521 681 565 vestem,
702 516 795 569 qui,
819 515 1033 555 tenesne?
1095 513 1184 556 CH.
1215 513 1488 568 Comparet‘?
1549 514 1604 554 30

150 586 231 626 SY.
257 585 311 626 Id
331 586 489 639 ipsum.
523 584 611 625 CH.
634 584 695 624 At
719 597 801 636 ego
823 583 889 624 illi
909 595 1050 636 neque
1071 582 1144 632 do,
1166 596 1308 636 neque
1331 582 1603 636 despondeo-

149 653 235 695 SY.
277 653 409 695 Non'!
455 654 737 706 quamobrem
753 653 770 693 ’ἶ
833 651 921 693 CH.
970 649 1268 701 Quamobrem
1282 651 1301 690 ‘i
1333 663 1402 691 me
1445 651 1601 703 rogas?

318 720 481 761 homini
499 721 508 761 ἔ
568 721 652 761 SY.
686 720 748 761 Ut
767 720 900 761 lubet.

149 788 254 830 Non
270 783 351 841 ego
370 787 587 838 dicebam,
608 787 653 828 in
673 790 935 841 perpetuum
955 785 1078 827 illam
1099 785 1162 826 illi
1183 789 1234 826 ut
1250 784 1396 835 dares,

149 930 285 957 nostram
309 935 372 957 esse
401 925 589 967 reperimus?
632 925 694 957 Sv.
718 925 880 962 Eamlem;
903 929 933 957 et
958 929 1039 956 certe
1064 924 1223 956 mandabit
1248 934 1314 955 eam
1337 934 1356 954 α
1382 927 1412 954 te
1427 923 1601 955 inuxorenz

143 969 222 1009 peti.
266 969 334 1000 CH.
361 969 427 1000 Cur
447 969 527 1000 dicis
550 969 646 1008 istud,
669 967 771 1009 Syre?
793 978 866 999 nam
891 967 1013 999 omnino
1027 977 1194 998 sermonem
1219 971 1305 998 tuum
1319 977 1380 998 non
1395 966 1495 1007 capio.
1539 967 1601 998 SY.

155 1011 231 1052 Vah,
245 1022 336 1053 quam
354 1011 439 1042 tardi
461 1022 493 1043 es
514 1011 645 1051 ingenii,
657 1013 709 1052 qui
725 1011 817 1042 verba
828 1021 894 1041 mea
910 1021 969 1041 non
984 1010 1113 1051 capias!
1158 1011 1226 1041 CH.
1252 1011 1397 1042 Fortasse
1412 1010 1445 1039 id
1466 1010 1498 1040 in
1513 1019 1605 1040 causa

146 1058 204 1086 est.
246 1056 308 1086 SY.
333 1055 473 1086 Pecunia
488 1055 614 1086 dabitur
629 1054 742 1085 Clinia>
759 1056 799 1085 ud
824 1054 961 1093 nuptias,
985 1064 1044 1094 qua
1069 1057 1150 1084 emat
1173 1056 1351 1084 ornamenta
1377 1063 1482 1089 aurea,
1513 1053 1600 1083 indu-

147 1101 262 1138 menta,
286 1098 432 1128 mundum
446 1101 476 1128 et
499 1098 757 1138 suppellectilenz3
782 1097 974 1135 intelligisne
990 1095 1007 1128 ,⁹
1051 1097 1121 1128 Cn.
1147 1097 1314 1127 Pecuniam
1343 1106 1404 1136 qun
1430 1099 1511 1126 emat
1541 1095 1603 1126 sibi

147 1139 245 1172 talia?
289 1140 351 1171 SY‘.
389 1140 531 1180 Idipsum
555 1144 611 1172 est.
655 1140 728 1171 CH.
751 1139 814 1170 Sed
838 1149 895 1178 ego
913 1140 1062 1170 Chremes
1075 1149 1170 1179 neque
1186 1140 1235 1178 (Io,
1248 1148 1343 1178 neque
1358 1139 1487 1179 spondeo
1493 1138 1602 1179 filiam

146 1193 245 1213 meam
257 1183 291 1213 in
306 1192 443 1215 uxorem.
487 1185 546 1214 ΞΥ.
573 1184 676 1219 Quare
698 1193 758 1214 non
786 1184 868 1213 das?
914 1183 984 1214 CH.
1011 1180 1138 1217 Quare?
1172 1192 1246 1213 mim
1276 1182 1309 1212 id
1337 1182 1450 1222 quoeris
1480 1192 1499 1211 ct
1530 1185 1600 1212 me?

138 1225 244 1267 filium
258 1235 354 1256 mmm
371 1227 439 1257 dem
464 1236 588 1257 uxorem
597 1226 708 1265 juveni
736 1225 817 1261 huic,
834 1225 886 1265 qui
910 1235 992 1256 more
1000 1224 1138 1264 fugitivi
1159 1226 1241 1255 servi
1263 1228 1385 1265 patrem
1408 1224 1548 1264 reliquit.
1573 1228 1601 1254 et

147 1268 199 1309 qui
215 1269 405 1300 meretricem
417 1273 500 1300 amat
514 1267 530 1301 ζ)
573 1269 634 1300 SY.
658 1269 723 1300 Fac
737 1272 772 1299 ut
787 1268 881 1300 lubet.
926 1269 998 1308 Ego
1013 1279 1074 1299 non
1088 1267 1226 1300 dicebam
1241 1272 1275 1299 ut
1292 1278 1359 1299 eam
1380 1268 1429 1298 illi
1445 1267 1602 1308 propriam

751 1363 996 1376 ememme

146 1434 200 1460 est
212 1429 266 1461 hic
283 1440 398 1462 versus
415 1430 448 1461 in
464 1431 560 1462 libris
576 1431 672 1463 Bem.
688 1435 723 1462 et
739 1430 794 1461 Vi.
815 1431 906 1462 Hanc
921 1440 1031 1471 cupere
1046 1439 1184 1461 uxorem.
1230 1429 1298 1461 CH.
1320 1429 1446 1459 modone
1468 1439 1536 1468 qua>
1552 1428 1602 1459 in-

144 1471 303 1505 venta’st?
324 1474 386 1505 SY.
407 1484 485 1506 eam.
531 1475 675 1505 Videtur
691 1479 727 1505 et
743 1475 821 1505 Bas.
844 1475 1002 1505 habuisse
1027 1475 1164 1508 modone,
1189 1472 1249 1503 sed
1275 1482 1354 1512 pars
1381 1472 1501 1501 ultima
1526 1472 1600 1510 ejus

145 1515 303 1546 dictionis
319 1516 441 1547 abi-asa
455 1515 533 1548 est.'
558 1518 616 1548 Fa.
661 1517 754 1548 Hanc
767 1528 801 1548 se
815 1527 923 1558 cupere
937 1539 945 1548 .
960 1540 967 1548 .
983 1539 991 1547 .
1005 1515 1133 1547 Modon’
1162 1516 1307 1546 Br.—27
1332 1514 1427 1545 Alias
1450 1515 1599 1554 equidem.

146 1559 293 1590 Et·.-—28
316 1561 325 1577 ⁴
340 1559 407 1590 Ms.
424 1560 514 1599 Lips.
532 1569 597 1590 non
614 1560 769 1600 agnoscit
783 1559 820 1590 τὸ
836 1570 879 1591 es.
904 1560 1026 1600 Neque
1045 1560 1118 1590 ΕΡ.
1142 1558 1182 1589 Iu
1201 1558 1275 1588 aliis
1290 1562 1354 1594 est,
1376 1557 1442 1588 Vah
1454 1557 1468 1588 Ι
1491 1559 1601 1588 tardus

143 1611 188 1632 es.
233 1601 363 1633 Gudius
379 1602 421 1633 ad
440 1603 576 1633 Phaedr.
591 1612 648 1634 111.
661 1606 692 1634 6.
709 1605 740 1634 2.
758 1603 854 1642 legit,
873 1603 953 1641 Hui,
970 1612 1062 1642 quam
1077 1603 1186 1633 tardus
1200 1610 1232 1631 es
1243 1600 1269 1632 !'
1301 1601 1409 1632 West.
1454 1600 1600 1631 Prorsus.

145 1644 248 1675 Bent.
274 1645 374 1676 Both.
392 1645 569 1677 perh—29
592 1646 694 1677 Both.
719 1646 767 1676 illi
790 1656 851 1686 pro
875 1647 1003 1676 ei.—30
1026 1645 1113 1676 Mss.
1136 1643 1272 1686 quidam
1298 1648 1333 1674 et
1360 1643 1443 1673 editi
1471 1645 1599 1674 vetusti

146 1692 223 1727 post
241 1686 314 1719 EA.
329 1692 364 1719 et
378 1688 451 1720 ΕΡ.
466 1688 517 1728 qui
532 1692 706 1729 comparet.-
738 1692 882 1720 tenesne?
928 1688 995 1719 CH.
1022 1689 1207 1728 Comparet?
1231 1688 1336 1717 Sensu
1355 1685 1459 1716 nihilo
1473 1685 1602 1716 ‹leteri-

144 1739 215 1760 ore.
252 1731 346 1762 West.
401 1732 410 1748 ‘
426 1731 529 1772 Atque
553 1734 678 1762 vestem.
704 1731 771 1771 qui]
805 1731 950 1762 Sublata
977 1730 1255 1770 interpunctione
1286 1731 1360 1769 tege
1384 1732 1498 1760 vestem
1522 1730 1600 1768 qui!

145 1772 298 1804 Lenzius.
323 1774 382 1805 Br.
401 1783 468 1805 non
483 1774 674 1814 interrogat
688 1781 766 1815 post
787 1776 963 1814 Camparet.
987 1773 1104 1805 Guelf.
1118 1777 1148 1804 1.
1162 1773 1216 1813 qui
1230 1783 1327 1812 comp.
1343 1769 1492 1803 tenesne?
1531 1773 1601 1803 CH.

147 1817 334 1855 Comparet?
357 1819 388 1848 2.
417 1817 461 1848 Ut
481 1820 730 1858 comparet.—3l
755 1818 815 1848 SY.
840 1818 879 1848 Id
900 1817 1009 1857 ipsum.
1055 1815 1123 1848 Cn.
1146 1820 1179 1846 at
1202 1816 1249 1846 illi
1275 1825 1331 1854 ego
1356 1824 1450 1855 neque
1471 1815 1521 1852 do,
1546 1825 1601 1845 nec

86 1885 89 1889 .
143 1861 284 1898 spondeo.
309 1859 429 1891 O.1.s.
445 1863 479 1891 at
490 1870 546 1899 ego
561 1861 630 1897 zui,-
653 1870 719 1900 qua
744 1860 967 1891 collocatione
994 1859 1030 1890 id
1056 1859 1147 1900 quod
1172 1859 1326 1899 sequitur
1353 1858 1455 1898 liujus
1482 1867 1601 1888 versus

144 1906 238 1932 stare
254 1911 318 1933 non
334 1907 460 1942 potest,
477 1903 538 1934 nisi
554 1903 646 1943 legas
661 1904 843 1943 despondeo,
859 1908 897 1933 nt
912 1903 943 1933 iu
961 1903 1017 1934 Vi.
1038 1903 1081 1933 V.
1098 1903 1178 1933 Bas.
1193 1905 1229 1932 et
1249 1901 1403 1932 omnibus
1419 1901 1494 1931 aliis
1512 1899 1599 1940 fere,

143 1948 214 1974 tam
230 1945 389 1986 antiquis,
404 1955 504 1986 quam
521 1946 715 1977 recentibus
733 1947 826 1977 libris
850 1951 904 1977 est
920 1956 929 1977 ι
964 1955 1028 1977 nec
1046 1954 1098 1976 me
1124 1944 1166 1976 ab
1182 1945 1244 1975 lion
1261 1944 1409 1975 dimovet
1426 1943 1600 1975 distinctio

144 1987 270 2018 Donati
283 1987 440 2025 dicentis,
454 1988 464 2006 ‘
481 1988 650 2029 spondere
666 1995 798 2028 patrem
811 1989 946 2029 puellae,
959 1987 1174 2028 despondere
1188 1992 1319 2027 patrem
1337 1986 1564 2017 adulescentis
1578 1987 1601 2017 :'

146 2030 326 2069 perspicue
341 2032 430 2062 enim
447 2037 592 2072 apparet
608 2032 752 2063 Poetam
768 2033 854 2063 hanc
875 2031 1132 2063 distinctionem
1149 2031 1345 2070 negligere:
1371 2040 1447 2060 cum
1464 2028 1551 2060 infra
1566 2030 1599 2059 in

144 2081 290 2112 persona
304 2073 528 2113 ejusdemmet
545 2074 749 2115 Chremetis,
771 2075 877 2115 patris
903 2075 1040 2115 puetlae,
1064 2074 1181 2105 dicat:
1214 2073 1223 2089 ‘
1240 2074 1350 2113 Egon,
1376 2073 1430 2103 cni
1459 2072 1601 2102 daturus

143 2124 209 2145 non
226 2115 298 2151 sim,
315 2120 352 2147 ut
364 2117 395 2147 ei
411 2116 639 2157 despondeam
652 2117 674 2148 ?'
698 2119 810 2159 inquo
828 2127 926 2148 versu
939 2118 1093 2157 legimus,
1106 2126 1166 2148 non
1177 2126 1255 2155 sum,
1267 2125 1310 2146 ex
1324 2116 1410 2146 libro
1422 2115 1602 2151 Bembino,

146 2162 181 2188 et
197 2158 309 2188 inultis
326 2159 413 2197 aliis,
428 2169 504 2190 cnm
522 2160 554 2190 in
572 2160 765 2191 Basilicano
782 2165 818 2192 et
843 2160 1009 2201 aliquibus
1033 2160 1107 2190 aliis
1123 2159 1179 2198 sit,
1189 2169 1250 2190 mm
1264 2159 1323 2189 sim
1335 2170 1345 2189 :
1369 2164 1513 2199 utraque
1532 2159 1599 2188 lee-

145 2200 237 2231 tione
255 2210 370 2232 versus
387 2206 468 2237 stat,
484 2203 536 2233 vel
554 2203 745 2243 abjiciendo
763 2214 796 2241 η,
813 2214 855 2234 ex
884 2204 989 2241 Egon,
1004 2203 1058 2232 vel
1074 2211 1149 2232 eam
1166 2202 1349 2233 dictionem
1368 2201 1399 2231 in
1418 2211 1514 2231 unam
1534 2202 1600 2240 syl-

141 2242 251 2274 labam
267 2245 512 2276 contrahendo.
539 2246 595 2277 Fu.
640 2246 695 2276 Sic
709 2252 743 2276 et
762 2245 878 2277 nostri.
903 2246 999 2277 Bent.
1044 2245 1186 2275 Botliius
1207 2245 1302 2284 legit,
1319 2245 1363 2274 At
1379 2254 1434 2282 ego
1450 2254 1545 2284 neque
1561 2245 1599 2274 (Io

141 2295 235 2326 neque
248 2286 278 2317 ei
291 2287 374 2327 desp,
398 2287 476 2327 ssip.
498 2297 552 2318 nec
570 2289 621 2328 dv,
637 2299 690 2319 nec
704 2290 789 2329 desp.
815 2288 928 2320 Guelf.
945 2291 974 2319 2.
1003 2289 1233 2328 spondeo.-—32
1258 2288 1454 2327 Legenduin
1484 2293 1599 2317 monet

145 2328 248 2360 Bent.
271 2329 356 2361 Nam
370 2335 402 2378 ξι.
432 2330 608 2370 Improbat
632 2332 723 2362 Peri.
759 2331 863 2363 Both.
888 2336 1000 2362 tamen
1025 2331 1161 2371 probat.
1184 2329 1299 2361 Guelf.
1318 2333 1346 2362 1.
1372 2331 1482 2360 omitt.
1530 2330 1599 2360 CH.

144 2387 361 2423 Quamobrem.
405 2390 414 2407 ‘
432 2389 581 2429 Homini]
606 2390 655 2420 M.
673 2396 705 2421 et
724 2390 844 2421 ssoend.
867 2389 986 2421 addit:
1015 2390 1134 2420 Darem
1149 2389 1410 2428 illamfitgitz'vo?
1433 2389 1598 2428 Calplmr-

142 2431 237 2462 nius:
262 2432 395 2463 Homini
410 2432 556 2470 fugitivo
572 2433 673 2464 dabo?
696 2435 886 2474 Utrumque
909 2432 1012 2464 estin
1039 2431 1166 2463 editis·⁹
1192 2432 1288 2462 West.
1335 2432 1345 2448 ‘
1365 2432 1403 2462 In
1422 2431 1551 2462 codicis
1569 2431 1596 2463 C

143 2474 296 2515 margine
307 2475 383 2506 haec
399 2475 549 2515 ascripta
568 2476 670 2506 verbo
686 2477 695 2493 ‘
715 2476 839 2507 homini
853 2475 874 2506 :²
898 2475 1066 2515 ‘fugitivo
1083 2474 1213 2514 darem,
1227 2475 1296 2504 sive
1313 2474 1482 2514 implicito
1499 2474 1598 2504 ineri-

144 2516 244 2548 tricio
259 2517 396 2548 amore.'
442 2518 529 2549 Haec
544 2519 575 2548 in
589 2518 743 2550 ordinem
761 2523 903 2559 recepta
920 2519 997 2550 olim
1013 2517 1132 2556 fuisse,
1149 2527 1191 2548 ex
1208 2517 1407 2557 Calpliurnii
1431 2517 1598 2556 intorpre-

142 2559 273 2591 tatione
288 2559 513 2599 intelligitur!
538 2561 634 2593 Both.
659 2563 715 2603 qui
732 2562 836 2601 igitur
861 2562 1015 2593 lacunam
1040 2561 1137 2601 pouit
1164 2564 1240 2600 post
1264 2561 1273 2576 ‘
1289 2559 1435 2591 homini?
1482 2560 1534 2590 lta
1562 2564 1597 2590 et

142 2601 220 2642 Bt'p.
245 2602 285 2634 In
302 2604 360 2635 ΒΓ.
375 2603 416 2635 τὰ
434 2604 478 2634 Ut
502 2603 584 2634 lubet
601 2613 649 2635 vs.
673 2610 873 2646 sequentem
899 2604 1081 2645 incipiunt.
1123 2604 1133 2620 ‘
1156 2603 1210 2634 Me
1233 2605 1350 2641 rogas?
1372 2602 1505 2642 homini]
1542 2602 1597 2633 lta

141 2644 225 2684 Reg.
242 2647 390 2687 exempl.
405 2646 465 2677 sed
486 2647 569 2676 inire
587 2648 718 2678 variant
731 2648 788 2678 alii
805 2647 924 2688 scripti
947 2647 1028 2679 libb.
1054 2645 1204 2688 quidam,
1232 2655 1279 2676 me
1305 2644 1426 2683 rogas?
1453 2645 1597 2683 fugitivo

140 2688 217 2718 dubo
222 2688 342 2728 filiam,
355 2691 407 2730 ᾅτ.
423 2689 466 2719 al.
483 2688 599 2721 homini
603 2688 746 2729 fugitivo
757 2690 862 2722 dubo?
888 2690 1074 2721 Lind.—33
1099 2689 1149 2720 M.
1174 2691 1339 2729 perpetuo:
1363 2687 1454 2729 quod
1482 2688 1598 2718 laudat

141 2731 273 2769 Rivius,
288 2737 324 2763 et
338 2733 370 2762 in
388 2732 518 2762 duobus
536 2732 620 2763 Mss.
637 2733 720 2773 legit
738 2733 844 2764 Boecl.
860 2734 927 2764 Ms.
952 2733 1044 2773 Lips.
1067 2731 1190 2762 Boend.
1218 2737 1253 2762 et
1276 2730 1357 2760 editi
1384 2730 1498 2771 primi,
1523 2730 1597 2760 Nou

141 2783 197 2813 ego
215 2778 359 2816 perpetuo
386 2774 523 2806 dicebam
549 2778 582 2806 ut
607 2776 695 2811 illam
718 2776 767 2807 illi
795 2776 894 2808 dures.
928 2777 1035 2808 West.
1082 2774 1232 2816 Reponit
1262 2774 1365 2805 Bent.
1412 2774 1484 2805 Non
1506 2783 1531 2804 e.
1564 2774 1595 2803 d.
