<?xml version="1.0" encoding="UTF-8"?>
<!DOCTYPE html PUBLIC "-//W3C//DTD XHTML 1.0 Transitional//EN"
    "http://www.w3.org/TR/xhtml1/DTD/xhtml1-transitional.dtd">
<html xmlns="http://www.w3.org/1999/xhtml" xml:lang="en" lang="en">
 <head>
  <title>
</title>
<meta http-equiv="Content-Type" content="text/html;charset=utf-8" />
  <meta name='ocr-system' content='tesseract 3.04.00' />
  <meta name='ocr-capabilities' content='ocr_page ocr_carea ocr_par ocr_line ocrx_word'/>
</head>
<body>
  <div class='ocr_page' id='page_1' title='image "./pubterentiiafric02tereuoft/pubterentiiafric02tereuoft_0329.png"; bbox 0 0 1966 3302; ppageno 0'>
   <div class='ocr_carea' id='block_1_1' title="bbox 637 221 1668 262">
    <p class='ocr_par' dir='ltr' id='par_1_1' title="bbox 637 221 1668 262">
     <span class='ocr_line' id='line_1_1' title="bbox 637 221 1668 262; baseline 0.005 -5"><span class='ocrx_word' id='word_1_1' title='bbox 637 228 849 259; x_wconf 77' lang='lat' dir='ltr'>HECYRAE</span> <span class='ocrx_word' id='word_1_2' title='bbox 881 229 989 259; x_wconf 62' lang='lat' dir='ltr'><strong>Ac‘r.</strong></span> <span class='ocrx_word' id='word_1_3' title='bbox 1024 229 1075 258; x_wconf 80' lang='lat'><strong>11.</strong></span> <span class='ocrx_word' id='word_1_4' title='bbox 1109 228 1176 259; x_wconf 72' lang='lat' dir='ltr'><strong>sc.</strong></span> <span class='ocrx_word' id='word_1_5' title='bbox 1210 230 1240 259; x_wconf 90' lang='lat'><strong>1.</strong></span> <span class='ocrx_word' id='word_1_6' title='bbox 1582 221 1668 262; x_wconf 78' lang='lat'><strong>819</strong></span> 
     </span>
    </p>
   </div>
   <div class='ocr_carea' id='block_1_2' title="bbox 210 322 1666 380">
    <p class='ocr_par' dir='ltr' id='par_1_2' title="bbox 210 322 1666 380">
     <span class='ocr_line' id='line_1_2' title="bbox 210 322 1666 380; baseline 0.003 -16"><span class='ocrx_word' id='word_1_7' title='bbox 210 322 332 365; x_wconf 86' lang='lat' dir='ltr'><strong>Utin’</strong></span> <span class='ocrx_word' id='word_1_8' title='bbox 353 334 506 364; x_wconf 83' lang='lat' dir='ltr'><strong>omnes</strong></span> <span class='ocrx_word' id='word_1_9' title='bbox 528 322 732 364; x_wconf 85' lang='lat' dir='ltr'><strong>mulieres</strong></span> <span class='ocrx_word' id='word_1_10' title='bbox 750 323 907 364; x_wconf 86' lang='lat' dir='ltr'><strong>eadem</strong></span> <span class='ocrx_word' id='word_1_11' title='bbox 928 337 1057 378; x_wconf 87' lang='lat' dir='ltr'><strong>aeque</strong></span> <span class='ocrx_word' id='word_1_12' title='bbox 1080 324 1296 375; x_wconf 85' lang='lat' dir='ltr'><strong>studeant,</strong></span> <span class='ocrx_word' id='word_1_13' title='bbox 1319 325 1551 380; x_wconf 82' lang='lat' dir='ltr'>nolintque</span> <span class='ocrx_word' id='word_1_14' title='bbox 1574 339 1666 368; x_wconf 89' lang='lat' dir='ltr'><strong>om-</strong></span> 
     </span>
    </p>
   </div>
   <div class='ocr_carea' id='block_1_3' title="bbox 207 391 1666 579">
    <p class='ocr_par' dir='ltr' id='par_1_3' title="bbox 207 391 1666 579">
     <span class='ocr_line' id='line_1_3' title="bbox 383 391 490 431; baseline 0 0"><span class='ocrx_word' id='word_1_15' title='bbox 383 391 457 431; x_wconf 88' lang='lat' dir='ltr'><strong>nia</strong></span> <span class='ocrx_word' id='word_1_16' title='bbox 472 392 490 431; x_wconf 64' lang='lat' dir='ltr'><strong>‘t</strong></span> 
     </span>
     <span class='ocr_line' id='line_1_4' title="bbox 207 457 1666 530; baseline 0.003 -32"><span class='ocrx_word' id='word_1_17' title='bbox 207 457 364 512; x_wconf 81' lang='lat' dir='ltr'><strong>Neque</strong></span> <span class='ocrx_word' id='word_1_18' title='bbox 399 458 665 499; x_wconf 84' lang='lat' dir='ltr'><strong>declinatam</strong></span> <span class='ocrx_word' id='word_1_19' title='bbox 687 458 924 512; x_wconf 84' lang='lat' dir='ltr'><strong>quicquam</strong></span> <span class='ocrx_word' id='word_1_20' title='bbox 946 460 1002 500; x_wconf 90' lang='lat' dir='ltr'><strong>ab</strong></span> <span class='ocrx_word' id='word_1_21' title='bbox 1025 460 1210 501; x_wconf 87' lang='lat' dir='ltr'><strong>aliarum</strong></span> <span class='ocrx_word' id='word_1_22' title='bbox 1232 460 1413 530; x_wconf 62' lang='lat' dir='ltr'><strong>iQio</strong></span> <span class='ocrx_word' id='word_1_23' title='bbox 1437 462 1574 502; x_wconf 86' lang='lat' dir='ltr'><strong>ullam</strong></span> <span class='ocrx_word' id='word_1_24' title='bbox 1600 475 1666 503; x_wconf 90' lang='lat' dir='ltr'><strong>re-</strong></span> 
     </span>
     <span class='ocr_line' id='line_1_5' title="bbox 380 525 1326 579; baseline 0.002 -13"><span class='ocrx_word' id='word_1_25' title='bbox 380 525 562 579; x_wconf 75' lang='lat' dir='ltr'><strong>perias?</strong></span> <span class='ocrx_word' id='word_1_26' title='bbox 1323 529 1326 531; x_wconf 86' lang='grc'>’</span> 
     </span>
    </p>
   </div>
   <div class='ocr_carea' id='block_1_4' title="bbox 206 592 1667 919">
    <p class='ocr_par' dir='ltr' id='par_1_4' title="bbox 206 592 1667 919">
     <span class='ocr_line' id='line_1_6' title="bbox 208 592 1531 648; baseline 0.003 -14"><span class='ocrx_word' id='word_1_27' title='bbox 208 592 365 648; x_wconf 86' lang='lat' dir='ltr'><strong>Itaque</strong></span> <span class='ocrx_word' id='word_1_28' title='bbox 386 594 498 635; x_wconf 86' lang='lat' dir='ltr'><strong>adeo</strong></span> <span class='ocrx_word' id='word_1_29' title='bbox 521 607 609 634; x_wconf 93' lang='lat' dir='ltr'><strong>uno</strong></span> <span class='ocrx_word' id='word_1_30' title='bbox 632 594 776 635; x_wconf 88' lang='lat' dir='ltr'><strong>animo</strong></span> <span class='ocrx_word' id='word_1_31' title='bbox 798 606 950 635; x_wconf 87' lang='lat' dir='ltr'><strong>omnes</strong></span> <span class='ocrx_word' id='word_1_32' title='bbox 973 608 1127 636; x_wconf 86' lang='lat' dir='ltr'><strong>socrus</strong></span> <span class='ocrx_word' id='word_1_33' title='bbox 1150 595 1338 637; x_wconf 87' lang='lat' dir='ltr'><strong>oderunt</strong></span> <span class='ocrx_word' id='word_1_34' title='bbox 1360 610 1501 638; x_wconf 86' lang='lat' dir='ltr'><strong>nurus</strong></span> <span class='ocrx_word' id='word_1_35' title='bbox 1521 612 1531 638; x_wconf 78' lang='lat' dir='ltr'><em>z</em></span> 
     </span>
     <span class='ocr_line' id='line_1_7' title="bbox 207 659 1666 726; baseline 0.003 -24"><span class='ocrx_word' id='word_1_36' title='bbox 207 659 331 702; x_wconf 87' lang='lat' dir='ltr'><strong>Viris</strong></span> <span class='ocrx_word' id='word_1_37' title='bbox 352 674 450 702; x_wconf 88' lang='lat' dir='ltr'><strong>esse</strong></span> <span class='ocrx_word' id='word_1_38' title='bbox 471 661 696 712; x_wconf 78' lang='lat' dir='ltr'><strong>adversas,</strong></span> <span class='ocrx_word' id='word_1_39' title='bbox 718 675 844 716; x_wconf 84' lang='lat' dir='ltr'><strong>aeque</strong></span> <span class='ocrx_word' id='word_1_40' title='bbox 879 663 1074 717; x_wconf 82' lang='lat' dir='ltr'><strong>studium</strong></span> <span class='ocrx_word' id='word_1_41' title='bbox 1109 666 1202 715; x_wconf 64' lang='grc' dir='ltr'><strong>θεῖς</strong></span> <span class='ocrx_word' id='word_1_42' title='bbox 1235 664 1392 705; x_wconf 84' lang='lat' dir='ltr'><strong>similis</strong></span> <span class='ocrx_word' id='word_1_43' title='bbox 1423 665 1666 726; x_wconf 68' lang='lat' dir='ltr'><strong>pertinacia</strong></span> 
     </span>
     <span class='ocr_line' id='line_1_8' title="bbox 379 733 1667 780; baseline 0.005 -11"><span class='ocrx_word' id='word_1_44' title='bbox 379 733 447 769; x_wconf 87' lang='lat' dir='ltr'><strong>est</strong></span> <span class='ocrx_word' id='word_1_45' title='bbox 466 743 476 780; x_wconf 91' lang='lat'>;</span> <span class='ocrx_word' id='word_1_46' title='bbox 1638 736 1667 776; x_wconf 81' lang='lat'><strong><em>5</em></strong></span> 
     </span>
     <span class='ocr_line' id='line_1_9' title="bbox 207 796 1664 850; baseline 0.003 -12"><span class='ocrx_word' id='word_1_47' title='bbox 207 796 261 838; x_wconf 89' lang='lat' dir='ltr'><strong>ln</strong></span> <span class='ocrx_word' id='word_1_48' title='bbox 279 797 519 850; x_wconf 90' lang='lat' dir='ltr'><strong>eodemque</strong></span> <span class='ocrx_word' id='word_1_49' title='bbox 541 810 694 838; x_wconf 87' lang='lat' dir='ltr'><strong>omnes</strong></span> <span class='ocrx_word' id='word_1_50' title='bbox 709 797 817 838; x_wconf 89' lang='lat' dir='ltr'><strong>mihi</strong></span> <span class='ocrx_word' id='word_1_51' title='bbox 837 798 1039 839; x_wconf 81' lang='lat' dir='ltr'><strong>videntur</strong></span> <span class='ocrx_word' id='word_1_52' title='bbox 1056 799 1164 840; x_wconf 91' lang='lat' dir='ltr'><strong>ludo</strong></span> <span class='ocrx_word' id='word_1_53' title='bbox 1186 799 1330 841; x_wconf 81' lang='lat' dir='ltr'><strong>doctae</strong></span> <span class='ocrx_word' id='word_1_54' title='bbox 1354 800 1409 841; x_wconf 81' lang='lat' dir='ltr'><strong>ad</strong></span> <span class='ocrx_word' id='word_1_55' title='bbox 1433 801 1664 845; x_wconf 83' lang='lat' dir='ltr'><strong>malitiam.</strong></span> 
     </span>
     <span class='ocr_line' id='line_1_10' title="bbox 206 864 1643 919; baseline 0.003 -13"><span class='ocrx_word' id='word_1_56' title='bbox 206 864 262 906; x_wconf 90' lang='lat' dir='ltr'><strong>Ei</strong></span> <span class='ocrx_word' id='word_1_57' title='bbox 282 864 403 916; x_wconf 90' lang='lat' dir='ltr'><strong>ludo,</strong></span> <span class='ocrx_word' id='word_1_58' title='bbox 424 867 462 907; x_wconf 89' lang='lat' dir='ltr'><strong>si</strong></span> <span class='ocrx_word' id='word_1_59' title='bbox 482 865 597 907; x_wconf 90' lang='lat' dir='ltr'><strong>ullus</strong></span> <span class='ocrx_word' id='word_1_60' title='bbox 620 871 704 916; x_wconf 89' lang='lat' dir='ltr'><strong>est,</strong></span> <span class='ocrx_word' id='word_1_61' title='bbox 724 866 979 919; x_wconf 78' lang='lat' dir='ltr'>magistram</span> <span class='ocrx_word' id='word_1_62' title='bbox 1001 867 1112 908; x_wconf 86' lang='lat' dir='ltr'><strong>hanc</strong></span> <span class='ocrx_word' id='word_1_63' title='bbox 1132 880 1232 908; x_wconf 87' lang='lat' dir='ltr'><strong>esse</strong></span> <span class='ocrx_word' id='word_1_64' title='bbox 1255 868 1367 909; x_wconf 84' lang='lat' dir='ltr'><strong>satis</strong></span> <span class='ocrx_word' id='word_1_65' title='bbox 1390 873 1508 910; x_wconf 87' lang='lat' dir='ltr'><strong>certo</strong></span> <span class='ocrx_word' id='word_1_66' title='bbox 1531 870 1643 911; x_wconf 87' lang='lat' dir='ltr'><strong>scio.</strong></span> 
     </span>
    </p>
   </div>
   <div class='ocr_carea' id='block_1_5' title="bbox 202 1008 1666 1267">
    <p class='ocr_par' dir='ltr' id='par_1_5' title="bbox 202 1008 1666 1267">
     <span class='ocr_line' id='line_1_11' title="bbox 203 1008 1666 1051; baseline 0.003 -12"><span class='ocrx_word' id='word_1_67' title='bbox 203 1008 270 1039; x_wconf 82' lang='lat' dir='ltr'><strong>hoec</strong></span> <span class='ocrx_word' id='word_1_68' title='bbox 284 1013 330 1040; x_wconf 83' lang='lat' dir='ltr'><strong>est</strong></span> <span class='ocrx_word' id='word_1_69' title='bbox 344 1009 429 1041; x_wconf 77' lang='lat' dir='ltr'><strong>inter</strong></span> <span class='ocrx_word' id='word_1_70' title='bbox 442 1020 492 1041; x_wconf 85' lang='lat' dir='ltr'><strong>eas</strong></span> <span class='ocrx_word' id='word_1_71' title='bbox 508 1011 708 1051; x_wconf 78' lang='lat' dir='ltr'><em>conspiratio,</em></span> <span class='ocrx_word' id='word_1_72' title='bbox 726 1014 755 1041; x_wconf 82' lang='lat' dir='ltr'><strong>et</strong></span> <span class='ocrx_word' id='word_1_73' title='bbox 771 1008 1016 1048; x_wconf 76' lang='lat' dir='ltr'><strong>consoederatz&#39;o?</strong></span> <span class='ocrx_word' id='word_1_74' title='bbox 1038 1015 1071 1042; x_wconf 82' lang='lat' dir='ltr'><strong>ut</strong></span> <span class='ocrx_word' id='word_1_75' title='bbox 1098 1011 1146 1042; x_wconf 82' lang='lat' dir='ltr'><strong>hoe</strong></span> <span class='ocrx_word' id='word_1_76' title='bbox 1168 1021 1271 1042; x_wconf 83' lang='lat' dir='ltr'><strong>omnes</strong></span> <span class='ocrx_word' id='word_1_77' title='bbox 1296 1012 1417 1042; x_wconf 78' lang='lat' dir='ltr'><strong>easdem</strong></span> <span class='ocrx_word' id='word_1_78' title='bbox 1436 1021 1487 1043; x_wconf 87' lang='lat' dir='ltr'><strong>res</strong></span> <span class='ocrx_word' id='word_1_79' title='bbox 1501 1012 1611 1051; x_wconf 69' lang='lat' dir='ltr'><strong>velint,</strong></span> <span class='ocrx_word' id='word_1_80' title='bbox 1635 1017 1666 1043; x_wconf 83' lang='lat' dir='ltr'><strong>et</strong></span> 
     </span>
     <span class='ocr_line' id='line_1_12' title="bbox 203 1053 1665 1095; baseline 0.002 -12"><span class='ocrx_word' id='word_1_81' title='bbox 203 1053 338 1084; x_wconf 76' lang='lat' dir='ltr'><strong>studiose</strong></span> <span class='ocrx_word' id='word_1_82' title='bbox 350 1053 472 1094; x_wconf 78' lang='lat' dir='ltr'><strong>pariter</strong></span> <span class='ocrx_word' id='word_1_83' title='bbox 482 1054 632 1095; x_wconf 81' lang='lat' dir='ltr'><strong>affectent</strong></span> <span class='ocrx_word' id='word_1_84' title='bbox 641 1065 651 1090; x_wconf 91' lang='lat'><strong>,·</strong></span> <span class='ocrx_word' id='word_1_85' title='bbox 673 1064 768 1094; x_wconf 81' lang='lat' dir='ltr'><strong>neque</strong></span> <span class='ocrx_word' id='word_1_86' title='bbox 782 1055 845 1084; x_wconf 78' lang='lat' dir='ltr'><strong>ulla</strong></span> <span class='ocrx_word' id='word_1_87' title='bbox 858 1054 1035 1085; x_wconf 82' lang='lat' dir='ltr'><strong>inveniatur</strong></span> <span class='ocrx_word' id='word_1_88' title='bbox 1046 1064 1114 1094; x_wconf 79' lang='lat' dir='ltr'><strong>quoe</strong></span> <span class='ocrx_word' id='word_1_89' title='bbox 1129 1055 1288 1095; x_wconf 81' lang='lat' dir='ltr'><strong>deflectat,</strong></span> <span class='ocrx_word' id='word_1_90' title='bbox 1298 1058 1329 1085; x_wconf 88' lang='lat' dir='ltr'><strong>et</strong></span> <span class='ocrx_word' id='word_1_91' title='bbox 1341 1056 1464 1086; x_wconf 81' lang='lat' dir='ltr'><strong>recedat</strong></span> <span class='ocrx_word' id='word_1_92' title='bbox 1479 1055 1516 1085; x_wconf 87' lang='lat' dir='ltr'><strong>ab</strong></span> <span class='ocrx_word' id='word_1_93' title='bbox 1532 1056 1665 1086; x_wconf 82' lang='lat' dir='ltr'><strong>aliarum</strong></span> 
     </span>
     <span class='ocr_line' id='line_1_13' title="bbox 202 1097 1664 1138; baseline 0.002 -12"><span class='ocrx_word' id='word_1_94' title='bbox 202 1099 316 1126; x_wconf 80' lang='lat' dir='ltr'><strong>natura</strong></span> <span class='ocrx_word' id='word_1_95' title='bbox 326 1106 337 1126; x_wconf 93' lang='lat'><strong>.·</strong></span> <span class='ocrx_word' id='word_1_96' title='bbox 361 1097 435 1126; x_wconf 70' lang='lat' dir='ltr'><strong>adeo</strong></span> <span class='ocrx_word' id='word_1_97' title='bbox 449 1099 538 1128; x_wconf 81' lang='lat' dir='ltr'><strong>valde</strong></span> <span class='ocrx_word' id='word_1_98' title='bbox 552 1097 648 1127; x_wconf 79' lang='lat' dir='ltr'><em>simili</em></span> <span class='ocrx_word' id='word_1_99' title='bbox 669 1098 783 1133; x_wconf 74' lang='lat' dir='ltr'><strong>animo,</strong></span> <span class='ocrx_word' id='word_1_100' title='bbox 806 1107 906 1128; x_wconf 83' lang='lat' dir='ltr'><strong>omnes</strong></span> <span class='ocrx_word' id='word_1_101' title='bbox 917 1101 1061 1138; x_wconf 72' lang='lat' dir='ltr'><strong>quotquot</strong></span> <span class='ocrx_word' id='word_1_102' title='bbox 1073 1101 1147 1128; x_wconf 81' lang='lat' dir='ltr'><strong>sunt</strong></span> <span class='ocrx_word' id='word_1_103' title='bbox 1164 1107 1267 1128; x_wconf 80' lang='lat' dir='ltr'><strong>socrus</strong></span> <span class='ocrx_word' id='word_1_104' title='bbox 1281 1098 1350 1128; x_wconf 79' lang='lat' dir='ltr'><strong>odio</strong></span> <span class='ocrx_word' id='word_1_105' title='bbox 1366 1107 1463 1128; x_wconf 77' lang='lat' dir='ltr'><strong>nurus</strong></span> <span class='ocrx_word' id='word_1_106' title='bbox 1477 1108 1550 1129; x_wconf 83' lang='lat' dir='ltr'><strong>suas</strong></span> <span class='ocrx_word' id='word_1_107' title='bbox 1564 1108 1664 1138; x_wconf 85' lang='lat' dir='ltr'><strong>prose-</strong></span> 
     </span>
     <span class='ocr_line' id='line_1_14' title="bbox 202 1139 1666 1180; baseline 0.002 -12"><span class='ocrx_word' id='word_1_108' title='bbox 202 1142 355 1177; x_wconf 77' lang='lat' dir='ltr'><strong>quantur:</strong></span> <span class='ocrx_word' id='word_1_109' title='bbox 379 1139 455 1170; x_wconf 76' lang='lat' dir='ltr'><strong>ciris</strong></span> <span class='ocrx_word' id='word_1_110' title='bbox 479 1140 637 1171; x_wconf 69' lang='lat' dir='ltr'><strong>adversari</strong></span> <span class='ocrx_word' id='word_1_111' title='bbox 661 1140 774 1170; x_wconf 78' lang='lat' dir='ltr'><strong>similis</strong></span> <span class='ocrx_word' id='word_1_112' title='bbox 795 1141 947 1178; x_wconf 73' lang='lat' dir='ltr'><strong>voluntas,</strong></span> <span class='ocrx_word' id='word_1_113' title='bbox 965 1144 994 1170; x_wconf 83' lang='lat' dir='ltr'><strong>et</strong></span> <span class='ocrx_word' id='word_1_114' title='bbox 1011 1145 1136 1171; x_wconf 79' lang='lat' dir='ltr'><strong>conatus</strong></span> <span class='ocrx_word' id='word_1_115' title='bbox 1147 1151 1158 1177; x_wconf 90' lang='grc'><em>;</em></span> <span class='ocrx_word' id='word_1_116' title='bbox 1181 1140 1295 1171; x_wconf 78' lang='lat' dir='ltr'><strong>similis</strong></span> <span class='ocrx_word' id='word_1_117' title='bbox 1308 1141 1493 1180; x_wconf 75' lang='lat' dir='ltr'><strong>pervicacia,</strong></span> <span class='ocrx_word' id='word_1_118' title='bbox 1509 1145 1538 1171; x_wconf 83' lang='lat' dir='ltr'><strong>et</strong></span> <span class='ocrx_word' id='word_1_119' title='bbox 1554 1141 1666 1172; x_wconf 74' lang='lat' dir='ltr'><strong>mentis</strong></span> 
     </span>
     <span class='ocr_line' id='line_1_15' title="bbox 203 1180 1663 1221; baseline 0.003 -10"><span class='ocrx_word' id='word_1_120' title='bbox 203 1180 368 1212; x_wconf 81' lang='lat' dir='ltr'><strong>obstinatio</strong></span> <span class='ocrx_word' id='word_1_121' title='bbox 383 1185 437 1212; x_wconf 84' lang='lat' dir='ltr'><strong>est.</strong></span> <span class='ocrx_word' id='word_1_122' title='bbox 485 1183 524 1213; x_wconf 86' lang='lat' dir='ltr'><strong>In</strong></span> <span class='ocrx_word' id='word_1_123' title='bbox 546 1184 651 1213; x_wconf 84' lang='lat' dir='ltr'><strong>eadem</strong></span> <span class='ocrx_word' id='word_1_124' title='bbox 666 1183 768 1213; x_wconf 73' lang='lat' dir='ltr'><strong>schola</strong></span> <span class='ocrx_word' id='word_1_125' title='bbox 783 1183 921 1214; x_wconf 80' lang='lat' dir='ltr'><strong><em>arbitror</em></strong></span> <span class='ocrx_word' id='word_1_126' title='bbox 936 1183 1007 1213; x_wconf 81' lang='lat' dir='ltr'><strong>illas</strong></span> <span class='ocrx_word' id='word_1_127' title='bbox 1023 1184 1162 1214; x_wconf 79' lang='lat' dir='ltr'><strong>eruditas</strong></span> <span class='ocrx_word' id='word_1_128' title='bbox 1177 1193 1240 1214; x_wconf 87' lang='lat' dir='ltr'><strong>esse</strong></span> <span class='ocrx_word' id='word_1_129' title='bbox 1261 1184 1302 1213; x_wconf 87' lang='lat' dir='ltr'><strong>ad</strong></span> <span class='ocrx_word' id='word_1_130' title='bbox 1317 1184 1579 1221; x_wconf 65' lang='lat' dir='ltr'><strong>malsfaciendum.</strong></span> <span class='ocrx_word' id='word_1_131' title='bbox 1624 1184 1663 1215; x_wconf 85' lang='lat' dir='ltr'><strong>In</strong></span> 
     </span>
     <span class='ocr_line' id='line_1_16' title="bbox 202 1223 1662 1267; baseline 0.001 -12"><span class='ocrx_word' id='word_1_132' title='bbox 202 1223 260 1255; x_wconf 78' lang='lat' dir='ltr'><strong>hac</strong></span> <span class='ocrx_word' id='word_1_133' title='bbox 273 1225 388 1265; x_wconf 79' lang='lat' dir='ltr'><strong>schola,</strong></span> <span class='ocrx_word' id='word_1_134' title='bbox 401 1225 429 1256; x_wconf 86' lang='lat' dir='ltr'><strong>si</strong></span> <span class='ocrx_word' id='word_1_135' title='bbox 443 1235 570 1266; x_wconf 77' lang='lat' dir='ltr'><strong><em>usquam</em></strong></span> <span class='ocrx_word' id='word_1_136' title='bbox 585 1236 620 1257; x_wconf 89' lang='lat' dir='ltr'><strong>ea</strong></span> <span class='ocrx_word' id='word_1_137' title='bbox 632 1230 690 1267; x_wconf 81' lang='lat' dir='ltr'><strong>est,</strong></span> <span class='ocrx_word' id='word_1_138' title='bbox 707 1226 893 1266; x_wconf 79' lang='lat' dir='ltr'><em>magistram</em></span> <span class='ocrx_word' id='word_1_139' title='bbox 906 1226 985 1257; x_wconf 82' lang='lat' dir='ltr'><strong>hanc</strong></span> <span class='ocrx_word' id='word_1_140' title='bbox 1000 1225 1174 1257; x_wconf 79' lang='lat' dir='ltr'><strong>Sostratam</strong></span> <span class='ocrx_word' id='word_1_141' title='bbox 1190 1235 1317 1257; x_wconf 78' lang='lat' dir='ltr'><strong>uxorem</strong></span> <span class='ocrx_word' id='word_1_142' title='bbox 1332 1236 1429 1258; x_wconf 83' lang='lat' dir='ltr'><strong>meam</strong></span> <span class='ocrx_word' id='word_1_143' title='bbox 1452 1235 1518 1258; x_wconf 79' lang='lat' dir='ltr'><strong>esse</strong></span> <span class='ocrx_word' id='word_1_144' title='bbox 1540 1227 1662 1258; x_wconf 72' lang='lat' dir='ltr'><strong>minime</strong></span> 
     </span>
    </p>
   </div>
   <div class='ocr_carea' id='block_1_6' title="bbox 810 1301 1051 1313">
    <p class='ocr_par' dir='ltr' id='par_1_6' title="bbox 810 1301 1051 1313">
     <span class='ocr_line' id='line_1_17' title="bbox 810 1301 1051 1313; baseline 0 -1"><span class='ocrx_word' id='word_1_145' title='bbox 810 1301 988 1313; x_wconf 50' lang='lat' dir='ltr'><strong>‘&#39;estete“</strong></span> <span class='ocrx_word' id='word_1_146' title='bbox 994 1301 1051 1313; x_wconf 60' lang='lat' dir='ltr'><strong>ece</strong></span> 
     </span>
    </p>
   </div>
   <div class='ocr_carea' id='block_1_7' title="bbox 190 1357 1663 2863">
    <p class='ocr_par' dir='ltr' id='par_1_7' title="bbox 190 1357 1663 2863">
     <span class='ocr_line' id='line_1_18' title="bbox 203 1357 1663 1400; baseline 0.003 -14"><span class='ocrx_word' id='word_1_147' title='bbox 203 1359 316 1387; x_wconf 86' lang='lat' dir='ltr'><strong>autem</strong></span> <span class='ocrx_word' id='word_1_148' title='bbox 333 1359 489 1388; x_wconf 81' lang='lat' dir='ltr'><strong>extrema</strong></span> <span class='ocrx_word' id='word_1_149' title='bbox 502 1366 578 1397; x_wconf 82' lang='lat' dir='ltr'><strong>pars</strong></span> <span class='ocrx_word' id='word_1_150' title='bbox 595 1357 757 1389; x_wconf 70' lang='lat' dir='ltr'>octonarii</span> <span class='ocrx_word' id='word_1_151' title='bbox 774 1357 929 1397; x_wconf 87' lang='lat' dir='ltr'><strong>Iambici,</strong></span> <span class='ocrx_word' id='word_1_152' title='bbox 949 1357 1017 1400; x_wconf 85' lang='lat' dir='ltr'><strong>qui,</strong></span> <span class='ocrx_word' id='word_1_153' title='bbox 1033 1357 1168 1399; x_wconf 76' lang='lat' dir='ltr'><strong>abjecto</strong></span> <span class='ocrx_word' id='word_1_154' title='bbox 1184 1359 1205 1389; x_wconf 82' lang='lat' dir='ltr'><strong>d</strong></span> <span class='ocrx_word' id='word_1_155' title='bbox 1220 1368 1261 1390; x_wconf 88' lang='lat' dir='ltr'><strong>ex</strong></span> <span class='ocrx_word' id='word_1_156' title='bbox 1282 1359 1373 1399; x_wconf 80' lang='lat' dir='ltr'><strong>quod,</strong></span> <span class='ocrx_word' id='word_1_157' title='bbox 1391 1357 1479 1389; x_wconf 88' lang='lat' dir='ltr'><strong>bene</strong></span> <span class='ocrx_word' id='word_1_158' title='bbox 1497 1358 1663 1398; x_wconf 90' lang='lat' dir='ltr'><strong>procedit.</strong></span> 
     </span>
     <span class='ocr_line' id='line_1_19' title="bbox 201 1399 1663 1442; baseline 0.003 -13"><span class='ocrx_word' id='word_1_159' title='bbox 201 1399 262 1430; x_wconf 83' lang='lat' dir='ltr'><strong>Fa.</strong></span> <span class='ocrx_word' id='word_1_160' title='bbox 307 1399 365 1430; x_wconf 89' lang='lat' dir='ltr'><strong>Sic</strong></span> <span class='ocrx_word' id='word_1_161' title='bbox 381 1404 416 1431; x_wconf 87' lang='lat' dir='ltr'><strong>et</strong></span> <span class='ocrx_word' id='word_1_162' title='bbox 437 1401 553 1432; x_wconf 83' lang='lat' dir='ltr'><strong>nostri.</strong></span> <span class='ocrx_word' id='word_1_163' title='bbox 576 1401 674 1431; x_wconf 85' lang='lat' dir='ltr'><strong>Bent.</strong></span> <span class='ocrx_word' id='word_1_164' title='bbox 702 1404 749 1431; x_wconf 79' lang='lat' dir='ltr'><strong>est</strong></span> <span class='ocrx_word' id='word_1_165' title='bbox 766 1402 935 1441; x_wconf 83' lang='lat' dir='ltr'><strong>posterius</strong></span> <span class='ocrx_word' id='word_1_166' title='bbox 954 1402 1083 1433; x_wconf 84' lang='lat' dir='ltr'><strong>omittit</strong></span> <span class='ocrx_word' id='word_1_167' title='bbox 1100 1402 1227 1442; x_wconf 84' lang='lat' dir='ltr'><strong>Delph.</strong></span> <span class='ocrx_word' id='word_1_168' title='bbox 1274 1402 1385 1432; x_wconf 78' lang='lat' dir='ltr'><strong>Fidem</strong></span> <span class='ocrx_word' id='word_1_169' title='bbox 1400 1403 1480 1441; x_wconf 82' lang='lat' dir='ltr'><strong>quod</strong></span> <span class='ocrx_word' id='word_1_170' title='bbox 1493 1412 1591 1441; x_wconf 80' lang='lat' dir='ltr'><strong>genus</strong></span> <span class='ocrx_word' id='word_1_171' title='bbox 1608 1403 1663 1433; x_wconf 77' lang='lat' dir='ltr'><strong>hoc</strong></span> 
     </span>
     <span class='ocr_line' id='line_1_20' title="bbox 201 1443 1663 1486; baseline 0.003 -15"><span class='ocrx_word' id='word_1_172' title='bbox 201 1444 270 1473; x_wconf 80' lang='lat' dir='ltr'><strong>est?</strong></span> <span class='ocrx_word' id='word_1_173' title='bbox 290 1452 392 1482; x_wconf 80' lang='lat' dir='ltr'><strong>ecquae</strong></span> <span class='ocrx_word' id='word_1_174' title='bbox 416 1443 482 1474; x_wconf 82' lang='lat' dir='ltr'><strong>haec</strong></span> <span class='ocrx_word' id='word_1_175' title='bbox 506 1444 606 1474; x_wconf 83' lang='lat' dir='ltr'><strong>Both.</strong></span> <span class='ocrx_word' id='word_1_176' title='bbox 640 1444 680 1474; x_wconf 94' lang='lat' dir='ltr'><strong>In</strong></span> <span class='ocrx_word' id='word_1_177' title='bbox 705 1445 733 1474; x_wconf 88' lang='lat' dir='ltr'>B</span> <span class='ocrx_word' id='word_1_178' title='bbox 763 1450 797 1475; x_wconf 91' lang='lat' dir='ltr'><strong>et</strong></span> <span class='ocrx_word' id='word_1_179' title='bbox 823 1444 903 1475; x_wconf 90' lang='lat' dir='ltr'><strong>Hel.</strong></span> <span class='ocrx_word' id='word_1_180' title='bbox 932 1448 962 1476; x_wconf 83' lang='lat' dir='ltr'><strong>et</strong></span> <span class='ocrx_word' id='word_1_181' title='bbox 984 1455 1063 1485; x_wconf 80' lang='lat' dir='ltr'><strong>quae,</strong></span> <span class='ocrx_word' id='word_1_182' title='bbox 1091 1454 1150 1485; x_wconf 87' lang='lat' dir='ltr'><strong>pro</strong></span> <span class='ocrx_word' id='word_1_183' title='bbox 1175 1455 1242 1486; x_wconf 87' lang='lat' dir='ltr'><strong>quo</strong></span> <span class='ocrx_word' id='word_1_184' title='bbox 1266 1445 1329 1476; x_wconf 80' lang='lat' dir='ltr'><strong>Bo.</strong></span> <span class='ocrx_word' id='word_1_185' title='bbox 1353 1455 1466 1484; x_wconf 66' lang='lat' dir='ltr'><strong>ecquae,</strong></span> <span class='ocrx_word' id='word_1_186' title='bbox 1484 1455 1584 1476; x_wconf 90' lang='lat' dir='ltr'><strong>unum</strong></span> <span class='ocrx_word' id='word_1_187' title='bbox 1601 1455 1663 1485; x_wconf 87' lang='lat' dir='ltr'><strong>pro</strong></span> 
     </span>
     <span class='ocr_line' id='line_1_21' title="bbox 201 1485 1662 1528; baseline 0.003 -13"><span class='ocrx_word' id='word_1_188' title='bbox 201 1485 310 1515; x_wconf 85' lang='lat' dir='ltr'><strong>altero</strong></span> <span class='ocrx_word' id='word_1_189' title='bbox 322 1487 437 1517; x_wconf 85' lang='lat' dir='ltr'><strong>valere</strong></span> <span class='ocrx_word' id='word_1_190' title='bbox 447 1486 659 1518; x_wconf 82' lang='lat' dir='ltr'><strong>existimans,</strong></span> <span class='ocrx_word' id='word_1_191' title='bbox 682 1487 749 1518; x_wconf 88' lang='lat' dir='ltr'><strong>Sed</strong></span> <span class='ocrx_word' id='word_1_192' title='bbox 765 1497 830 1518; x_wconf 87' lang='lat' dir='ltr'><strong>non</strong></span> <span class='ocrx_word' id='word_1_193' title='bbox 848 1493 916 1518; x_wconf 85' lang='lat' dir='ltr'><strong>tam</strong></span> <span class='ocrx_word' id='word_1_194' title='bbox 937 1488 1080 1528; x_wconf 81' lang='lat' dir='ltr'><strong>qnaestio</strong></span> <span class='ocrx_word' id='word_1_195' title='bbox 1096 1492 1149 1518; x_wconf 89' lang='lat' dir='ltr'><strong>est</strong></span> <span class='ocrx_word' id='word_1_196' title='bbox 1164 1488 1207 1519; x_wconf 87' lang='lat' dir='ltr'><strong>de</strong></span> <span class='ocrx_word' id='word_1_197' title='bbox 1225 1487 1401 1528; x_wconf 89' lang='lat' dir='ltr'><strong>utriusque</strong></span> <span class='ocrx_word' id='word_1_198' title='bbox 1415 1488 1662 1528; x_wconf 81' lang='lat' dir='ltr'><strong>significatione</strong></span> 
     </span>
     <span class='ocr_line' id='line_1_22' title="bbox 201 1529 1662 1571; baseline 0.003 -13"><span class='ocrx_word' id='word_1_199' title='bbox 201 1529 336 1569; x_wconf 58' lang='lat' dir='ltr'><strong>aequali,</strong></span> <span class='ocrx_word' id='word_1_200' title='bbox 351 1539 448 1570; x_wconf 86' lang='lat' dir='ltr'><strong>quam</strong></span> <span class='ocrx_word' id='word_1_201' title='bbox 463 1529 505 1560; x_wconf 86' lang='lat' dir='ltr'><strong>de</strong></span> <span class='ocrx_word' id='word_1_202' title='bbox 521 1539 575 1567; x_wconf 89' lang='lat' dir='ltr'><strong>e0,</strong></span> <span class='ocrx_word' id='word_1_203' title='bbox 590 1533 702 1560; x_wconf 89' lang='lat' dir='ltr'><strong>utrum</strong></span> <span class='ocrx_word' id='word_1_204' title='bbox 714 1540 830 1561; x_wconf 88' lang='lat' dir='ltr'><strong>eorum</strong></span> <span class='ocrx_word' id='word_1_205' title='bbox 848 1531 1025 1571; x_wconf 79' lang='lat' dir='ltr'><strong>scripserit</strong></span> <span class='ocrx_word' id='word_1_206' title='bbox 1038 1530 1162 1562; x_wconf 68' lang='lat' dir='ltr'><strong>Poeta.</strong></span> <span class='ocrx_word' id='word_1_207' title='bbox 1187 1531 1343 1562; x_wconf 57' lang='lat' dir='ltr'><strong>Part—2</strong></span> <span class='ocrx_word' id='word_1_208' title='bbox 1368 1531 1584 1562; x_wconf 83' lang='lat' dir='ltr'><strong>Concitatius</strong></span> <span class='ocrx_word' id='word_1_209' title='bbox 1598 1537 1662 1567; x_wconf 83' lang='lat' dir='ltr'><strong>est,</strong></span> 
     </span>
     <span class='ocr_line' id='line_1_23' title="bbox 199 1572 1662 1614; baseline 0.003 -14"><span class='ocrx_word' id='word_1_210' title='bbox 199 1572 484 1610; x_wconf 83' lang='lat' dir='ltr'><strong>quemadmodum</strong></span> <span class='ocrx_word' id='word_1_211' title='bbox 504 1573 628 1612; x_wconf 81' lang='lat' dir='ltr'><strong>legitur</strong></span> <span class='ocrx_word' id='word_1_212' title='bbox 650 1573 684 1603; x_wconf 92' lang='lat' dir='ltr'><strong>in</strong></span> <span class='ocrx_word' id='word_1_213' title='bbox 708 1574 806 1605; x_wconf 77' lang='lat' dir='ltr'><strong>Beni.</strong></span> <span class='ocrx_word' id='word_1_214' title='bbox 824 1578 858 1605; x_wconf 86' lang='lat' dir='ltr'><strong>et</strong></span> <span class='ocrx_word' id='word_1_215' title='bbox 880 1575 973 1605; x_wconf 90' lang='lat' dir='ltr'><strong>Vict.</strong></span> <span class='ocrx_word' id='word_1_216' title='bbox 998 1574 1069 1605; x_wconf 77' lang='lat' dir='ltr'><strong>utin</strong></span> <span class='ocrx_word' id='word_1_217' title='bbox 1086 1584 1201 1605; x_wconf 84' lang='lat' dir='ltr'><strong>omnes.</strong></span> <span class='ocrx_word' id='word_1_218' title='bbox 1226 1574 1286 1604; x_wconf 91' lang='lat' dir='ltr'><strong>Fa.</strong></span> <span class='ocrx_word' id='word_1_219' title='bbox 1333 1574 1452 1605; x_wconf 76' lang='lat' dir='ltr'><strong>Nostri</strong></span> <span class='ocrx_word' id='word_1_220' title='bbox 1476 1575 1530 1605; x_wconf 81' lang='lat' dir='ltr'><strong>Ut.</strong></span> <span class='ocrx_word' id='word_1_221' title='bbox 1555 1575 1662 1614; x_wconf 72' lang='lat' dir='ltr'><strong>Lege,</strong></span> 
     </span>
     <span class='ocr_line' id='line_1_24' title="bbox 205 1613 1663 1658; baseline 0.003 -14"><span class='ocrx_word' id='word_1_222' title='bbox 205 1613 299 1645; x_wconf 84' lang='lat' dir='ltr'><strong>Utne.</strong></span> <span class='ocrx_word' id='word_1_223' title='bbox 349 1615 428 1646; x_wconf 77' lang='lat' dir='ltr'><strong>Utin</strong></span> <span class='ocrx_word' id='word_1_224' title='bbox 451 1615 508 1645; x_wconf 87' lang='lat' dir='ltr'><strong>hic</strong></span> <span class='ocrx_word' id='word_1_225' title='bbox 536 1615 656 1656; x_wconf 88' lang='lat' dir='ltr'><strong>nequit</strong></span> <span class='ocrx_word' id='word_1_226' title='bbox 682 1617 883 1655; x_wconf 83' lang='lat' dir='ltr'><strong>consistere,</strong></span> <span class='ocrx_word' id='word_1_227' title='bbox 917 1618 996 1658; x_wconf 81' lang='lat' dir='ltr'><strong>qnia</strong></span> <span class='ocrx_word' id='word_1_228' title='bbox 1023 1617 1177 1648; x_wconf 81' lang='lat' dir='ltr'><strong>ultimam</strong></span> <span class='ocrx_word' id='word_1_229' title='bbox 1204 1627 1338 1657; x_wconf 83' lang='lat' dir='ltr'><strong>semper</strong></span> <span class='ocrx_word' id='word_1_230' title='bbox 1364 1617 1534 1657; x_wconf 86' lang='lat' dir='ltr'><strong>producit.</strong></span> <span class='ocrx_word' id='word_1_231' title='bbox 1565 1618 1663 1649; x_wconf 80' lang='lat' dir='ltr'><strong>Bent.</strong></span> 
     </span>
     <span class='ocr_line' id='line_1_25' title="bbox 204 1655 1662 1701; baseline 0.003 -15"><span class='ocrx_word' id='word_1_232' title='bbox 204 1655 293 1687; x_wconf 76' lang='lat' dir='ltr'><strong>Utin&#39;</strong></span> <span class='ocrx_word' id='word_1_233' title='bbox 315 1661 428 1689; x_wconf 86' lang='lat' dir='ltr'><strong>tamen</strong></span> <span class='ocrx_word' id='word_1_234' title='bbox 446 1659 553 1690; x_wconf 82' lang='lat' dir='ltr'><strong>West.</strong></span> <span class='ocrx_word' id='word_1_235' title='bbox 576 1659 654 1699; x_wconf 86' lang='lat' dir='ltr'><strong>Bip.</strong></span> <span class='ocrx_word' id='word_1_236' title='bbox 671 1659 763 1690; x_wconf 73' lang='lat' dir='ltr'><strong>Peri.</strong></span> <span class='ocrx_word' id='word_1_237' title='bbox 782 1663 816 1690; x_wconf 82' lang='lat' dir='ltr'><strong>ut</strong></span> <span class='ocrx_word' id='word_1_238' title='bbox 836 1660 961 1701; x_wconf 85' lang='lat' dir='ltr'><strong>Delph.</strong></span> <span class='ocrx_word' id='word_1_239' title='bbox 984 1660 1025 1691; x_wconf 90' lang='lat' dir='ltr'><strong>Z.</strong></span> <span class='ocrx_word' id='word_1_240' title='bbox 1051 1660 1114 1691; x_wconf 83' lang='lat' dir='ltr'><strong>Bo.</strong></span> <span class='ocrx_word' id='word_1_241' title='bbox 1139 1660 1199 1692; x_wconf 88' lang='lat' dir='ltr'><strong>Br.</strong></span> <span class='ocrx_word' id='word_1_242' title='bbox 1224 1660 1257 1690; x_wconf 91' lang='lat' dir='ltr'><strong>in</strong></span> <span class='ocrx_word' id='word_1_243' title='bbox 1283 1664 1380 1690; x_wconf 80' lang='lat' dir='ltr'><strong>textu</strong></span> <span class='ocrx_word' id='word_1_244' title='bbox 1398 1660 1482 1692; x_wconf 89' lang='lat' dir='ltr'><strong>GM.</strong></span> <span class='ocrx_word' id='word_1_245' title='bbox 1499 1661 1610 1699; x_wconf 78' lang='lat' dir='ltr'><strong>velint,</strong></span> <span class='ocrx_word' id='word_1_246' title='bbox 1628 1661 1662 1691; x_wconf 95' lang='lat' dir='ltr'><strong>in</strong></span> 
     </span>
     <span class='ocr_line' id='line_1_26' title="bbox 197 1701 1662 1744; baseline 0.003 -14"><span class='ocrx_word' id='word_1_247' title='bbox 197 1709 308 1740; x_wconf 77' lang='lat' dir='ltr'><strong>marg.</strong></span> <span class='ocrx_word' id='word_1_248' title='bbox 326 1701 367 1731; x_wconf 86' lang='lat' dir='ltr'><strong>al.</strong></span> <span class='ocrx_word' id='word_1_249' title='bbox 383 1701 559 1732; x_wconf 55' lang='lat' dir='ltr'><strong>nelina—4</strong></span> <span class='ocrx_word' id='word_1_250' title='bbox 583 1701 693 1742; x_wconf 82' lang='lat' dir='ltr'><strong>Itaque</strong></span> <span class='ocrx_word' id='word_1_251' title='bbox 708 1712 767 1733; x_wconf 85' lang='lat' dir='ltr'><strong>uno</strong></span> <span class='ocrx_word' id='word_1_252' title='bbox 781 1702 884 1734; x_wconf 82' lang='lat' dir='ltr'><strong>animo</strong></span> <span class='ocrx_word' id='word_1_253' title='bbox 908 1704 982 1734; x_wconf 81' lang='lat' dir='ltr'><strong>adeo</strong></span> <span class='ocrx_word' id='word_1_254' title='bbox 998 1703 1064 1734; x_wconf 88' lang='lat' dir='ltr'><strong>duo</strong></span> <span class='ocrx_word' id='word_1_255' title='bbox 1080 1703 1165 1734; x_wconf 83' lang='lat' dir='ltr'><strong>Mss.</strong></span> <span class='ocrx_word' id='word_1_256' title='bbox 1179 1703 1268 1744; x_wconf 89' lang='lat' dir='ltr'><strong>apud</strong></span> <span class='ocrx_word' id='word_1_257' title='bbox 1291 1703 1412 1743; x_wconf 80' lang='lat' dir='ltr'><strong>Boecl.‚</strong></span> <span class='ocrx_word' id='word_1_258' title='bbox 1430 1713 1513 1734; x_wconf 88' lang='lat' dir='ltr'><strong>unus</strong></span> <span class='ocrx_word' id='word_1_259' title='bbox 1525 1704 1572 1734; x_wconf 80' lang='lat' dir='ltr'><strong>ita</strong></span> <span class='ocrx_word' id='word_1_260' title='bbox 1586 1705 1662 1735; x_wconf 84' lang='lat' dir='ltr'><strong>adeo</strong></span> 
     </span>
     <span class='ocr_line' id='line_1_27' title="bbox 196 1744 1661 1787; baseline 0.003 -13"><span class='ocrx_word' id='word_1_261' title='bbox 196 1753 258 1774; x_wconf 72' lang='lat' dir='ltr'><strong>ano</strong></span> <span class='ocrx_word' id='word_1_262' title='bbox 272 1744 400 1781; x_wconf 81' lang='lat' dir='ltr'><strong>animo;</strong></span> <span class='ocrx_word' id='word_1_263' title='bbox 422 1744 512 1775; x_wconf 88' lang='lat' dir='ltr'><strong>hunc</strong></span> <span class='ocrx_word' id='word_1_264' title='bbox 530 1748 566 1776; x_wconf 89' lang='lat' dir='ltr'><strong>et</strong></span> <span class='ocrx_word' id='word_1_265' title='bbox 580 1750 779 1786; x_wconf 80' lang='lat' dir='ltr'><strong>sequentem</strong></span> <span class='ocrx_word' id='word_1_266' title='bbox 799 1755 916 1777; x_wconf 88' lang='lat' dir='ltr'><strong>versus</strong></span> <span class='ocrx_word' id='word_1_267' title='bbox 934 1746 1126 1787; x_wconf 83' lang='lat' dir='ltr'><strong>transponit</strong></span> <span class='ocrx_word' id='word_1_268' title='bbox 1142 1747 1206 1778; x_wconf 78' lang='lat' dir='ltr'><strong>Bo.</strong></span> <span class='ocrx_word' id='word_1_269' title='bbox 1229 1748 1523 1787; x_wconf 84' lang='lat' dir='ltr'><strong>transpositosque</strong></span> <span class='ocrx_word' id='word_1_270' title='bbox 1541 1747 1589 1777; x_wconf 78' lang='lat' dir='ltr'><strong>sic</strong></span> <span class='ocrx_word' id='word_1_271' title='bbox 1615 1748 1661 1778; x_wconf 84' lang='lat' dir='ltr'><strong>le-</strong></span> 
     </span>
     <span class='ocr_line' id='line_1_28' title="bbox 197 1786 1661 1832; baseline 0.003 -15"><span class='ocrx_word' id='word_1_272' title='bbox 197 1786 250 1826; x_wconf 82' lang='lat' dir='ltr'><strong>git</strong></span> <span class='ocrx_word' id='word_1_273' title='bbox 267 1787 354 1818; x_wconf 82' lang='lat' dir='ltr'><strong>Viris</strong></span> <span class='ocrx_word' id='word_1_274' title='bbox 375 1788 538 1818; x_wconf 76' lang='lat' dir='ltr'><strong>advorsari</strong></span> <span class='ocrx_word' id='word_1_275' title='bbox 552 1798 637 1828; x_wconf 81' lang='lat' dir='ltr'><strong>oeque</strong></span> <span class='ocrx_word' id='word_1_276' title='bbox 651 1789 789 1820; x_wconf 74' lang='lat' dir='ltr'><strong>studium</strong></span> <span class='ocrx_word' id='word_1_277' title='bbox 803 1793 860 1825; x_wconf 85' lang='lat' dir='ltr'><strong>est,</strong></span> <span class='ocrx_word' id='word_1_278' title='bbox 876 1790 989 1821; x_wconf 77' lang='lat' dir='ltr'><strong>similis</strong></span> <span class='ocrx_word' id='word_1_279' title='bbox 1002 1789 1176 1830; x_wconf 78' lang='lat' dir='ltr'><strong>pertinacia</strong></span> <span class='ocrx_word' id='word_1_280' title='bbox 1192 1793 1238 1821; x_wconf 85' lang='lat' dir='ltr'><strong>est</strong></span> <span class='ocrx_word' id='word_1_281' title='bbox 1248 1800 1261 1827; x_wconf 91' lang='lat'><em>;</em></span> <span class='ocrx_word' id='word_1_282' title='bbox 1281 1788 1286 1832; x_wconf 63' lang='grc' dir='ltr'>ξ</span> <span class='ocrx_word' id='word_1_283' title='bbox 1308 1790 1482 1830; x_wconf 78' lang='lat' dir='ltr'><strong>Itidemque</strong></span> <span class='ocrx_word' id='word_1_284' title='bbox 1493 1791 1572 1820; x_wconf 81' lang='lat' dir='ltr'><strong>adeo</strong></span> <span class='ocrx_word' id='word_1_285' title='bbox 1587 1799 1661 1821; x_wconf 81' lang='lat' dir='ltr'><strong>una-</strong></span> 
     </span>
     <span class='ocr_line' id='line_1_29' title="bbox 196 1830 1663 1874; baseline 0.003 -14"><span class='ocrx_word' id='word_1_286' title='bbox 196 1830 281 1861; x_wconf 78' lang='lat' dir='ltr'><strong>nimo</strong></span> <span class='ocrx_word' id='word_1_287' title='bbox 295 1840 400 1861; x_wconf 82' lang='lat' dir='ltr'><strong>omnes</strong></span> <span class='ocrx_word' id='word_1_288' title='bbox 414 1831 516 1861; x_wconf 85' lang='lat' dir='ltr'><strong>animo</strong></span> <span class='ocrx_word' id='word_1_289' title='bbox 531 1840 637 1862; x_wconf 81' lang='lat' dir='ltr'><strong>socrus</strong></span> <span class='ocrx_word' id='word_1_290' title='bbox 652 1833 784 1863; x_wconf 79' lang='lat' dir='ltr'><strong>aderunt</strong></span> <span class='ocrx_word' id='word_1_291' title='bbox 798 1842 908 1863; x_wconf 76' lang='lat' dir='ltr'><strong>nurus.</strong></span> <span class='ocrx_word' id='word_1_292' title='bbox 953 1834 962 1850; x_wconf 87' lang='lat'>‘</span> <span class='ocrx_word' id='word_1_293' title='bbox 978 1833 1079 1864; x_wconf 85' lang='lat' dir='ltr'><strong>Hunc</strong></span> <span class='ocrx_word' id='word_1_294' title='bbox 1093 1843 1242 1871; x_wconf 83' lang='lat' dir='ltr'><strong>versum,</strong></span> <span class='ocrx_word' id='word_1_295' title='bbox 1259 1832 1316 1874; x_wconf 91' lang='lat' dir='ltr'><strong>qui</strong></span> <span class='ocrx_word' id='word_1_296' title='bbox 1334 1837 1408 1863; x_wconf 83' lang='lat' dir='ltr'><strong>toto</strong></span> <span class='ocrx_word' id='word_1_297' title='bbox 1428 1832 1515 1873; x_wconf 85' lang='lat' dir='ltr'><strong>pede</strong></span> <span class='ocrx_word' id='word_1_298' title='bbox 1533 1832 1663 1873; x_wconf 79' lang='lat' dir='ltr'><strong>deficit,</strong></span> 
     </span>
     <span class='ocr_line' id='line_1_30' title="bbox 197 1872 1660 1917; baseline 0.002 -14"><span class='ocrx_word' id='word_1_299' title='bbox 197 1872 422 1914; x_wconf 77' lang='lat' dir='ltr'><strong>ambiguitate</strong></span> <span class='ocrx_word' id='word_1_300' title='bbox 450 1874 597 1913; x_wconf 86' lang='lat' dir='ltr'><strong>laborat,</strong></span> <span class='ocrx_word' id='word_1_301' title='bbox 621 1878 657 1905; x_wconf 89' lang='lat' dir='ltr'><strong>et</strong></span> <span class='ocrx_word' id='word_1_302' title='bbox 678 1875 771 1906; x_wconf 85' lang='lat' dir='ltr'><strong>filum</strong></span> <span class='ocrx_word' id='word_1_303' title='bbox 799 1876 963 1907; x_wconf 87' lang='lat' dir='ltr'><strong>orationis</strong></span> <span class='ocrx_word' id='word_1_304' title='bbox 989 1876 1223 1916; x_wconf 86' lang='lat' dir='ltr'><strong>interrumpit,</strong></span> <span class='ocrx_word' id='word_1_305' title='bbox 1245 1876 1397 1917; x_wconf 87' lang='lat' dir='ltr'><strong>spurium</strong></span> <span class='ocrx_word' id='word_1_306' title='bbox 1426 1885 1500 1906; x_wconf 87' lang='lat' dir='ltr'><strong>esse</strong></span> <span class='ocrx_word' id='word_1_307' title='bbox 1523 1885 1660 1907; x_wconf 85' lang='lat' dir='ltr'><strong>censeo.</strong></span> 
     </span>
     <span class='ocr_line' id='line_1_31' title="bbox 196 1916 1661 1960; baseline 0.002 -13"><span class='ocrx_word' id='word_1_308' title='bbox 196 1916 286 1947; x_wconf 90' lang='lat' dir='ltr'><strong>Nam</strong></span> <span class='ocrx_word' id='word_1_309' title='bbox 304 1926 379 1948; x_wconf 90' lang='lat' dir='ltr'><strong>cum</strong></span> <span class='ocrx_word' id='word_1_310' title='bbox 397 1918 525 1949; x_wconf 83' lang='lat' dir='ltr'><strong>crimen</strong></span> <span class='ocrx_word' id='word_1_311' title='bbox 550 1917 689 1958; x_wconf 88' lang='lat' dir='ltr'><strong>aliquod</strong></span> <span class='ocrx_word' id='word_1_312' title='bbox 714 1928 891 1949; x_wconf 86' lang='lat' dir='ltr'><strong>commuue</strong></span> <span class='ocrx_word' id='word_1_313' title='bbox 919 1919 1056 1950; x_wconf 79' lang='lat' dir='ltr'><strong>omnium</strong></span> <span class='ocrx_word' id='word_1_314' title='bbox 1077 1919 1241 1950; x_wconf 81' lang='lat' dir='ltr'><strong>mulierum</strong></span> <span class='ocrx_word' id='word_1_315' title='bbox 1269 1918 1475 1960; x_wconf 87' lang='lat' dir='ltr'><strong>proferatur,</strong></span> <span class='ocrx_word' id='word_1_316' title='bbox 1498 1919 1584 1949; x_wconf 86' lang='lat' dir='ltr'><strong>male</strong></span> <span class='ocrx_word' id='word_1_317' title='bbox 1608 1919 1661 1950; x_wconf 86' lang='lat' dir='ltr'><strong>hic</strong></span> 
     </span>
     <span class='ocr_line' id='line_1_32' title="bbox 195 1960 1661 2003; baseline 0.003 -14"><span class='ocrx_word' id='word_1_318' title='bbox 195 1965 340 1999; x_wconf 85' lang='lat' dir='ltr'><strong>repente</strong></span> <span class='ocrx_word' id='word_1_319' title='bbox 355 1967 561 1993; x_wconf 76' lang='lat' dir='ltr'><strong>accusantur</strong></span> <span class='ocrx_word' id='word_1_320' title='bbox 574 1970 692 1992; x_wconf 83' lang='lat' dir='ltr'><strong>socrus.</strong></span> <span class='ocrx_word' id='word_1_321' title='bbox 738 1960 854 2003; x_wconf 82' lang='lat' dir='ltr'><strong>Atque</strong></span> <span class='ocrx_word' id='word_1_322' title='bbox 878 1962 905 1992; x_wconf 93' lang='lat' dir='ltr'><strong>si</strong></span> <span class='ocrx_word' id='word_1_323' title='bbox 930 1962 1080 1993; x_wconf 90' lang='lat' dir='ltr'><strong>omnium</strong></span> <span class='ocrx_word' id='word_1_324' title='bbox 1105 1962 1261 1993; x_wconf 86' lang='lat' dir='ltr'><strong>estidem</strong></span> <span class='ocrx_word' id='word_1_325' title='bbox 1285 1961 1456 2001; x_wconf 82' lang='lat' dir='ltr'><strong>studium3</strong></span> <span class='ocrx_word' id='word_1_326' title='bbox 1479 1962 1537 2002; x_wconf 86' lang='lat' dir='ltr'><strong>qui</strong></span> <span class='ocrx_word' id='word_1_327' title='bbox 1555 1961 1606 2000; x_wconf 83' lang='lat' dir='ltr'><strong>fit,</strong></span> <span class='ocrx_word' id='word_1_328' title='bbox 1623 1966 1661 1994; x_wconf 87' lang='lat' dir='ltr'><strong>ut</strong></span> 
     </span>
     <span class='ocr_line' id='line_1_33' title="bbox 195 2004 1661 2046; baseline 0.003 -14"><span class='ocrx_word' id='word_1_329' title='bbox 195 2012 293 2034; x_wconf 73' lang='lat' dir='ltr'><strong>naras</strong></span> <span class='ocrx_word' id='word_1_330' title='bbox 314 2008 348 2033; x_wconf 88' lang='lat' dir='ltr'><strong>et</strong></span> <span class='ocrx_word' id='word_1_331' title='bbox 375 2012 481 2035; x_wconf 80' lang='lat' dir='ltr'><strong>socrus</strong></span> <span class='ocrx_word' id='word_1_332' title='bbox 504 2009 686 2044; x_wconf 83' lang='lat' dir='ltr'><strong>tantopere</strong></span> <span class='ocrx_word' id='word_1_333' title='bbox 710 2005 801 2035; x_wconf 86' lang='lat' dir='ltr'><strong>inter</strong></span> <span class='ocrx_word' id='word_1_334' title='bbox 826 2014 862 2035; x_wconf 90' lang='lat' dir='ltr'><strong>se</strong></span> <span class='ocrx_word' id='word_1_335' title='bbox 884 2004 1126 2046; x_wconf 84' lang='lat' dir='ltr'><strong>discrepent?&#39;</strong></span> <span class='ocrx_word' id='word_1_336' title='bbox 1149 2005 1203 2036; x_wconf 84' lang='lat' dir='ltr'><strong>Ita</strong></span> <span class='ocrx_word' id='word_1_337' title='bbox 1227 2006 1334 2036; x_wconf 89' lang='lat' dir='ltr'><strong>Zeun.</strong></span> <span class='ocrx_word' id='word_1_338' title='bbox 1358 2005 1534 2036; x_wconf 81' lang='lat' dir='ltr'><strong>abbreviat</strong></span> <span class='ocrx_word' id='word_1_339' title='bbox 1559 2005 1661 2036; x_wconf 87' lang='lat' dir='ltr'><strong>Bent.</strong></span> 
     </span>
     <span class='ocr_line' id='line_1_34' title="bbox 196 2045 1659 2090; baseline 0.003 -15"><span class='ocrx_word' id='word_1_340' title='bbox 196 2046 205 2062; x_wconf 91' lang='lat'>‘</span> <span class='ocrx_word' id='word_1_341' title='bbox 223 2045 375 2076; x_wconf 85' lang='lat' dir='ltr'><strong>Perinde</strong></span> <span class='ocrx_word' id='word_1_342' title='bbox 404 2051 469 2086; x_wconf 83' lang='lat' dir='ltr'><strong>est,</strong></span> <span class='ocrx_word' id='word_1_343' title='bbox 493 2047 659 2088; x_wconf 88' lang='lat' dir='ltr'><strong>quomodo</strong></span> <span class='ocrx_word' id='word_1_344' title='bbox 686 2047 774 2079; x_wconf 84' lang='lat' dir='ltr'><strong>hanc</strong></span> <span class='ocrx_word' id='word_1_345' title='bbox 802 2048 1056 2089; x_wconf 83' lang='lat' dir='ltr'><strong>amphiboliam,</strong></span> <span class='ocrx_word' id='word_1_346' title='bbox 1079 2058 1156 2090; x_wconf 90' lang='lat' dir='ltr'><strong>quae</strong></span> <span class='ocrx_word' id='word_1_347' title='bbox 1180 2048 1315 2080; x_wconf 86' lang='lat' dir='ltr'><strong>videtur</strong></span> <span class='ocrx_word' id='word_1_348' title='bbox 1331 2057 1349 2079; x_wconf 91' lang='lat' dir='ltr'><strong>e</strong></span> <span class='ocrx_word' id='word_1_349' title='bbox 1366 2047 1559 2088; x_wconf 82' lang='lat' dir='ltr'><strong>conjunctis</strong></span> <span class='ocrx_word' id='word_1_350' title='bbox 1572 2058 1659 2088; x_wconf 80' lang='lat' dir='ltr'><strong>esse,</strong></span> 
     </span>
     <span class='ocr_line' id='line_1_35' title="bbox 195 2088 1658 2132; baseline 0.003 -14"><span class='ocrx_word' id='word_1_351' title='bbox 195 2097 361 2128; x_wconf 84' lang='lat' dir='ltr'><strong>exponas,</strong></span> <span class='ocrx_word' id='word_1_352' title='bbox 385 2088 456 2119; x_wconf 89' lang='lat' dir='ltr'><strong>sive</strong></span> <span class='ocrx_word' id='word_1_353' title='bbox 482 2100 587 2121; x_wconf 80' lang='lat' dir='ltr'><strong>socrus</strong></span> <span class='ocrx_word' id='word_1_354' title='bbox 612 2100 715 2121; x_wconf 81' lang='lat' dir='ltr'><strong>omnes</strong></span> <span class='ocrx_word' id='word_1_355' title='bbox 739 2091 963 2132; x_wconf 62' lang='lat' dir='ltr'><strong>iniquasesse</strong></span> <span class='ocrx_word' id='word_1_356' title='bbox 981 2091 1033 2132; x_wconf 91' lang='lat' dir='ltr'><strong>(in</strong></span> <span class='ocrx_word' id='word_1_357' title='bbox 1050 2091 1183 2132; x_wconf 84' lang='lat' dir='ltr'><strong>nurus),</strong></span> <span class='ocrx_word' id='word_1_358' title='bbox 1209 2097 1247 2122; x_wconf 91' lang='lat' dir='ltr'><strong>ut</strong></span> <span class='ocrx_word' id='word_1_359' title='bbox 1272 2091 1361 2123; x_wconf 88' lang='lat' dir='ltr'><strong>Sost.</strong></span> <span class='ocrx_word' id='word_1_360' title='bbox 1379 2093 1428 2122; x_wconf 81' lang='lat' dir='ltr'><strong>ait</strong></span> <span class='ocrx_word' id='word_1_361' title='bbox 1444 2101 1492 2122; x_wconf 82' lang='lat' dir='ltr'><strong>sc.</strong></span> <span class='ocrx_word' id='word_1_362' title='bbox 1510 2094 1541 2121; x_wconf 85' lang='lat'><strong>3.</strong></span> <span class='ocrx_word' id='word_1_363' title='bbox 1555 2094 1588 2122; x_wconf 82' lang='lat'><strong>4.</strong></span> <span class='ocrx_word' id='word_1_364' title='bbox 1606 2101 1658 2132; x_wconf 85' lang='lat' dir='ltr'><strong>sq.</strong></span> 
     </span>
     <span class='ocr_line' id='line_1_36' title="bbox 195 2131 1658 2176; baseline 0.003 -15"><span class='ocrx_word' id='word_1_365' title='bbox 195 2131 267 2162; x_wconf 83' lang='lat' dir='ltr'><strong>sive</strong></span> <span class='ocrx_word' id='word_1_366' title='bbox 283 2141 380 2162; x_wconf 79' lang='lat' dir='ltr'><strong>nurus</strong></span> <span class='ocrx_word' id='word_1_367' title='bbox 395 2142 497 2163; x_wconf 80' lang='lat' dir='ltr'><strong>omnes</strong></span> <span class='ocrx_word' id='word_1_368' title='bbox 513 2133 628 2164; x_wconf 88' lang='lat' dir='ltr'><strong>odium</strong></span> <span class='ocrx_word' id='word_1_369' title='bbox 647 2143 771 2173; x_wconf 87' lang='lat' dir='ltr'><strong>capere</strong></span> <span class='ocrx_word' id='word_1_370' title='bbox 786 2143 943 2165; x_wconf 88' lang='lat' dir='ltr'><strong>socruum</strong></span> <span class='ocrx_word' id='word_1_371' title='bbox 959 2134 1013 2176; x_wconf 89' lang='lat' dir='ltr'><strong>(ut</strong></span> <span class='ocrx_word' id='word_1_372' title='bbox 1031 2133 1239 2176; x_wconf 80' lang='lat' dir='ltr'><strong>iniquarum)</strong></span> <span class='ocrx_word' id='word_1_373' title='bbox 1252 2135 1421 2176; x_wconf 86' lang='lat' dir='ltr'><strong>quomodo</strong></span> <span class='ocrx_word' id='word_1_374' title='bbox 1436 2135 1565 2165; x_wconf 84' lang='lat' dir='ltr'><strong>Laches</strong></span> <span class='ocrx_word' id='word_1_375' title='bbox 1580 2144 1658 2165; x_wconf 81' lang='lat' dir='ltr'><strong>mox</strong></span> 
     </span>
     <span class='ocr_line' id='line_1_37' title="bbox 195 2175 1659 2218; baseline 0.001 -13"><span class='ocrx_word' id='word_1_376' title='bbox 195 2183 228 2206; x_wconf 86' lang='lat' dir='ltr'><strong>v.</strong></span> <span class='ocrx_word' id='word_1_377' title='bbox 245 2177 300 2205; x_wconf 86' lang='lat'><strong>22.</strong></span> <span class='ocrx_word' id='word_1_378' title='bbox 316 2179 351 2206; x_wconf 86' lang='lat' dir='ltr'><strong>et</strong></span> <span class='ocrx_word' id='word_1_379' title='bbox 364 2175 455 2206; x_wconf 89' lang='lat' dir='ltr'><strong>Sost.</strong></span> <span class='ocrx_word' id='word_1_380' title='bbox 479 2185 509 2207; x_wconf 86' lang='lat' dir='ltr'><strong>v.</strong></span> <span class='ocrx_word' id='word_1_381' title='bbox 524 2179 577 2207; x_wconf 84' lang='lat'><strong>38.</strong></span> <span class='ocrx_word' id='word_1_382' title='bbox 592 2176 696 2207; x_wconf 88' lang='lat' dir='ltr'><strong>verbo</strong></span> <span class='ocrx_word' id='word_1_383' title='bbox 714 2177 832 2207; x_wconf 85' lang='lat' dir='ltr'><strong>utitur.</strong></span> <span class='ocrx_word' id='word_1_384' title='bbox 868 2177 974 2208; x_wconf 87' lang='lat' dir='ltr'><strong>Nulla</strong></span> <span class='ocrx_word' id='word_1_385' title='bbox 988 2176 1067 2208; x_wconf 88' lang='lat' dir='ltr'><strong>inde</strong></span> <span class='ocrx_word' id='word_1_386' title='bbox 1084 2182 1138 2209; x_wconf 80' lang='lat' dir='ltr'><strong>est</strong></span> <span class='ocrx_word' id='word_1_387' title='bbox 1155 2178 1187 2208; x_wconf 91' lang='lat' dir='ltr'><strong>iu</strong></span> <span class='ocrx_word' id='word_1_388' title='bbox 1205 2187 1306 2208; x_wconf 88' lang='lat' dir='ltr'><strong>sensu</strong></span> <span class='ocrx_word' id='word_1_389' title='bbox 1322 2177 1540 2217; x_wconf 84' lang='lat' dir='ltr'><strong>ambiguitas,</strong></span> <span class='ocrx_word' id='word_1_390' title='bbox 1560 2187 1659 2218; x_wconf 79' lang='lat' dir='ltr'><strong>quain</strong></span> 
     </span>
     <span class='ocr_line' id='line_1_38' title="bbox 193 2216 1657 2262; baseline 0.002 -15"><span class='ocrx_word' id='word_1_391' title='bbox 193 2216 364 2249; x_wconf 85' lang='lat' dir='ltr'><strong>inutiliter</strong></span> <span class='ocrx_word' id='word_1_392' title='bbox 379 2223 536 2259; x_wconf 79' lang='lat' dir='ltr'><strong>quaerunt</strong></span> <span class='ocrx_word' id='word_1_393' title='bbox 552 2220 711 2250; x_wconf 85' lang='lat' dir='ltr'><strong>Donatus</strong></span> <span class='ocrx_word' id='word_1_394' title='bbox 737 2220 778 2250; x_wconf 88' lang='lat' dir='ltr'><strong>ad</strong></span> <span class='ocrx_word' id='word_1_395' title='bbox 806 2220 895 2251; x_wconf 86' lang='lat' dir='ltr'><strong>hunc</strong></span> <span class='ocrx_word' id='word_1_396' title='bbox 922 2221 1048 2259; x_wconf 89' lang='lat' dir='ltr'><strong>locum,</strong></span> <span class='ocrx_word' id='word_1_397' title='bbox 1072 2225 1108 2251; x_wconf 90' lang='lat' dir='ltr'><strong>et</strong></span> <span class='ocrx_word' id='word_1_398' title='bbox 1134 2221 1366 2262; x_wconf 86' lang='lat' dir='ltr'><strong>Hieronymus</strong></span> <span class='ocrx_word' id='word_1_399' title='bbox 1390 2221 1554 2251; x_wconf 84' lang='lat' dir='ltr'><strong>adversus</strong></span> <span class='ocrx_word' id='word_1_400' title='bbox 1579 2221 1657 2253; x_wconf 85' lang='lat' dir='ltr'><strong>Jov.</strong></span> 
     </span>
     <span class='ocr_line' id='line_1_39' title="bbox 194 2262 1659 2304; baseline 0.003 -14"><span class='ocrx_word' id='word_1_401' title='bbox 194 2268 301 2292; x_wconf 82' lang='lat' dir='ltr'><strong>xxlx.</strong></span> <span class='ocrx_word' id='word_1_402' title='bbox 319 2270 397 2301; x_wconf 77' lang='lat' dir='ltr'><strong>pag.</strong></span> <span class='ocrx_word' id='word_1_403' title='bbox 416 2264 490 2292; x_wconf 88' lang='lat'>191.</span> <span class='ocrx_word' id='word_1_404' title='bbox 508 2262 593 2292; x_wconf 78' lang='lat' dir='ltr'><strong>etin</strong></span> <span class='ocrx_word' id='word_1_405' title='bbox 610 2262 781 2293; x_wconf 86' lang='lat' dir='ltr'><strong>Micheam</strong></span> <span class='ocrx_word' id='word_1_406' title='bbox 797 2271 864 2294; x_wconf 83' lang='lat' dir='ltr'><strong>vu.</strong></span> <span class='ocrx_word' id='word_1_407' title='bbox 882 2273 960 2304; x_wconf 84' lang='lat' dir='ltr'><strong>pag.</strong></span> <span class='ocrx_word' id='word_1_408' title='bbox 977 2263 1086 2294; x_wconf 60' lang='lat'>1550?</span> <span class='ocrx_word' id='word_1_409' title='bbox 1104 2263 1238 2304; x_wconf 79' lang='lat' dir='ltr'><strong>Bipont.</strong></span> <span class='ocrx_word' id='word_1_410' title='bbox 1284 2263 1511 2304; x_wconf 82' lang='lat' dir='ltr'><strong>Ambiguitas‚</strong></span> <span class='ocrx_word' id='word_1_411' title='bbox 1529 2264 1570 2294; x_wconf 91' lang='lat' dir='ltr'><strong>de</strong></span> <span class='ocrx_word' id='word_1_412' title='bbox 1591 2273 1659 2304; x_wconf 85' lang='lat' dir='ltr'><strong>qua</strong></span> 
     </span>
     <span class='ocr_line' id='line_1_40' title="bbox 193 2302 1658 2346; baseline 0.003 -13"><span class='ocrx_word' id='word_1_413' title='bbox 193 2302 298 2334; x_wconf 87' lang='lat' dir='ltr'><strong>Bent.</strong></span> <span class='ocrx_word' id='word_1_414' title='bbox 325 2303 490 2344; x_wconf 85' lang='lat' dir='ltr'><strong>queritur,</strong></span> <span class='ocrx_word' id='word_1_415' title='bbox 515 2313 649 2335; x_wconf 87' lang='lat' dir='ltr'><strong>versum</strong></span> <span class='ocrx_word' id='word_1_416' title='bbox 677 2305 793 2336; x_wconf 87' lang='lat' dir='ltr'><strong>reddit</strong></span> <span class='ocrx_word' id='word_1_417' title='bbox 818 2312 1011 2342; x_wconf 88' lang='lat' dir='ltr'><strong>venustum,</strong></span> <span class='ocrx_word' id='word_1_418' title='bbox 1035 2306 1154 2346; x_wconf 88' lang='lat' dir='ltr'><strong>judice</strong></span> <span class='ocrx_word' id='word_1_419' title='bbox 1181 2306 1352 2337; x_wconf 79' lang='lat' dir='ltr'><strong>Perl.—4.</strong></span> <span class='ocrx_word' id='word_1_420' title='bbox 1375 2310 1392 2337; x_wconf 88' lang='grc'><em>5</em></span> <span class='ocrx_word' id='word_1_421' title='bbox 1430 2307 1515 2338; x_wconf 80' lang='lat' dir='ltr'><strong>Viris</strong></span> <span class='ocrx_word' id='word_1_422' title='bbox 1544 2306 1549 2346; x_wconf 86' lang='grc' dir='ltr'>Ι</span> <span class='ocrx_word' id='word_1_423' title='bbox 1579 2307 1658 2337; x_wconf 80' lang='lat' dir='ltr'><strong>Esse</strong></span> 
     </span>
     <span class='ocr_line' id='line_1_41' title="bbox 193 2345 1656 2389; baseline 0.003 -13"><span class='ocrx_word' id='word_1_424' title='bbox 193 2345 321 2387; x_wconf 86' lang='lat' dir='ltr'><strong>Delph.</strong></span> <span class='ocrx_word' id='word_1_425' title='bbox 345 2347 488 2387; x_wconf 85' lang='lat' dir='ltr'><strong>Bip.—5</strong></span> <span class='ocrx_word' id='word_1_426' title='bbox 512 2347 554 2378; x_wconf 93' lang='lat' dir='ltr'><strong>In</strong></span> <span class='ocrx_word' id='word_1_427' title='bbox 575 2347 654 2378; x_wconf 81' lang='lat' dir='ltr'><strong>viris</strong></span> <span class='ocrx_word' id='word_1_428' title='bbox 676 2358 692 2378; x_wconf 85' lang='lat' dir='ltr'><em>s</em></span> <span class='ocrx_word' id='word_1_429' title='bbox 715 2348 891 2388; x_wconf 83' lang='lat' dir='ltr'><strong>abjicitur,</strong></span> <span class='ocrx_word' id='word_1_430' title='bbox 912 2352 952 2379; x_wconf 90' lang='lat' dir='ltr'><strong>ut</strong></span> <span class='ocrx_word' id='word_1_431' title='bbox 975 2354 1044 2379; x_wconf 87' lang='lat' dir='ltr'><strong>stet</strong></span> <span class='ocrx_word' id='word_1_432' title='bbox 1070 2359 1119 2379; x_wconf 89' lang='lat' dir='ltr'><strong>vs.</strong></span> <span class='ocrx_word' id='word_1_433' title='bbox 1149 2349 1205 2381; x_wconf 74' lang='lat' dir='ltr'><strong>Fa.</strong></span> <span class='ocrx_word' id='word_1_434' title='bbox 1255 2349 1407 2380; x_wconf 86' lang='lat' dir='ltr'><strong>Laborat</strong></span> <span class='ocrx_word' id='word_1_435' title='bbox 1433 2350 1487 2380; x_wconf 87' lang='lat' dir='ltr'><strong>hic</strong></span> <span class='ocrx_word' id='word_1_436' title='bbox 1515 2358 1656 2389; x_wconf 82' lang='lat' dir='ltr'><strong>versus3</strong></span> 
     </span>
     <span class='ocr_line' id='line_1_42' title="bbox 194 2389 1656 2433; baseline 0.003 -14"><span class='ocrx_word' id='word_1_437' title='bbox 194 2393 252 2420; x_wconf 88' lang='lat' dir='ltr'><strong>aut</strong></span> <span class='ocrx_word' id='word_1_438' title='bbox 269 2389 411 2429; x_wconf 82' lang='lat' dir='ltr'><strong>primam</strong></span> <span class='ocrx_word' id='word_1_439' title='bbox 428 2390 461 2420; x_wconf 90' lang='lat' dir='ltr'><strong>in</strong></span> <span class='ocrx_word' id='word_1_440' title='bbox 475 2391 621 2421; x_wconf 83' lang='lat' dir='ltr'><strong>adversas</strong></span> <span class='ocrx_word' id='word_1_441' title='bbox 637 2391 791 2432; x_wconf 89' lang='lat' dir='ltr'><strong>corripit,</strong></span> <span class='ocrx_word' id='word_1_442' title='bbox 809 2396 867 2422; x_wconf 89' lang='lat' dir='ltr'><strong>aut</strong></span> <span class='ocrx_word' id='word_1_443' title='bbox 883 2392 1064 2422; x_wconf 85' lang='lat' dir='ltr'><strong>secundam</strong></span> <span class='ocrx_word' id='word_1_444' title='bbox 1082 2391 1116 2422; x_wconf 90' lang='lat' dir='ltr'><strong>in</strong></span> <span class='ocrx_word' id='word_1_445' title='bbox 1139 2391 1246 2423; x_wconf 81' lang='lat' dir='ltr'><strong>Viris.-</strong></span> <span class='ocrx_word' id='word_1_446' title='bbox 1271 2402 1412 2433; x_wconf 85' lang='lat' dir='ltr'><strong>quorum</strong></span> <span class='ocrx_word' id='word_1_447' title='bbox 1435 2396 1596 2423; x_wconf 88' lang='lat' dir='ltr'><strong>neutrum</strong></span> <span class='ocrx_word' id='word_1_448' title='bbox 1613 2402 1656 2424; x_wconf 89' lang='lat' dir='ltr'><strong>ex</strong></span> 
     </span>
     <span class='ocr_line' id='line_1_43' title="bbox 192 2433 1656 2476; baseline 0.003 -14"><span class='ocrx_word' id='word_1_449' title='bbox 192 2441 309 2471; x_wconf 84' lang='lat' dir='ltr'><strong>more;</strong></span> <span class='ocrx_word' id='word_1_450' title='bbox 335 2438 371 2464; x_wconf 89' lang='lat' dir='ltr'><strong>et</strong></span> <span class='ocrx_word' id='word_1_451' title='bbox 386 2433 412 2463; x_wconf 84' lang='lat' dir='ltr'><strong>si</strong></span> <span class='ocrx_word' id='word_1_452' title='bbox 430 2435 602 2473; x_wconf 84' lang='lat' dir='ltr'><strong>posterius</strong></span> <span class='ocrx_word' id='word_1_453' title='bbox 626 2433 737 2474; x_wconf 81' lang='lat' dir='ltr'><strong>eligis,</strong></span> <span class='ocrx_word' id='word_1_454' title='bbox 754 2439 864 2465; x_wconf 83' lang='lat' dir='ltr'><strong>totum</strong></span> <span class='ocrx_word' id='word_1_455' title='bbox 882 2434 916 2465; x_wconf 89' lang='lat' dir='ltr'><strong>in</strong></span> <span class='ocrx_word' id='word_1_456' title='bbox 931 2434 1033 2465; x_wconf 86' lang='lat' dir='ltr'><strong>Thesi</strong></span> <span class='ocrx_word' id='word_1_457' title='bbox 1049 2434 1173 2466; x_wconf 86' lang='lat' dir='ltr'><strong>latebit</strong></span> <span class='ocrx_word' id='word_1_458' title='bbox 1195 2435 1306 2471; x_wconf 80' lang='lat' dir='ltr'><strong>Viris;</strong></span> <span class='ocrx_word' id='word_1_459' title='bbox 1329 2435 1418 2476; x_wconf 90' lang='lat' dir='ltr'><strong>qnod</strong></span> <span class='ocrx_word' id='word_1_460' title='bbox 1435 2441 1548 2466; x_wconf 88' lang='lat' dir='ltr'><strong>tamen</strong></span> <span class='ocrx_word' id='word_1_461' title='bbox 1567 2445 1656 2475; x_wconf 62' lang='lat' dir='ltr'><strong>prte-</strong></span> 
     </span>
     <span class='ocr_line' id='line_1_44' title="bbox 193 2474 1654 2518; baseline 0.003 -13"><span class='ocrx_word' id='word_1_462' title='bbox 193 2475 292 2515; x_wconf 88' lang='lat' dir='ltr'><strong>cipue</strong></span> <span class='ocrx_word' id='word_1_463' title='bbox 308 2480 361 2506; x_wconf 85' lang='lat' dir='ltr'><strong>est</strong></span> <span class='ocrx_word' id='word_1_464' title='bbox 376 2474 602 2508; x_wconf 80' lang='lat' dir='ltr'><strong>efferendum.</strong></span> <span class='ocrx_word' id='word_1_465' title='bbox 649 2477 802 2517; x_wconf 85' lang='lat' dir='ltr'><strong>Repone,</strong></span> <span class='ocrx_word' id='word_1_466' title='bbox 824 2477 910 2509; x_wconf 81' lang='lat' dir='ltr'><strong>Viris</strong></span> <span class='ocrx_word' id='word_1_467' title='bbox 921 2478 1083 2509; x_wconf 79' lang='lat' dir='ltr'><strong>adversari</strong></span> <span class='ocrx_word' id='word_1_468' title='bbox 1097 2488 1183 2518; x_wconf 82' lang='lat' dir='ltr'><strong>aeque</strong></span> <span class='ocrx_word' id='word_1_469' title='bbox 1198 2478 1337 2509; x_wconf 83' lang='lat' dir='ltr'><strong>stadium</strong></span> <span class='ocrx_word' id='word_1_470' title='bbox 1353 2482 1409 2509; x_wconf 83' lang='lat' dir='ltr'><strong>est.</strong></span> <span class='ocrx_word' id='word_1_471' title='bbox 1454 2477 1551 2509; x_wconf 77' lang='lat' dir='ltr'><strong>lnfra</strong></span> <span class='ocrx_word' id='word_1_472' title='bbox 1568 2487 1607 2509; x_wconf 92' lang='lat'><strong>11.</strong></span> <span class='ocrx_word' id='word_1_473' title='bbox 1623 2481 1654 2510; x_wconf 83' lang='lat'><strong>2.</strong></span> 
     </span>
     <span class='ocr_line' id='line_1_45' title="bbox 192 2518 1655 2558; baseline 0.003 -11"><span class='ocrx_word' id='word_1_474' title='bbox 192 2519 247 2558; x_wconf 71' lang='lat'><strong>29.</strong></span> <span class='ocrx_word' id='word_1_475' title='bbox 271 2520 281 2536; x_wconf 82' lang='lat'>‘</span> <span class='ocrx_word' id='word_1_476' title='bbox 298 2518 377 2550; x_wconf 85' lang='lat' dir='ltr'><strong>Non</strong></span> <span class='ocrx_word' id='word_1_477' title='bbox 397 2528 531 2558; x_wconf 87' lang='lat' dir='ltr'><strong>possum</strong></span> <span class='ocrx_word' id='word_1_478' title='bbox 548 2519 722 2550; x_wconf 89' lang='lat' dir='ltr'><strong>adversari</strong></span> <span class='ocrx_word' id='word_1_479' title='bbox 739 2519 846 2552; x_wconf 85' lang='lat' dir='ltr'><strong>meis.’</strong></span> <span class='ocrx_word' id='word_1_480' title='bbox 877 2526 913 2551; x_wconf 88' lang='lat' dir='ltr'><strong>et</strong></span> <span class='ocrx_word' id='word_1_481' title='bbox 928 2529 981 2552; x_wconf 88' lang='lat' dir='ltr'><strong>1v.</strong></span> <span class='ocrx_word' id='word_1_482' title='bbox 997 2523 1030 2552; x_wconf 89' lang='grc'><strong>4.</strong></span> <span class='ocrx_word' id='word_1_483' title='bbox 1046 2523 1100 2552; x_wconf 85' lang='grc'><strong>32.</strong></span> <span class='ocrx_word' id='word_1_484' title='bbox 1124 2523 1133 2537; x_wconf 88' lang='lat'>‘</span> <span class='ocrx_word' id='word_1_485' title='bbox 1151 2521 1270 2552; x_wconf 88' lang='lat' dir='ltr'><strong>Reduc</strong></span> <span class='ocrx_word' id='word_1_486' title='bbox 1285 2531 1441 2558; x_wconf 84' lang='lat' dir='ltr'><strong>uxorem,</strong></span> <span class='ocrx_word' id='word_1_487' title='bbox 1457 2531 1497 2552; x_wconf 88' lang='lat' dir='ltr'><strong>ac</strong></span> <span class='ocrx_word' id='word_1_488' title='bbox 1514 2521 1581 2552; x_wconf 87' lang='lat' dir='ltr'><strong>noli</strong></span> <span class='ocrx_word' id='word_1_489' title='bbox 1597 2522 1655 2552; x_wconf 88' lang='lat' dir='ltr'><strong>ad-</strong></span> 
     </span>
     <span class='ocr_line' id='line_1_46' title="bbox 192 2561 1656 2596; baseline 0.003 -5"><span class='ocrx_word' id='word_1_490' title='bbox 192 2561 321 2592; x_wconf 81' lang='lat' dir='ltr'><strong>versari</strong></span> <span class='ocrx_word' id='word_1_491' title='bbox 337 2561 438 2592; x_wconf 71' lang='lat' dir='ltr'><strong>mihi!</strong></span> <span class='ocrx_word' id='word_1_492' title='bbox 482 2562 626 2593; x_wconf 88' lang='lat' dir='ltr'><strong>Plautus</strong></span> <span class='ocrx_word' id='word_1_493' title='bbox 643 2563 720 2594; x_wconf 89' lang='lat' dir='ltr'><strong>Cas.</strong></span> <span class='ocrx_word' id='word_1_494' title='bbox 738 2572 778 2595; x_wconf 88' lang='lat'><strong>11.</strong></span> <span class='ocrx_word' id='word_1_495' title='bbox 793 2566 825 2594; x_wconf 89' lang='lat'><strong>2.</strong></span> <span class='ocrx_word' id='word_1_496' title='bbox 841 2565 895 2594; x_wconf 78' lang='lat'><strong>32.</strong></span> <span class='ocrx_word' id='word_1_497' title='bbox 921 2564 963 2594; x_wconf 87' lang='lat' dir='ltr'><strong>de</strong></span> <span class='ocrx_word' id='word_1_498' title='bbox 990 2573 1096 2594; x_wconf 90' lang='lat' dir='ltr'><strong>uxore</strong></span> <span class='ocrx_word' id='word_1_499' title='bbox 1113 2568 1149 2594; x_wconf 86' lang='lat' dir='ltr'><strong>et</strong></span> <span class='ocrx_word' id='word_1_500' title='bbox 1166 2564 1237 2594; x_wconf 85' lang='lat' dir='ltr'><strong>viro</strong></span> <span class='ocrx_word' id='word_1_501' title='bbox 1255 2574 1263 2593; x_wconf 94' lang='lat'>:</span> <span class='ocrx_word' id='word_1_502' title='bbox 1299 2566 1308 2580; x_wconf 80' lang='lat'><strong>⁴</strong></span> <span class='ocrx_word' id='word_1_503' title='bbox 1326 2564 1405 2595; x_wconf 85' lang='lat' dir='ltr'><strong>Noli</strong></span> <span class='ocrx_word' id='word_1_504' title='bbox 1419 2564 1462 2595; x_wconf 87' lang='lat' dir='ltr'><strong>sis</strong></span> <span class='ocrx_word' id='word_1_505' title='bbox 1480 2569 1513 2595; x_wconf 89' lang='lat' dir='ltr'><strong>tu</strong></span> <span class='ocrx_word' id='word_1_506' title='bbox 1532 2564 1580 2595; x_wconf 84' lang='lat' dir='ltr'><strong>illi</strong></span> <span class='ocrx_word' id='word_1_507' title='bbox 1596 2565 1656 2596; x_wconf 84' lang='lat' dir='ltr'><strong>ad·</strong></span> 
     </span>
     <span class='ocr_line' id='line_1_47' title="bbox 190 2604 1653 2646; baseline 0.003 -13"><span class='ocrx_word' id='word_1_508' title='bbox 190 2604 343 2644; x_wconf 84' lang='lat' dir='ltr'><strong>versari‚&#39;</strong></span> <span class='ocrx_word' id='word_1_509' title='bbox 366 2608 402 2635; x_wconf 86' lang='lat' dir='ltr'><strong>et</strong></span> <span class='ocrx_word' id='word_1_510' title='bbox 417 2614 457 2635; x_wconf 81' lang='lat'><strong>11.</strong></span> <span class='ocrx_word' id='word_1_511' title='bbox 472 2607 503 2635; x_wconf 83' lang='lat'><strong>3.</strong></span> <span class='ocrx_word' id='word_1_512' title='bbox 520 2607 573 2636; x_wconf 86' lang='lat'><strong>35.</strong></span> <span class='ocrx_word' id='word_1_513' title='bbox 600 2605 695 2636; x_wconf 77' lang='lat' dir='ltr'><strong>Bent.</strong></span> <span class='ocrx_word' id='word_1_514' title='bbox 718 2607 819 2646; x_wconf 85' lang='lat' dir='ltr'><strong>AEque</strong></span> <span class='ocrx_word' id='word_1_515' title='bbox 833 2605 931 2637; x_wconf 86' lang='lat' dir='ltr'><strong>deest</strong></span> <span class='ocrx_word' id='word_1_516' title='bbox 947 2606 979 2637; x_wconf 91' lang='lat' dir='ltr'><strong>in</strong></span> <span class='ocrx_word' id='word_1_517' title='bbox 996 2606 1113 2638; x_wconf 87' lang='lat' dir='ltr'><strong>Guelf.</strong></span> <span class='ocrx_word' id='word_1_518' title='bbox 1126 2609 1224 2637; x_wconf 81' lang='lat'><strong>3.—-6</strong></span> <span class='ocrx_word' id='word_1_519' title='bbox 1247 2607 1364 2638; x_wconf 81' lang='lat' dir='ltr'><strong>Eodem</strong></span> <span class='ocrx_word' id='word_1_520' title='bbox 1378 2607 1454 2638; x_wconf 76' lang='lat' dir='ltr'><strong>mihi</strong></span> <span class='ocrx_word' id='word_1_521' title='bbox 1470 2617 1572 2638; x_wconf 82' lang='lat' dir='ltr'><strong>omues</strong></span> <span class='ocrx_word' id='word_1_522' title='bbox 1588 2607 1653 2639; x_wconf 87' lang='lat' dir='ltr'><strong>dno</strong></span> 
     </span>
     <span class='ocr_line' id='line_1_48' title="bbox 192 2645 1653 2688; baseline 0.003 -11"><span class='ocrx_word' id='word_1_523' title='bbox 192 2645 277 2678; x_wconf 80' lang='lat' dir='ltr'><strong>Mss.</strong></span> <span class='ocrx_word' id='word_1_524' title='bbox 294 2657 313 2677; x_wconf 89' lang='lat' dir='ltr'><strong>e</strong></span> <span class='ocrx_word' id='word_1_525' title='bbox 329 2647 436 2679; x_wconf 87' lang='lat' dir='ltr'><strong>Boecl.</strong></span> <span class='ocrx_word' id='word_1_526' title='bbox 461 2657 547 2678; x_wconf 87' lang='lat' dir='ltr'><strong>unus</strong></span> <span class='ocrx_word' id='word_1_527' title='bbox 563 2649 666 2679; x_wconf 76' lang='lat' dir='ltr'><strong>eodem</strong></span> <span class='ocrx_word' id='word_1_528' title='bbox 687 2658 790 2680; x_wconf 86' lang='lat' dir='ltr'><strong>omnes</strong></span> <span class='ocrx_word' id='word_1_529' title='bbox 805 2649 952 2680; x_wconf 79' lang='lat' dir='ltr'><strong>videntur</strong></span> <span class='ocrx_word' id='word_1_530' title='bbox 966 2649 1056 2688; x_wconf 76' lang='lat' dir='ltr'><strong>mihi,</strong></span> <span class='ocrx_word' id='word_1_531' title='bbox 1072 2650 1135 2680; x_wconf 92' lang='lat' dir='ltr'><strong>Bo.</strong></span> <span class='ocrx_word' id='word_1_532' title='bbox 1162 2650 1194 2680; x_wconf 77' lang='lat' dir='ltr'><strong>in</strong></span> <span class='ocrx_word' id='word_1_533' title='bbox 1216 2651 1319 2680; x_wconf 79' lang='lat' dir='ltr'><strong>eodem</strong></span> <span class='ocrx_word' id='word_1_534' title='bbox 1336 2650 1414 2681; x_wconf 75' lang='lat' dir='ltr'><strong>mihi</strong></span> <span class='ocrx_word' id='word_1_535' title='bbox 1428 2651 1574 2681; x_wconf 63' lang='lat' dir='ltr'><strong>{sidentur</strong></span> <span class='ocrx_word' id='word_1_536' title='bbox 1590 2661 1653 2681; x_wconf 88' lang='lat' dir='ltr'><strong>om-</strong></span> 
     </span>
     <span class='ocr_line' id='line_1_49' title="bbox 192 2689 1653 2733; baseline 0.004 -15"><span class='ocrx_word' id='word_1_537' title='bbox 192 2698 257 2720; x_wconf 80' lang='lat' dir='ltr'><strong>nes.</strong></span> <span class='ocrx_word' id='word_1_538' title='bbox 275 2689 354 2722; x_wconf 80' lang='lat' dir='ltr'><strong>Hel.</strong></span> <span class='ocrx_word' id='word_1_539' title='bbox 369 2692 472 2722; x_wconf 75' lang='lat' dir='ltr'><strong>eodem</strong></span> <span class='ocrx_word' id='word_1_540' title='bbox 490 2701 549 2731; x_wconf 90' lang='lat' dir='ltr'><strong>pro</strong></span> <span class='ocrx_word' id='word_1_541' title='bbox 567 2692 804 2731; x_wconf 57' lang='lat' dir='ltr'><strong>eodemque-7</strong></span> <span class='ocrx_word' id='word_1_542' title='bbox 830 2693 873 2722; x_wconf 90' lang='lat' dir='ltr'><strong>Et</strong></span> <span class='ocrx_word' id='word_1_543' title='bbox 889 2692 918 2723; x_wconf 84' lang='lat' dir='ltr'><strong>ei</strong></span> <span class='ocrx_word' id='word_1_544' title='bbox 933 2693 1002 2723; x_wconf 79' lang='lat' dir='ltr'><strong>ludo</strong></span> <span class='ocrx_word' id='word_1_545' title='bbox 1019 2702 1134 2723; x_wconf 90' lang='lat' dir='ltr'><strong>omnes</strong></span> <span class='ocrx_word' id='word_1_546' title='bbox 1147 2692 1235 2733; x_wconf 88' lang='lat' dir='ltr'><strong>apud</strong></span> <span class='ocrx_word' id='word_1_547' title='bbox 1253 2693 1362 2724; x_wconf 87' lang='lat' dir='ltr'><strong>Boecl.</strong></span> <span class='ocrx_word' id='word_1_548' title='bbox 1388 2693 1571 2724; x_wconf 87' lang='lat' dir='ltr'><strong>Bembinus</strong></span> <span class='ocrx_word' id='word_1_549' title='bbox 1586 2703 1653 2724; x_wconf 85' lang='lat' dir='ltr'><strong>uon</strong></span> 
     </span>
     <span class='ocr_line' id='line_1_50' title="bbox 191 2730 1652 2776; baseline 0.004 -16"><span class='ocrx_word' id='word_1_550' title='bbox 191 2730 294 2763; x_wconf 83' lang='lat' dir='ltr'><strong>habet</strong></span> <span class='ocrx_word' id='word_1_551' title='bbox 311 2734 584 2773; x_wconf 83' lang='lat' dir='ltr'><strong>conjunctionem</strong></span> <span class='ocrx_word' id='word_1_552' title='bbox 602 2734 658 2766; x_wconf 86' lang='lat' dir='ltr'><strong>Et.</strong></span> <span class='ocrx_word' id='word_1_553' title='bbox 683 2735 740 2766; x_wconf 86' lang='lat' dir='ltr'><strong>Fa.</strong></span> <span class='ocrx_word' id='word_1_554' title='bbox 780 2735 899 2766; x_wconf 81' lang='lat' dir='ltr'><strong>Nostri</strong></span> <span class='ocrx_word' id='word_1_555' title='bbox 916 2745 1033 2766; x_wconf 88' lang='lat' dir='ltr'><strong>omnes</strong></span> <span class='ocrx_word' id='word_1_556' title='bbox 1051 2742 1244 2776; x_wconf 81' lang='lat' dir='ltr'><strong>perperam,</strong></span> <span class='ocrx_word' id='word_1_557' title='bbox 1258 2736 1302 2766; x_wconf 87' lang='lat' dir='ltr'><strong>Et</strong></span> <span class='ocrx_word' id='word_1_558' title='bbox 1318 2736 1346 2767; x_wconf 76' lang='lat' dir='ltr'><strong>ei</strong></span> <span class='ocrx_word' id='word_1_559' title='bbox 1361 2737 1442 2767; x_wconf 80' lang='lat' dir='ltr'><strong>ludo.</strong></span> <span class='ocrx_word' id='word_1_560' title='bbox 1481 2736 1547 2766; x_wconf 91' lang='lat' dir='ltr'><strong>Sed</strong></span> <span class='ocrx_word' id='word_1_561' title='bbox 1561 2737 1652 2767; x_wconf 83' lang='lat' dir='ltr'><strong>aliud</strong></span> 
     </span>
     <span class='ocr_line' id='line_1_51' title="bbox 191 2774 1652 2819; baseline 0.004 -15"><span class='ocrx_word' id='word_1_562' title='bbox 191 2774 248 2805; x_wconf 88' lang='lat' dir='ltr'><strong>hie</strong></span> <span class='ocrx_word' id='word_1_563' title='bbox 271 2776 488 2815; x_wconf 67' lang='lat' dir='ltr'><strong>quaerendum</strong></span> <span class='ocrx_word' id='word_1_564' title='bbox 503 2788 511 2807; x_wconf 85' lang='lat'>:</span> <span class='ocrx_word' id='word_1_565' title='bbox 538 2778 720 2814; x_wconf 79' lang='lat' dir='ltr'><strong>Quorsum,</strong></span> <span class='ocrx_word' id='word_1_566' title='bbox 739 2787 864 2818; x_wconf 69' lang='lat' dir='ltr'><strong>quaeso,</strong></span> <span class='ocrx_word' id='word_1_567' title='bbox 877 2778 951 2818; x_wconf 85' lang='lat' dir='ltr'><strong>jam</strong></span> <span class='ocrx_word' id='word_1_568' title='bbox 966 2778 1115 2817; x_wconf 83' lang='lat' dir='ltr'><strong>dubitat,</strong></span> <span class='ocrx_word' id='word_1_569' title='bbox 1130 2777 1166 2809; x_wconf 72' lang='lat' dir='ltr'><strong>Si</strong></span> <span class='ocrx_word' id='word_1_570' title='bbox 1181 2779 1260 2809; x_wconf 78' lang='lat' dir='ltr'><strong>ullus</strong></span> <span class='ocrx_word' id='word_1_571' title='bbox 1275 2783 1322 2810; x_wconf 78' lang='lat' dir='ltr'><strong>est</strong></span> <span class='ocrx_word' id='word_1_572' title='bbox 1337 2779 1451 2810; x_wconf 73' lang='lat' dir='ltr'><strong>ludus?</strong></span> <span class='ocrx_word' id='word_1_573' title='bbox 1472 2789 1546 2810; x_wconf 74' lang='lat' dir='ltr'><strong>cum</strong></span> <span class='ocrx_word' id='word_1_574' title='bbox 1565 2789 1652 2819; x_wconf 85' lang='lat' dir='ltr'><strong>prae-</strong></span> 
     </span>
     <span class='ocr_line' id='line_1_52' title="bbox 193 2816 1648 2863; baseline 0.003 -15"><span class='ocrx_word' id='word_1_575' title='bbox 193 2816 338 2850; x_wconf 85' lang='lat' dir='ltr'><strong>cedente</strong></span> <span class='ocrx_word' id='word_1_576' title='bbox 355 2829 453 2850; x_wconf 82' lang='lat' dir='ltr'><strong>versu</strong></span> <span class='ocrx_word' id='word_1_577' title='bbox 469 2820 584 2852; x_wconf 85' lang='lat' dir='ltr'><strong>ludum</strong></span> <span class='ocrx_word' id='word_1_578' title='bbox 600 2820 703 2852; x_wconf 81' lang='lat' dir='ltr'><strong>talem</strong></span> <span class='ocrx_word' id='word_1_579' title='bbox 722 2830 808 2862; x_wconf 84' lang='lat' dir='ltr'><strong>esse,</strong></span> <span class='ocrx_word' id='word_1_580' title='bbox 821 2828 859 2853; x_wconf 87' lang='lat' dir='ltr'><strong>ut</strong></span> <span class='ocrx_word' id='word_1_581' title='bbox 880 2825 997 2853; x_wconf 84' lang='lat' dir='ltr'><strong>notum</strong></span> <span class='ocrx_word' id='word_1_582' title='bbox 1022 2826 1055 2853; x_wconf 89' lang='lat' dir='ltr'><strong>et</strong></span> <span class='ocrx_word' id='word_1_583' title='bbox 1077 2828 1290 2863; x_wconf 80' lang='lat' dir='ltr'><strong>compertum</strong></span> <span class='ocrx_word' id='word_1_584' title='bbox 1304 2822 1516 2863; x_wconf 73' lang='lat' dir='ltr'><strong>sumpsisset.</strong></span> <span class='ocrx_word' id='word_1_585' title='bbox 1562 2822 1648 2852; x_wconf 70' lang='lat' dir='ltr'><strong>Haec</strong></span> 
     </span>
    </p>
   </div>
  </div>
 </body>
</html>
