1966 3302
290 207 377 248 5:36
783 222 823 251 P.
856 220 1099 254 Tnnnurn
1133 225 1252 256 Arm

292 312 385 353 Pu.
417 313 592 366 Dignus
634 318 717 355 est.
778 314 871 356 GN.
916 315 1115 358 Thraso!
1167 319 1243 360 ubi
1283 320 1367 371 vis,
1412 321 1591 365 accede.
1656 323 1747 366 ΤΗ.

463 380 659 423 Obsecro
682 386 740 432 te,
765 383 873 436 quid
895 384 1101 436 agimus?

291 445 386 488 GN.
420 447 575 498 Quid?
621 449 696 490 isti
728 457 771 490 te
801 451 1087 503 ignorabant:
1129 457 1371 508 postquam
1400 455 1467 498 eis
1497 469 1641 500 mores
1674 471 1745 500 os-

460 515 583 556 tendi
605 520 725 566 tuos,

291 581 348 623 Et
367 582 619 623 collaudavi
642 584 879 625 secundum
900 585 1020 627 facta
1041 591 1083 628 et
1102 588 1287 630 virtutes
1305 592 1420 640 tuas,
1689 592 1748 635 60

292 649 549 703 Impetravi.
609 651 700 692 ΤΗ.
731 653 855 693 Bene
876 654 1047 696 fecisti:
1079 656 1258 708 gratiam
1281 656 1424 698 habeo
1444 670 1714 702 maxumam.

289 716 531 770 Nunquam
571 719 708 760 etiam
749 720 813 760 fui
852 734 1056 775 usquam,
1102 724 1208 777 quin
1253 737 1322 765 me
1361 738 1513 767 omnes
1553 731 1747 770 amarent

457 786 708 839 plurimum.

288 851 380 893 GN.
411 851 566 893 Dixin’
588 867 669 906 ego
690 855 736 895 in
757 855 841 896 hoc
864 856 1007 898 inesse
1029 858 1159 898 vobis
1180 857 1379 900 Atticam
1400 859 1698 913 elegantiam?

284 981 432 1012 illudatis.
478 983 545 1014 CH.
566 984 700 1016 Gratum
717 985 772 1016 hoc
787 987 873 1017 nobis
888 992 944 1019 est.
991 988 1063 1019 PH.
1083 989 1210 1028 Dignus
1225 992 1283 1028 est,
1299 990 1431 1029 Thraso,
1446 990 1500 1030 qui
1514 990 1561 1021 sic
1581 993 1746 1022 tractetur.

286 1023 355 1054 GN.
376 1025 502 1064 ΤΙιναεο,
516 1028 636 1066 quando
651 1029 768 1065 libebit,
783 1031 900 1060 accede.
946 1032 1014 1062 ΤΗ.
1030 1032 1159 1069 Amabo,
1174 1034 1249 1072 quid
1263 1033 1376 1072 egisti?
1421 1033 1491 1064 GN.
1507 1033 1571 1064 Isti
1584 1033 1744 1073 ingenium

285 1069 370 1096 tuum
385 1077 444 1098 non
457 1074 664 1107 cognoverant
674 1082 684 1100 :
706 1075 867 1111 postquam
883 1074 927 1104 eis
943 1075 1069 1114 exposui
1084 1085 1182 1105 mores
1199 1078 1278 1114 tuos,
1303 1079 1392 1116 teque
1414 1076 1510 1106 etiam
1531 1076 1675 1107 laudibus
1688 1086 1744 1107 ex-

283 1109 354 1148 tuli,
368 1115 457 1149 prout
465 1111 557 1148 sacta
571 1116 625 1143 tua
641 1117 672 1144 et
686 1114 819 1145 virtutes
832 1120 998 1155 merentur,
1012 1117 1176 1157 impetravi
1190 1118 1229 1148 ab
1243 1121 1288 1148 eis
1303 1119 1383 1158 quod
1395 1117 1526 1149 volebas.
1571 1119 1641 1150 ΤΗ.
1655 1119 1745 1150 Bene

283 1153 414 1183 meritus
441 1163 473 1184 es
501 1156 539 1185 de
562 1166 629 1186 me:
647 1158 786 1195 gratiam
814 1158 908 1190 habeo
936 1161 1116 1191 maximam.
1163 1161 1333 1200 Nunquam
1355 1161 1460 1200 etiam,
1484 1160 1664 1201 ubicumque
1675 1161 1744 1200 fui,

284 1195 364 1226 ullus
385 1197 505 1237 extitit,
525 1198 577 1237 qui
602 1209 650 1230 me
678 1209 793 1231 summo
818 1211 920 1233 amore
942 1213 1003 1233 non
1026 1204 1288 1244 complecteretur.
1325 1204 1395 1235 GN.
1423 1205 1532 1235 Nonne
1554 1205 1601 1235 ita
1627 1207 1687 1244 est,
1707 1207 1744 1235 ut

283 1238 366 1269 tobis
395 1241 476 1280 dlxi,
505 1241 670 1272 Thrasonis
698 1244 903 1284 eloquentiam
932 1256 997 1276 esse
1022 1247 1114 1287 plane
1142 1246 1308 1278 Atticam?
1351 1246 1425 1278 Pu.
1457 1247 1567 1287 Nihil,
1599 1247 1740 1287 Gnatho,

889 1340 926 1351 ee
932 1341 947 1352 t
951 1341 1130 1353 eremo

283 1400 413 1432 duobus
429 1402 515 1433 Mss.
533 1403 649 1434 laudat
666 1404 809 1445 Parens,
834 1416 875 1437 ex
900 1407 1009 1438 tribus
1031 1408 1175 1449 proebeo:
1197 1407 1286 1449 quod
1303 1416 1425 1448 magno
1441 1411 1566 1439 conatu
1581 1407 1740 1440 defendit

282 1444 450 1476 Muretus.
495 1447 616 1477 Cicero
646 1454 758 1478 autem
782 1450 1004 1481 ‘comedendi
1019 1451 1028 1463 '
1055 1452 1160 1482 verbo
1184 1452 1310 1491 passim
1333 1451 1396 1482 hoc
1414 1460 1515 1481 seusu
1532 1450 1649 1482 utitur.
1693 1451 1740 1483 Et

282 1486 438 1519 Plautus.
468 1489 565 1521 li'est.
595 1490 862 1523 Recentissimns
877 1494 1029 1534 quisque,
1043 1499 1079 1525 et
1095 1494 1370 1535 pessimusliber,
1388 1494 1528 1534 proebeo:
1549 1493 1738 1524 Bembinus

284 1539 362 1560 vero
380 1536 415 1561 et
432 1540 548 1562 omnes
566 1533 621 1563 alii
638 1534 769 1574 antiqui
784 1536 913 1575 propino
927 1536 1068 1576 habent,
1083 1543 1119 1569 ut
1136 1537 1169 1568 in
1187 1537 1335 1568 lectione
1353 1537 1500 1577 vulgata.
1542 1535 1597 1566 Ita
1614 1541 1651 1568 et
1668 1537 1738 1567 Do-

284 1579 396 1609 natus,
411 1574 466 1613 qui
484 1574 569 1606 dicit
584 1575 799 1608 Gnathonem
813 1577 924 1609 facete
942 1580 989 1610 sic
1007 1580 1147 1619 dixisse,
1166 1586 1201 1610 ut
1215 1580 1414 1620 parasitum,
1430 1584 1465 1609 et
1481 1583 1518 1610 ut
1535 1579 1646 1627 quide
1659 1588 1739 1611 con-

280 1616 370 1646 vivio
385 1617 593 1656 loqueretur.
641 1620 757 1660 Atqui,
782 1621 809 1651 si
833 1621 988 1662 dixisset,
1003 1623 1201 1654 deridendum
1216 1623 1349 1663 praebeo,
1373 1621 1454 1663 quid
1470 1620 1574 1653 faceti
1591 1626 1684 1654 esset
1704 1623 1738 1654 in

281 1658 398 1690 dicto?
416 1669 477 1690 nec
493 1661 603 1691 versui
620 1668 806 1702 propterea
825 1664 1021 1704 timendum,
1039 1666 1127 1706 quod
1141 1666 1272 1706 propino
1289 1666 1431 1706 primam
1445 1664 1612 1704 corripiat
1623 1675 1639 1713 3-
1659 1675 1738 1696 nam

281 1705 316 1732 et
329 1701 471 1733 eandem
487 1705 647 1744 producit
665 1705 847 1738 Martialis.
873 1708 931 1739 Fa.
977 1709 1091 1740 Pudet
1112 1718 1165 1739 me
1190 1713 1382 1739 nostrorum
1397 1707 1567 1746 codicum,
1582 1717 1639 1748 qut
1653 1718 1736 1756 prefe-

281 1744 353 1775 bebo
372 1745 422 1775 vel
446 1747 566 1785 praebm
583 1748 720 1787 habent,
742 1758 807 1780 uuo
837 1755 970 1782 tantum
996 1752 1149 1783 alterove
1173 1756 1334 1792 excepto.
1380 1750 1520 1791 Propino
1541 1750 1614 1781 sine
1630 1749 1736 1800 dubio

282 1793 387 1819 recte.
432 1788 500 1819 Sed
519 1790 607 1821 aliud
627 1796 677 1821 est
695 1791 784 1832 quod
802 1793 904 1824 miror
914 1799 965 1826 tot
978 1804 1118 1834 sagaces
1131 1794 1346 1835 Interpretes
1374 1793 1596 1833 praeteriisse.
1611 1835 1618 1842 ι
1642 1793 1734 1843 Quid

280 1830 368 1860 enim
394 1831 470 1871 hoc,
493 1833 631 1873 Propino
655 1836 868 1866 comedendum
891 1840 922 1867 et
946 1837 1168 1868 deridendum?
1212 1838 1332 1870 Qualis
1358 1845 1438 1866 vero
1459 1836 1649 1884 propinat-zo,
1677 1836 1735 1868 ubi

279 1873 371 1903 nulla
398 1879 499 1914 potus
524 1876 653 1907 mentio
678 1877 755 1907 est?
801 1878 921 1910 Qualis
948 1890 1048 1920 porro
1072 1881 1202 1911 utilitas
1220 1881 1252 1910 in
1270 1880 1375 1911 stulto
1392 1879 1526 1909 homine
1543 1879 1709 1927 deridendo
1725 1883 1738 1910 ‚⁹

278 1916 429 1947 Taedium
455 1917 518 1948 hoc
548 1920 666 1960 magiS,
694 1930 791 1961 quam
812 1926 871 1952 aut
898 1923 1027 1953 lucrum
1047 1928 1105 1954 aut
1122 1924 1275 1963 voluptas
1293 1927 1396 1952 esset.
1431 1922 1519 1953 ‘Non
1537 1927 1648 1961 patiar
1665 1925 1735 1952 tam

278 1958 430 1990 deforme
447 1961 606 1992 mendum
625 1962 749 1993 diutius
771 1964 824 1994 hic
848 1964 1050 1997 inolescere.
1098 1967 1190 2006 Lego
1218 1966 1318 2003 enim,
1341 1964 1439 1995 Hunc
1463 1964 1678 2013 comedendum
1704 1967 1735 1995 et

278 2001 457 2032 ebibendum
484 2004 568 2034 vobis
591 2005 733 2045 propino.
779 2007 902 2039 Placet.
945 2009 1024 2040 Jam
1053 2008 1157 2039 habet
1186 2008 1338 2045 Gnatho,
1365 2006 1454 2048 quod
1480 2007 1542 2055 eis·
1561 2010 1733 2047 propinet.

278 2044 346 2075 Res
363 2045 495 2085 prodigi
512 2048 647 2086 nepotis
663 2057 728 2079 non
745 2049 854 2080 minus
871 2051 1071 2082 exhauritur
1086 2051 1162 2082 vino
1179 2050 1382 2091 praebendo,
1399 2059 1499 2090 quam
1514 2048 1608 2081 cibo:
1635 2058 1734 2090 aeque

278 2087 429 2118 ebibitur
442 2089 542 2120 homo
559 2090 740 2131 ejusmodi,
756 2102 794 2122 ac
812 2094 1022 2124 comeditur:
1048 2104 1143 2135 aeque
1166 2094 1347 2134 exsugitur
1371 2093 1446 2134 quis
1467 2097 1502 2124 et
1519 2091 1734 2141 exsorbetur,

276 2140 374 2170 quam
386 2131 580 2163 devoratur.
627 2133 732 2172 Quid,
745 2135 834 2175 quod
850 2137 990 2168 deridere
1006 2147 1072 2167 non
1089 2141 1141 2168 est
1156 2138 1236 2167 vitae
1255 2136 1470 2184 parasiticae3
1497 2139 1556 2166 aut
1581 2144 1647 2175 lpst
1675 2134 1734 2166 de-

277 2173 442 2212 ridentur,
457 2181 515 2205 aut
533 2175 606 2205 aliis
631 2177 793 2208 arrident.
843 2180 974 2210 Nonius
1007 2189 1037 2210 v.
1065 2180 1280 2220 Propinare:
1309 2179 1512 2210 ‘Terentius
1542 2177 1731 2208 Eunucho:

278 2215 374 2246 Hunc
386 2216 471 2246 vobis
486 2219 701 2250 comedendum
714 2224 743 2251 et
760 2220 922 2252 bibendum
937 2225 967 2253 et
983 2222 1183 2254 deridendum
1195 2222 1349 2263 propino?
1376 2221 1481 2252 Vides
1489 2220 1732 2269 ‘versum-ultra

278 2259 438 2289 terminos
457 2269 662 2292 excurrere:
686 2267 721 2293 et
739 2264 808 2294 veri
826 2264 1005 2296 admodum
1023 2265 1132 2296 simile
1153 2271 1218 2304 est,
1243 2264 1414 2305 duplicem
1441 2263 1539 2311 huJus
1567 2263 1635 2294 loci
1662 2263 1731 2294 lec-

277 2302 406 2332 tionem
423 2302 466 2333 ab
477 2303 611 2333 homine
628 2304 765 2336 minime
778 2307 866 2337 malo
877 2318 950 2338 esse
965 2308 1123 2348 positam,
1138 2314 1207 2339 tam
1223 2312 1371 2338 veterem
1385 2309 1415 2337 et
1431 2306 1621 2354 ebibendum,
1632 2314 1731 2354 quam

277 2345 445 2375 noviciam
462 2348 492 2376 et
507 2347 722 2379 deridendum.
734 2349 837 2381 Bent.
855 2350 1005 2381 Praebebo
1021 2351 1063 2382 R.
1079 2351 1136 2381 sed
1153 2352 1282 2391 propino
1298 2350 1330 2380 in
1348 2348 1518 2397 plerisque
1535 2347 1616 2397 ¹¹¹in
1633 2347 1732 2379 LGd.

276 2387 465 2418 Fatendum
489 2394 541 2419 est
561 2390 762 2421 deridendum
772 2392 939 2432 propinare
955 2394 1098 2424 nonnisi
1116 2403 1177 2433 per
1190 2393 1307 2423 duram
1323 2391 1534 2422 catachresin
1552 2390 1640 2428 dicu
1672 2399 1729 2421 ve-

275 2435 466 2461 rumtamen
494 2431 565 2461 haec
594 2441 612 2462 a
639 2434 787 2473 parasito
806 2445 865 2475 per
882 2436 1109 2466 vernilitatem
1128 2435 1297 2476 quandam
1315 2434 1407 2465 dicta
1424 2433 1594 2465 videntur.
1621 2433 1665 2464 R.
1680 2433 1728 2464 D.

275 2473 377 2512 Vulg.
394 2473 549 2504 defendit
563 2474 642 2514 Bip.
671 2476 866 2507 Bentleium
882 2479 1036 2519 sequitui·
1052 2479 1204 2509 Bothius.
1234 2477 1381 2508 Proebebo
1392 2476 1590 2525 B·r.Praebe0
1603 2476 1730 2516 Delph.

275 2518 360 2547 —58
383 2514 515 2554 Accede,
542 2516 593 2547 ubi
619 2518 667 2547 vis
697 2519 797 2550 Both.
842 2520 895 2550 Ita
920 2523 1035 2560 dignus
1060 2525 1104 2552 est
1122 2522 1181 2552 Br.
1197 2521 1301 2562 quite
1316 2520 1544 2567 omium—59
1571 2518 1631 2549 Sed
1647 2524 1729 2550 ante

275 2559 284 2573 ‘
299 2563 478 2598 postquam
490 2558 498 2571 ’
527 2558 644 2590 Guelf.
669 2563 699 2592 2.
716 2564 830 2593 3.—61
858 2564 998 2603 Repone
1013 2563 1150 2602 fecistis.
1177 2565 1281 2594 Bent.
1313 2572 1412 2604 quem
1440 2565 1594 2602 sequitur
1624 2561 1728 2610 Both.

275 2604 360 2631 ——62
391 2601 519 2631 Omnes
532 2601 604 2632 fere
622 2605 729 2634 nostri
745 2614 821 2635 cum
840 2612 923 2636 vett.
939 2606 1026 2638 Edd.
1051 2608 1124 2647 quin
1137 2606 1343 2637 meamarint.
1385 2605 1511 2636 Recte.
1526 2604 1624 2635 Bene.
1669 2603 1727 2635 Sic

275 2643 334 2674 ΒΓ.
364 2644 418 2674 Me
433 2654 536 2675 omnes
560 2645 632 2684 quin
645 2646 833 2678 Boou-63
861 2649 911 2679 M.
936 2649 1021 2679 ‘cobis
1045 2651 1078 2680 in
1096 2650 1151 2680 hoc
1177 2659 1248 2680 esse.
1296 2649 1426 2688 Magna
1442 2647 1628 2678 Msstorum
1646 2655 1725 2685 pars

277 2691 315 2716 et
332 2686 397 2716 ET.
417 2687 496 2717 EM.
514 2696 588 2717 eum
608 2689 746 2720 Donato
763 2690 859 2730 tegit,
876 2692 1089 2731 eloquentiam.
1135 2692 1203 2723 Sed
1219 2696 1252 2722 et
1270 2692 1428 2722 Erasmus
1443 2690 1477 2720 in
1501 2688 1609 2737 Adag5
1634 2689 1727 2720 Mar-

276 2729 349 2758 tiai.
376 2737 424 2760 1v.
440 2731 491 2759 86.
515 2732 543 2761 l.
578 2731 677 2761 West.
722 2733 861 2763 Atticum
889 2735 1108 2775 eloquentiam]
1134 2735 1190 2766 Ita
1217 2744 1331 2765 omnes
1347 2736 1503 2764 recentes
1528 2731 1617 2770 libri,
1647 2741 1724 2763 cum

274 2771 414 2802 Donato
432 2782 438 2802 :
467 2772 526 2802 sed
556 2772 698 2814 antiqui,
712 2776 918 2814 elegantium:
944 2781 1032 2818 quod
1060 2778 1164 2818 magis
1179 2777 1313 2809 videtur
1327 2776 1383 2808 hui
1419 2775 1506 2815 loco,
1521 2778 1556 2807 et
1569 2783 1724 2816 personae
