1966 3302
562 186 775 222 HEGYRAE
810 187 917 218 Ac'r.
950 187 1016 217 iv.
1048 186 1118 219 sc.
1152 186 1182 217 1.
1513 178 1596 221 861

150 283 351 325 Misera?
381 295 481 323 nam
505 283 730 324 audivisse
751 296 903 324 vocem
924 284 1045 337 pueri
1065 283 1178 324 visu’
1198 281 1253 325 ’st
1270 283 1511 336 vagientis:

151 351 224 392 Ita
245 350 453 411 cprripuit
474 349 711 402 derepente
732 351 894 390 tacitus
913 364 1008 391 sese
1030 351 1085 391 ad
1107 350 1259 392 filiam.

151 418 288 469 Quod
323 418 362 458 si
391 417 590 458 rescierit
610 410 836 472 peperisse
858 431 972 469 eam,
1007 419 1054 459 id
1087 431 1176 473 qua
1208 432 1345 460 causa
1380 417 1495 459 clam
1528 430 1598 459 me

321 484 532 525 habuisse

152 553 349 594 Dicam?
372 565 460 593 non
480 550 650 604 aedepol
671 550 781 592 scio.
1573 553 1601 592 5

152 619 241 660 Sed
262 619 424 660 ostium
456 618 734 671 concrepuit:
765 617 909 668 credo,
942 618 1088 672 ipsum
1123 617 1180 659 ad
1211 631 1280 660 me
1302 618 1448 662 exire:
1479 618 1601 660 nulla

326 685 447 727 sum!

156 754 306 796 Pam.
336 753 466 795 Uxor
485 752 561 794 ubi
583 750 651 794 me
673 751 729 794 ad
749 751 883 794 filiam
905 752 967 793 ire
986 752 1139 802 sensit,
1162 766 1211 794 se
1232 753 1359 795 duxit
1379 753 1500 795 foras
1518 768 1529 806 ;

151 821 300 875 Atque
319 834 468 862 eccam
487 820 630 861 video.
691 819 812 869 Quid
833 820 916 869 ais,
940 820 1197 874 Myrrhina?
1228 821 1335 862 heus
1354 821 1363 863 ἱ
1385 821 1466 863 tibi
1485 821 1600 863 dico.

323 888 463 929 MYR.
496 887 677 938 Mihine,
697 888 757 928 mi
778 888 870 929 vir?

153 956 300 998 Pmn.
331 955 416 998 Vir
436 968 519 1008 ego
542 959 646 995 tuus
667 967 763 996 sum
781 955 799 995 ?
831 953 921 996 tun'
941 954 1082 997 virum
1104 968 1174 996 me
1196 959 1275 996 aut
1292 955 1510 998 hominem
1530 956 1604 998 de·

322 1026 456 1076 putas
478 1023 589 1064 adeo
611 1023 742 1064 esse?

153 1090 272 1132 Nam
294 1091 333 1132 si
355 1091 570 1132 utrumvis
591 1091 761 1141 horum,
782 1089 954 1140 mulier,
986 1104 1181 1145 unquam
1203 1091 1284 1134 tibi
1307 1091 1433 1133 visus
1453 1092 1603 1143 sorem,

155 1158 258 1200 Non
280 1159 344 1199 sic
366 1158 552 1199 ludibrio
574 1159 661 1199 tuis
678 1159 810 1199 factis
832 1159 1007 1200 habitus
1028 1173 1187 1200 essem.
1227 1159 1367 1200 MYR.
1391 1159 1602 1210 Quibus?

248 1215 253 1219 ⁴
329 1226 480 1266 PHID.
512 1225 576 1266 At
595 1226 791 1279 rogitas?
1547 1229 1603 1269 11

155 1292 336 1347 Peperit
357 1294 458 1334 filia.
490 1293 624 1344 Hem,
656 1294 808 1334 taces?
841 1293 911 1334 Ex
935 1294 1057 1349 quo?
1108 1292 1248 1335 MYR.
1280 1293 1403 1336 Istuc
1434 1300 1605 1348 patrem

322 1374 476 1415 rogare
497 1365 564 1402 est
584 1374 760 1415 aequom
777 1361 795 1402 ?

155 1465 226 1496 dam
239 1463 372 1504 infelix?
393 1474 465 1495 num
490 1465 648 1504 vagientis
670 1465 760 1505 pueri
786 1466 900 1496 cZamor
914 1464 1038 1496 videtur
1062 1466 1103 1496 ad
1121 1475 1212 1496 aures
1228 1464 1293 1503 ejus
1310 1465 1486 1506 pervenisse
1496 1476 1510 1504 ;
1531 1468 1607 1499 adeo

154 1507 281 1548 raptim,
299 1512 330 1539 et
344 1508 446 1539 subito
460 1509 556 1539 silens
570 1509 611 1539 ad
616 1508 724 1549 filiam
741 1518 775 1538 se
789 1507 934 1538 contulit.
980 1508 1070 1542 Quod
1084 1508 1112 1539 si
1127 1507 1308 1548 cognoverit
1323 1518 1389 1539 eam
1401 1513 1528 1548 partum
1542 1511 1607 1542 edi-

154 1550 248 1584 disse,
270 1560 326 1591 per
349 1551 508 1582 Pollucem
529 1551 633 1581 nescio
654 1561 713 1591 qua
734 1552 772 1581 de
793 1560 886 1581 causa
906 1549 936 1582 ei
955 1551 1057 1582 dicam
1079 1561 1125 1583 me
1147 1551 1202 1582 hoc
1217 1551 1374 1582 celnvisse.
1417 1551 1482 1583 Sed
1495 1553 1608 1585 ostium

155 1592 285 1624 stridit:
307 1594 399 1625 credo
414 1593 514 1633 ipsum
522 1593 615 1631 sorus
630 1596 670 1624 ad
686 1603 732 1624 me
745 1593 888 1633 prodire:
908 1593 1001 1632 perii,
1035 1593 1105 1625 ΡΗ.
1133 1594 1195 1624 Ubi
1206 1604 1286 1625 uxor
1300 1594 1383 1625 vidit
1396 1604 1443 1625 me
1453 1596 1495 1625 ad
1499 1595 1608 1637 filiam

153 1635 215 1674 ire,
235 1634 331 1673 foras
358 1635 448 1667 abiit.
492 1636 598 1676 Atque
619 1646 685 1668 ecce
706 1646 772 1667 eam
798 1635 961 1676 conspicio.
1008 1636 1092 1672 Quid
1116 1637 1175 1672 ais,
1206 1637 1398 1677 Myrrhina?
1419 1638 1493 1677 quid
1513 1639 1610 1670 siles?
1643 1671 1648 1675 ,

156 1677 244 1713 heus,
260 1681 290 1709 te
305 1679 433 1718 appello.
477 1679 556 1710 Mv.
579 1679 673 1710 Mene
686 1679 786 1719 ipsam
800 1679 947 1719 appellas,
962 1679 1005 1709 mz'
1020 1679 1090 1710 vir?
1135 1680 1205 1711 ΡΗ.
1228 1682 1280 1710 Αη
1297 1681 1348 1711 vir
1361 1690 1418 1718 ego
1433 1684 1506 1711 tuus
1519 1685 1608 1713 sum?

159 1720 246 1751 Tune
260 1721 374 1756 virum,
390 1724 444 1752 aut
460 1721 612 1752 honeinem
627 1722 791 1762 quemlibet
802 1721 966 1752 existimas
980 1732 1026 1753 me
1040 1732 1106 1753 esse
1116 1721 1132 1754 ’.Γ
1180 1723 1262 1753 Nam
1275 1722 1304 1753 si
1319 1724 1475 1754 utmmvis
1489 1724 1609 1760 horum,

153 1763 205 1794 tel
218 1763 320 1794 virum
346 1773 394 1794 me
411 1763 599 1801 judicasses,
622 1775 683 1795 non
705 1765 750 1795 sic
772 1773 830 1804 per
851 1773 899 1800 ea,
914 1773 981 1804 quoe
986 1765 1111 1802 fecisti,
1133 1765 1256 1796 derisus
1278 1768 1308 1796 et
1324 1767 1446 1796 delusus
1461 1766 1609 1803 fuissem.

157 1805 235 1837 MY.
260 1806 326 1838 Per
345 1817 412 1846 quoe
438 1817 506 1838 mea
521 1807 615 1844 sacta
640 1807 758 1838 derisui
774 1807 896 1845 suisti?
940 1807 1010 1838 ΡΗ.
1033 1807 1081 1838 At
1101 1807 1195 1838 etiam
1219 1808 1359 1848 quaeris?
1402 1809 1489 1840 Filia
1503 1813 1610 1841 nostra

151 1849 286 1890 peperit.
330 1849 414 1880 Hem
427 1849 443 1882 Ι
462 1850 558 1881 siles?
601 1850 654 1881 Ex
669 1860 726 1891 quo
740 1850 860 1881 homine
871 1851 993 1890 peperit
1006 1854 1018 1882 ?
1055 1851 1157 1883 MYR.
1174 1851 1265 1881 Istud
1274 1854 1397 1892 patrem
1411 1852 1496 1883 decet
1510 1852 1609 1884 inter-

762 1946 1006 1958 ‘Meteneae‘o

158 2008 268 2040 tribus·
281 2008 532 2048 antiquissimis,
548 2019 610 2049 pro
634 2012 772 2050 eandem,
786 2011 881 2052 legas
896 2012 1015 2051 eadem,
1031 2010 1276 2052 distinguendo
1294 2016 1371 2051 post
1387 2011 1560 2051 ostendisti,
1573 2016 1610 2043 ut

159 2052 203 2082 sit
221 2051 317 2089 ordo,
333 2051 413 2081 nihil
431 2052 606 2082 cessavisti
625 2062 730 2093 usque
749 2055 858 2085 adhuc
873 2054 990 2085 eadem
1008 2064 1096 2092 esse,
1113 2060 1148 2084 ut
1166 2054 1245 2084 olim
1268 2063 1302 2084 se
1328 2053 1518 2092 ostendisti,
1534 2064 1611 2095 pro,

159 2103 256 2133 qnam
274 2094 352 2124 olim
371 2099 405 2124 te
423 2095 622 2126 ostendisti?
647 2096 770 2126 Fa.-2
795 2097 855 2128 Est
873 2096 968 2128 delet
984 2097 1085 2128 Both.
1103 2097 1189 2127 ‘visu
1213 2096 1255 2127 ’st
1270 2097 1319 2127 sic
1334 2106 1395 2136 per
1411 2099 1608 2137 apostroph.

157 2137 218 2167 Fa.
235 2137 308 2167 Mu.
324 2136 404 2167 Par.
421 2137 463 2167 al.
486 2143 521 2168 at
546 2138 677 2168 Erasm.
704 2139 868 2179 explicite
893 2140 978 2171 visus
1001 2139 1066 2170 est!
1092 2139 1249 2171 Pei-l.—6
1272 2139 1398 2170 Melius
1417 2140 1525 2170 nostri
1541 2149 1609 2172 nie-

157 2179 259 2210 liores
276 2186 312 2210 et
327 2180 441 2219 plures
456 2179 541 2211 exire
556 2181 596 2211 ad
610 2190 669 2211 me.
694 2181 796 2213 Bent.
820 2187 855 2213 et
877 2183 925 2213 sic
952 2191 1069 2213 omnes
1086 2182 1177 2222 apud
1196 2182 1300 2213 Boecl.
1316 2182 1438 2213 Br.—7
1464 2182 1520 2213 Ita
1536 2184 1609 2223 qui-

159 2222 239 2253 dam
254 2222 342 2261 libri,
359 2227 395 2253 et
407 2222 562 2253 Donatus
578 2234 585 2252 :
619 2224 627 2240 ‘
646 2223 688 2254 Se
701 2225 810 2264 duxit]
834 2224 957 2256 Verbis
974 2234 1054 2256 usus
1070 2230 1122 2255 est
1136 2225 1228 2255 intra
1240 2224 1445 2256 domesticos
1461 2226 1611 2266 parietes

157 2265 242 2296 artis
269 2265 362 2305 (lege
385 2265 483 2306 natis)
499 2265 741 2306 τῷἰδιωτισμῷ.’
784 2267 924 2298 Habeat
947 2268 975 2298 is
1000 2277 1095 2298 suum
1113 2267 1176 2298 sibi
1191 2266 1384 2305 ι’διωτισμόνε
1410 2273 1445 2299 et
1469 2278 1609 2308 repone,

158 2307 200 2338 Se
214 2308 440 2345 eduxitforas:
464 2313 501 2339 ut
517 2318 618 2349 supra
632 2318 689 2340 111.
705 2312 735 2340 3.
750 2312 782 2341 4.
803 2310 814 2326 ‘
831 2310 907 2343 Qua
918 2319 973 2341 me
990 2316 1130 2350 propter
1145 2310 1375 2341 exanimatum
1392 2311 1492 2342 citius
1507 2311 1611 2342 eduxi

157 2349 272 2381 foras?
326 2350 441 2382 Plaut.
462 2352 562 2382 Truc.
591 2361 616 2382 1.
642 2355 673 2383 1.
701 2355 751 2383 18.
775 2354 784 2369 ⁵
800 2352 920 2384 Pisces
945 2362 1052 2393 usque
1075 2353 1161 2383 adeo
1184 2352 1344 2384 donicum
1360 2353 1478 2384 eduxit
1495 2353 1610 2385 foras.'

158 2393 255 2424 Bene.
278 2397 313 2424 et
340 2393 388 2423 sic
416 2393 519 2424 Both.
544 2395 667 2425 seduxit
693 2395 826 2427 Br.—'7.
842 2399 862 2427 8
885 2396 946 2427 At·
968 2395 972 2437 Ι
991 2405 1047 2436 que
1073 2395 1175 2426 Both.
1198 2406 1265 2436 quo
1282 2396 1411 2436 jndice,
1428 2397 1521 2434 foras
1535 2407 1610 2428 esse

157 2436 305 2467 iambum
334 2436 419 2466 bene
435 2437 476 2468 G.
493 2437 631 2468 Vossius
648 2438 680 2468 in
697 2439 839 2478 Syntax.
855 2449 890 2479 p.
908 2441 981 2469 132.
1007 2439 1127 2469 statuit
1142 2444 1263 2470 contra
1278 2439 1418 2470 Taubm.
1436 2439 1477 2470 ad
1496 2440 1610 2471 Plant.

159 2478 240 2509 Aul.
259 2481 357 2510 1v.·1.
376 2481 472 2509 1.-8
497 2480 505 2496 ‘
523 2479 577 2510 Al.
594 2480 676 2519 Agis
693 2490 754 2521 pro
769 2482 826 2512 ais.
851 2481 1048 2513 Commode.
1095 2481 1216 2521 Neque
1239 2482 1326 2512 enim
1344 2482 1458 2513 locuta
1474 2491 1546 2513 esse
1563 2484 1611 2512 vi-

160 2521 262 2552 detur
280 2521 456 2561 Myrrhina
483 2522 684 2563 quidquam!
708 2524 858 2555 Perl.—9
882 2524 952 2555 Sim
978 2525 1012 2554 in
1041 2524 1241 2565 quibusdam
1269 2524 1378 2556 Codd.
1403 2524 1547 2565 legitur3
1576 2526 1611 2556 in

161 2564 234 2594 aliis
250 2564 354 2594 etiam
371 2573 438 2595 non
454 2567 497 2595 mz'
512 2565 574 2603 cir,
585 2565 644 2596 sed
659 2566 719 2604 tir,
732 2566 820 2606 quod
834 2567 948 2597 laudat
966 2567 1056 2607 Guy.
1102 2567 1164 2597 Est
1180 2572 1292 2597 autem
1310 2567 1442 2606 durnin,
1453 2577 1515 2598 nec
1531 2568 1611 2599 stilo

161 2606 291 2637 Comici
309 2607 416 2637 nostri
431 2608 647 2639 conveniens.
678 2609 778 2640 West.
823 2609 880 2641 Al.
900 2619 981 2649 sum,
1004 2618 1196 2650 perperam.
1225 2610 1312 2641 Perl.
1360 2610 1498 2650 Reputas
1525 2611 1611 2642 Mss.

162 2658 288 2679 omnes.
313 2649 496 2680 Eneca—12
520 2650 607 2681 Filia
635 2650 731 2682 deest
749 2652 782 2682 in
801 2652 841 2683 B.
894 2653 903 2668 ‘
919 2653 1046 2692 Peperit
1062 2651 1153 2693 fllia]
1185 2652 1312 2683 Sustnli
1335 2652 1613 2693 interrogationis

161 2695 286 2730 notam,
299 2698 462 2733 sequutus
473 2693 618 2733 optimas
634 2693 813 2734 editiones,
828 2694 938 2726 Anon.
953 2695 1050 2726 Lind.
1069 2695 1174 2726 Boeci.
1187 2695 1264 2727 Bas.
1281 2695 1477 2735 Juntarum,
1492 2696 1610 2736 Steph.

163 2734 317 2766 alioruin.
362 2735 409 2766 Et
424 2735 513 2776 Guy.
539 2745 557 2768 e
582 2746 642 2768 suo
659 2737 786 2769 Codice
802 2743 967 2779 eraserat,
982 2737 1249 2779 Autesiguanum
1267 2739 1389 2771 erroris
1407 2739 1612 2778 insimulans,
