1966 3302
354 255 452 298 998
851 264 893 295 P.
924 263 1166 295 TERENTH
1203 264 1319 295 Arai

355 361 477 414 Quid
499 363 645 403 minus
668 360 820 402 utibile
838 359 936 410 fuit,
952 360 1083 414 quam
1103 359 1188 402 hoc
1210 361 1339 402 ulcus
1360 364 1552 414 tangere,
1754 362 1810 406 10

353 429 447 472 Aut
465 428 689 471 nominare
708 428 925 469 uxorem?
958 426 1126 482 injecta
1145 432 1213 470 est
1233 441 1338 482 spes
1365 429 1494 482 patri,

354 497 499 539 Posse
519 497 640 538 illam
662 496 851 538 extrudi.
911 495 1035 538 Cedo
1056 509 1172 538 nunc
1191 510 1338 551 porro,
1361 496 1570 539 Phormio

356 566 521 608 Dotem
542 565 580 606 si
602 565 810 618 accipiet,
832 577 948 606 uxor
968 564 1168 606 ducenda
1190 569 1256 606 est
1276 565 1479 607 domum:

355 632 480 684 Quid
501 632 604 674 fiet?
664 631 754 673 GE.
777 631 881 673 Non
902 632 1016 673 enim
1039 631 1184 674 ducet.
1243 631 1340 674 AN.
1366 632 1510 675 Novi:
1541 639 1752 685 ceterum,

355 701 469 743 Cum
489 704 712 754 argentum
734 705 945 754 repetent,
967 705 1118 742 nostra
1142 715 1276 742 causa
1296 702 1469 742 scilicet
1753 703 1810 743 15

353 770 410 811 In
428 781 610 810 nervom
630 769 778 822 potius
796 768 892 810 ibit.
953 768 1042 810 GE.
1076 769 1200 811 Nihil
1222 773 1306 820 est,
1323 768 1538 824 Antipho,

355 837 475 889 Quin
494 837 608 878 male
629 837 847 878 narrando
869 838 1017 892 possit
1038 838 1336 891 depravarier.

354 904 427 946 Tu
449 904 509 956 id,
532 904 649 958 quod
671 905 778 946 boni
798 910 882 955 est,
902 906 1109 959 excerpis
1127 918 1138 957 ;
1170 905 1299 955 dicis,
1323 905 1446 960 quod
1466 906 1571 947 mali
1593 910 1677 947 est.

356 971 479 1014 Audi
498 985 615 1014 nunc
634 977 783 1014 contra
796 974 892 1028 jam
911 987 922 1016 :
953 975 992 1015 si
1013 978 1236 1028 argentum
1259 974 1496 1029 acceperit,

354 1040 575 1084 Ducenda
597 1046 667 1082 est
686 1054 817 1092 uxor,
838 1046 887 1083 ut
908 1041 1001 1084 ais:
1034 1040 1234 1099 concedo
1257 1041 1351 1083 tibi.
1753 1042 1810 1083 20

352 1110 561 1164 Spatium
583 1110 765 1164 quidem
786 1111 964 1152 tandem
986 1109 1251 1165 apparandis
1271 1108 1455 1163 nuptiis,

351 1177 575 1229 vocandi,
597 1179 905 1230 sacruficandi,
928 1179 1104 1220 dabitur
1121 1178 1365 1233 paululum.

352 1246 526 1289 Interea
546 1248 693 1297 amici,
714 1247 833 1301 quod
853 1248 1046 1302 polliciti
1066 1252 1182 1297 sunt,
1204 1246 1397 1288 dabunt:

352 1402 418 1432 dat.
466 1402 565 1441 Nam,
581 1402 699 1439 amabo,
715 1402 789 1443 quid
799 1402 901 1434 minus
916 1402 949 1433 in
962 1412 1026 1433 rem
1041 1412 1152 1440 meam,
1167 1403 1301 1442 mihique
1316 1403 1417 1433 vuinus
1431 1400 1707 1440 commodumsuit,
1723 1410 1812 1441 quom

350 1444 385 1475 in
411 1443 490 1475 hanc
511 1447 662 1477 vomicam
686 1456 819 1486 unguem
833 1446 1013 1481 immittere,
1030 1446 1092 1483 ejics
1108 1446 1154 1477 rei
1170 1446 1322 1477 mentione
1336 1446 1441 1485 sacta,
1457 1455 1524 1486 quae
1539 1444 1627 1475 nobis
1640 1444 1683 1475 sit
1696 1444 1813 1484 odiosa,

352 1490 384 1517 et
412 1488 548 1519 dolorem
572 1488 689 1529 off'erot
701 1500 712 1525 ‚·
743 1493 799 1520 aut
827 1499 935 1520 nomen
963 1490 1059 1519 solum
1088 1489 1196 1520 uxoris
1224 1499 1324 1520 coram
1351 1493 1443 1529 patre
1461 1486 1693 1529 pronuntiare?
1727 1497 1813 1528 spem

349 1530 438 1571 patri
446 1530 558 1569 fecisti
570 1542 657 1572 posse
673 1533 757 1564 illam
773 1533 860 1563 domo
876 1532 967 1570 ejici.-
990 1533 1040 1563 dic
1055 1542 1125 1563 vero
1140 1543 1233 1568 nunc,
1254 1532 1282 1562 si
1305 1532 1464 1571 pecuniam
1488 1531 1521 1562 in
1537 1531 1638 1562 dotem
1665 1530 1811 1562 Phormio

350 1583 371 1603 a
386 1577 486 1613 patre,
501 1578 531 1605 et
546 1585 565 1605 α
579 1579 691 1615 patruo
706 1575 847 1615 accipiet,
870 1576 898 1605 si
924 1577 955 1606 in
974 1575 1039 1613 ejus
1060 1576 1183 1606 domzem
1204 1575 1346 1606 deductio
1371 1584 1488 1616 sponsa·
1498 1573 1649 1612 facienda
1664 1576 1723 1612 est,
1739 1574 1812 1614 quid

351 1616 495 1648 eveniet?
517 1619 590 1658 quid
606 1628 652 1649 me
658 1618 746 1660 flet?
790 1619 857 1650 GE.
882 1618 1030 1648 Phormio
1047 1619 1166 1658 quidem
1182 1628 1243 1649 non
1259 1619 1360 1649 ducet.
1407 1616 1476 1649 AN.
1499 1617 1572 1648 Scio
1585 1628 1595 1648 .·
1620 1625 1729 1648 verum
1743 1626 1812 1647 cum

350 1668 438 1690 senes
452 1661 554 1691 nostri
568 1665 733 1700 argentum
753 1666 890 1701 repetere
905 1662 1038 1701 cupient,
1053 1661 1104 1692 ille
1120 1661 1269 1692 Phormio
1285 1661 1383 1692 nostri
1398 1670 1490 1691 causa
1503 1660 1537 1691 in
1551 1659 1674 1691 vincula
1689 1668 1720 1690 se
1741 1669 1813 1689 con-

343 1701 406 1740 jici
420 1706 447 1733 et
463 1705 546 1734 necti
560 1704 678 1735 scilicet
692 1705 831 1744 patietur
844 1704 958 1744 potius,
975 1715 1064 1744 quam
1079 1705 1187 1736 reddat
1205 1705 1285 1744 quod
1299 1704 1439 1735 abstulit.
1484 1703 1552 1735 GE.
1575 1703 1674 1734 Nulla
1688 1712 1738 1733 res
1752 1705 1812 1742 est,

350 1745 500 1786 Antipho,
517 1757 585 1786 quae
600 1747 678 1778 male
692 1747 795 1778 verbis
809 1748 1018 1788 exprimendo,
1034 1748 1155 1783 vitiari,
1169 1751 1199 1778 et
1211 1748 1378 1788 corrumpi,
1391 1751 1421 1777 et
1444 1747 1477 1778 in
1492 1747 1677 1777 deteriorem
1690 1748 1812 1786 partem

349 1789 430 1819 verti
453 1799 511 1820 non
535 1791 644 1829 possit.
691 1791 738 1821 Tu
759 1791 793 1821 id
815 1791 894 1831 quod
917 1790 987 1820 bom·
1011 1795 1057 1822 est
1079 1790 1256 1831 supprimis,
1280 1794 1309 1821 et
1332 1789 1627 1831 excipis'seorsum:
1649 1789 1728 1829 quod
1741 1797 1813 1820 vero

352 1831 426 1862 moli
442 1835 501 1870 est,
517 1832 593 1864 illud
609 1843 836 1865 commemoras.
881 1833 969 1865 Audi
983 1843 1061 1865 nunc
1069 1837 1174 1865 contra
1183 1833 1252 1871 jam
1264 1844 1274 1864 :
1297 1835 1324 1864 si
1341 1832 1490 1864 Phormio
1503 1833 1666 1872 pecuniam
1678 1831 1812 1862 dotalem

350 1877 515 1915 occeperit,
531 1887 610 1914 eum,
625 1880 660 1907 ut
679 1877 771 1914 dicis,
786 1886 914 1908 uxorem
937 1877 1047 1908 ducere
1068 1876 1217 1917 oportebit
1235 1887 1247 1913 ;
1268 1886 1324 1916 pei·
1345 1886 1392 1907 me
1408 1876 1481 1906 licet
1491 1885 1503 1911 ;
1525 1877 1580 1907 sed
1592 1885 1665 1906 sane
1677 1873 1812 1915 spatium

348 1919 508 1958 paululum
534 1921 658 1950 tandem
683 1920 711 1950 ei
739 1921 922 1950 concedetur
940 1921 980 1950 ad
1003 1923 1189 1961 apparatum
1203 1920 1382 1959 nuptiarum
1390 1918 1594 1957 faciendum3
1617 1918 1657 1948 ad
1673 1916 1810 1947 invitan-

351 1961 424 1992 dum
449 1962 647 2003 propinquos,
670 1963 710 1993 ad
736 1973 826 1994 sacra
840 1962 990 2001 facienda
1003 1974 1012 1994 .·
1049 1964 1123 1994 dum
1151 1963 1217 1993 haec
1245 1962 1444 2002 curabuntur,
1473 1962 1566 1992 amici
1594 1961 1673 2001 quod
1694 1959 1811 2001 promi-

962 2067 1199 2079 OMNJN‘O

352 2158 399 2189 ris
412 2157 567 2188 eruditis.
612 2157 656 2188 G.
675 2156 851 2188 Fabricius
876 2158 884 2174 ‘
898 2157 1102 2188 sententiam
1124 2156 1246 2188 bonam
1269 2161 1304 2186 et
1331 2153 1522 2186 eruditam'
1547 2157 1659 2194 vocat,
1676 2163 1811 2186 versum

353 2207 466 2232 tamen
484 2200 666 2241 improbat.
714 2201 791 2231 Non
809 2200 945 2231 videtur
962 2205 1074 2231 autem
1089 2199 1163 2231 fieri
1181 2199 1391 2240 potuisse‚ut
1407 2202 1476 2230 tam
1489 2197 1624 2238 elegans
1641 2199 1814 2229 sententia

352 2250 421 2276 tam
440 2243 616 2275 commodo
633 2244 707 2274 loco
723 2243 765 2274 ab
781 2244 1028 2284 interpolatore
1045 2243 1241 2275 adderetur.
1285 2243 1369 2273 Tum
1384 2251 1426 2273 ex
1438 2240 1568 2272 Donati
1581 2241 1717 2272 silentio
1728 2241 1812 2272 nihil

352 2293 473 2319 contra
490 2287 584 2328 hujus
605 2296 721 2317 versus
739 2286 838 2317 fidem
857 2286 1058 2325 conficitur-3
1094 2286 1182 2327 quod
1201 2286 1256 2317 ille
1273 2285 1370 2325 plura
1385 2285 1461 2316 loca
1477 2284 1731 2325 elegantissima
1745 2293 1813 2316 non

354 2330 492 2371 attingit
507 2341 515 2369 3
540 2339 603 2361 nec
622 2330 756 2369 integer
773 2335 939 2370 superest.
995 2330 1037 2361 In
1054 2329 1126 2360 aliis
1144 2329 1288 2370 legitur:
1316 2327 1405 2359 Huic
1420 2328 1556 2367 mandes,
1571 2327 1624 2367 qui
1640 2328 1671 2358 te'
1683 2327 1723 2357 ad
1746 2337 1812 2358 sco-

349 2375 457 2414 pulum
473 2384 488 2404 e
504 2374 672 2413 tranquillo
696 2373 823 2411 inserat.
869 2373 979 2405 Quam
1008 2373 1189 2403 lectionem
1217 2376 1357 2403 tuentur
1379 2371 1471 2402 Mur.
1496 2375 1531 2401 et
1558 2369 1811 2402 Gambarellns.

360 2416 459 2447 West.
503 2416 572 2447 Hic
593 2426 638 2447 vs.
654 2416 751 2447 abest
768 2426 787 2446 a
803 2417 860 2447 ΒΓ.
874 2416 912 2447 Ζ.
939 2415 1216 2456 Al.offerat.-10
1239 2415 1324 2446 Mss.
1344 2413 1479 2456 quidam
1497 2417 1532 2444 et
1548 2413 1631 2443 editi
1648 2417 1722 2453 post
1737 2413 1811 2445 ΕΡ.

351 2460 440 2490 utile.
486 2459 631 2490 Videtur
654 2463 766 2489 autem
783 2459 892 2490 utibile
919 2465 953 2489 ut
979 2459 1162 2500 antiquins,
1179 2459 1228 2489 ita
1244 2457 1350 2495 magis
1375 2456 1580 2498 genuinum3
1605 2455 1812 2496 diciturque,

352 2503 403 2533 uti
422 2502 602 2540 vincibilis,
615 2503 850 2541 conducibilis,
864 2502 1055 2533 vendibilis.
1084 2502 1266 2532 West.-14
1290 2501 1329 2530 F.
1346 2500 1385 2531 F.
1401 2499 1495 2530 Enim
1510 2509 1569 2529 non
1583 2499 1684 2530 ducet.
1700 2498 1809 2532 Idem.

354 2545 384 2576 A
402 2544 518 2576 Gnelf.
536 2548 567 2576 3.
585 2545 681 2576 abest
697 2548 930 2576 ceterum—19
952 2546 1029 2575 Jam
1043 2545 1071 2575 si
1085 2554 1186 2584 accep.
1207 2543 1353 2575 Phormio
1370 2541 1486 2574 Guelf.
1503 2544 1614 2573 1.-21
1644 2541 1686 2573 G.
1703 2541 1741 2572 F.
1757 2551 1811 2581 ap-

348 2589 485 2628 parendi
502 2589 635 2628 nuptias.
659 2588 766 2620 &Vesn
820 2588 996 2628 Improbat
1013 2589 1239 2628 Bipont.—23
1267 2586 1408 2617 Dabunt.
1432 2586 1517 2617 Mss.
1539 2585 1630 2624 Lips.
1647 2584 1748 2615 Bodl.
1765 2585 1810 2616 G.

356 2631 477 2661 Boend.
495 2632 576 2661 Wit.
594 2641 670 2662 cum
687 2631 758 2662 ΕΡ.
774 2630 871 2662 Junt.
888 2632 962 2661 aliis
979 2630 1193 2672 quibusdam,
1205 2633 1369 2669 argentum
1383 2628 1513 2660 dabunt.
1561 2627 1680 2658 Rivius
1694 2630 1811 2659 tuetur

352 2677 527 2712 argentum,
543 2680 717 2714 expuncto
732 2675 835 2705 amici.
881 2674 1009 2705 Contra
1025 2673 1157 2705 faciunt
1179 2670 1343 2711 Faernus,
1359 2672 1450 2703 Mur.
1467 2670 1510 2702 G.
1529 2674 1564 2701 et
1578 2670 1615 2700 F.
1632 2670 1669 2701 F.
1707 2670 1810 2702 West.

354 2715 480 2747 Interea
495 2717 586 2747 amici
601 2718 679 2756 quod
692 2717 826 2757 polliciti
841 2719 913 2747 sunt
928 2721 1092 2756 argentum
1105 2717 1233 2747 dabunt.
1267 2716 1318 2746 Ex
1334 2714 1541 2746 auctoritate
1556 2712 1633 2743 libri
1650 2712 1811 2744 Bembini

354 2763 389 2789 et
405 2759 607 2798 victoriani,
624 2770 807 2799 versusque
831 2761 964 2791 ratione
989 2760 1144 2791 delentes
1160 2759 1343 2790 dictionem
1361 2760 1538 2797 argentum,
1553 2755 1709 2795 legimus,
1731 2757 1810 2797 quod

351 2801 483 2842 polliciti
498 2806 582 2842 sunt,
598 2803 723 2835 dabunt.
742 2803 797 2834 Fa.
838 2803 955 2835 Nostri
976 2803 1129 2846 plerique
1147 2803 1305 2834 nesciunt
1319 2801 1401 2833 illud
1417 2802 1592 2840 argentum.
1608 2798 1711 2831 Bent.
1745 2799 1809 2831 Ar-
