1966 3302
348 220 436 262 885
852 233 889 261 Ρ.
924 232 1164 264 TERENTH
1196 234 1312 265 Arm

351 325 536 367 Manere
557 325 811 368 affinitatem
832 326 947 368 hanc
968 327 1081 369 inter
1100 340 1184 369 nos
1205 329 1325 379 volo,

351 394 401 436 Si
421 395 512 435 ullo
532 394 664 434 modo
681 398 750 435 est
770 396 817 434 ut
836 380 999 448 possitss
1019 395 1137 449 quod
1157 409 1290 449 spero
1310 396 1416 437 fore.

351 461 439 504 Sed
460 462 580 502 visne
602 461 760 502 adesse
782 475 852 503 me
874 475 975 512 una,
995 462 1096 504 dum
1118 463 1249 505 istam
1272 465 1509 506 convenis?

350 530 435 571 LA.
468 529 608 570 Immo
628 542 731 569 vero
753 531 851 571 abi:
883 531 1080 585 aliquam
1100 545 1238 586 puero
1258 533 1469 574 nutricem
1490 546 1617 587 para.

348 637 488 678 idemque
510 648 596 679 ,nunc
625 638 728 668 verbis
757 638 914 679 confirmo,
942 638 1083 675 ἰαί-ἠως,-
1113 642 1292 679 perpetuam
1322 648 1387 670 esse
1407 638 1487 670 lmnc
1510 639 1694 681 affinitatem
1721 638 1805 671 inter

347 691 403 712 nos
429 681 530 722 cupio,
550 682 578 712 si
599 682 660 712 ullo
687 682 775 712 moa'o
799 682 832 712 id
855 685 954 720 potest
970 682 1060 722 fieri,
1085 684 1163 721 quod
1186 692 1273 722 spero
1285 681 1456 719 futurarm·
1485 685 1538 714 sed
1550 682 1804 713 visnemesimul

349 727 448 755 tecum
460 728 641 764 praesentem
655 734 731 765 esse,
745 725 818 756 dum
831 724 918 756 illam
934 723 1123 766 alloqueris?
1156 726 1220 757 LA,
1246 725 1330 761 Quin
1336 726 1440 766 potius
1451 725 1514 757 abi.
1547 725 1694 766 Aliquam
1707 734 1803 766 puero

348 767 500 799 nutricem
514 777 625 809 quoere.

959 820 978 831 o*
982 820 1038 831 ete
1041 821 1200 832 mm

349 898 401 920 oro
427 892 463 920 ut
490 888 607 921 Guelf.
634 893 775 921 2.-102
801 891 891 926 Quod
914 891 1037 930 quidem
1062 889 1180 922 Guelf.
1196 893 1336 923 2.—103
1365 890 1425 923 Vin
1444 891 1540 922 Bem.
1569 894 1606 922 et
1628 890 1801 924 Donatus,

354 933 410 963 Fa.
436 933 554 964 Nostri
579 933 675 964 visne.
700 933 802 964 Bent.
822 933 892 965 Vin’
914 934 1015 965 Both.
1033 934 1237 966 Per1.-1o.›1
1265 935 1343 966 Vero
1358 935 1455 966 abest
1472 935 1514 965 ab
1538 934 1583 972 A,
1600 934 1640 972 C,
1653 935 1740 966 Bod.
1756 934 1802 967 G.

348 975 422 1007 ΕΡ.
439 975 498 1007 Br.
514 975 600 1008 GM.
617 976 698 1008 Hal.
720 981 756 1008 et
783 977 848 1008 Ms.
866 977 909 1009 R.
926 984 962 1008 et
990 978 1085 1009 Vett.
1111 977 1200 1018 apud
1228 977 1326 1009 Lind.
1354 978 1418 1010 Abi
1443 977 1536 1009 delet
1560 977 1663 1009 Both.

766 1231 970 1273 ACTUS
1002 1231 1059 1273 V.
1111 1231 1317 1274 SCENA
1348 1233 1386 1274 Ι.

834 1345 1056 1375 BACCHIS.
1108 1346 1316 1376 LACHES.

348 1415 468 1456 BAc.
499 1413 612 1455 NON
645 1414 727 1455 hoc
757 1413 810 1454 de
840 1412 980 1454 nihilo
1001 1412 1072 1464 'st,
1094 1413 1214 1468 quod
1246 1414 1418 1455 Laches
1448 1427 1518 1456 me
1548 1425 1663 1454 nunc
1693 1426 1800 1455 con-

517 1487 690 1524 ventam
712 1495 812 1523 esse
833 1481 1030 1535 expetit3

349 1550 448 1592 Nec
468 1551 543 1605 pol
562 1565 631 1592 me
650 1551 834 1592 multum
855 1550 984 1601 fallit,
1015 1551 1136 1604 quin,
1169 1549 1288 1603 quod
1323 1549 1544 1604 suspicor,
1578 1548 1652 1600 sit,
1680 1548 1802 1603 quod

523 1620 643 1660 velit.

348 1687 434 1729 LA.
466 1685 721 1727 Videndum
744 1688 828 1736 est,
856 1697 909 1725 ne
932 1685 1078 1726 minus
1098 1688 1272 1739 propter
1292 1684 1403 1726 iram
1424 1684 1535 1727 hanc
1557 1685 1800 1739 impetrem,

521 1767 654 1809 quam
675 1754 871 1807 possiem
888 1767 898 1805 ;

347 1823 439 1865 Aut
458 1836 513 1864 ne
535 1822 643 1876 quid
676 1821 838 1863 faciam
860 1822 976 1877 plus,
998 1820 1120 1876 quod
1147 1827 1251 1876 post
1282 1834 1352 1863 me
1385 1823 1528 1863 minus
1547 1822 1706 1864 fecisse
1727 1835 1801 1864 sa-

517 1891 608 1931 tius
631 1890 702 1931 sit.

390 1992 457 2024 BA.
486 1991 556 2021 Non
571 1990 626 2021 abs
638 1999 670 2020 re
687 1993 745 2029 est,
759 1991 836 2029 quod
851 1989 973 2021 Laches
986 2000 1065 2021 nunc
1080 2000 1126 2021 me
1141 1991 1206 2021 vult
1221 1989 1334 2030 alloqui
1344 2000 1357 2028 ,·
1380 1999 1447 2028 nec,
1458 1999 1515 2030 per
1529 1990 1697 2027 Pollucem,
1711 1991 1801 2022 valde

346 2035 447 2077 opinio
462 2043 510 2065 me
515 2034 618 2072 fallit,
632 2034 719 2072 quin,
733 2034 813 2072 quod
828 2032 860 2063 in
875 2033 1046 2073 suspicione
1060 2033 1164 2071 habeo,
1185 2032 1228 2063 sit
1243 2033 1287 2071 id,
1304 2034 1342 2063 de
1355 2042 1413 2073 quo
1428 2043 1474 2064 me
1488 2033 1562 2064 velit
1577 2043 1656 2064 nunc
1670 2034 1801 2073 compel-

345 2080 419 2110 lare.
464 2077 531 2108 LA.
554 2076 784 2107 Providentiam
809 2075 887 2106 mihi
912 2071 971 2111 esl,
988 2086 1025 2106 ne
1049 2077 1077 2106 si
1101 2076 1279 2107 iracundius
1296 2085 1399 2115 agam,
1415 2076 1515 2106 minus
1536 2075 1689 2107 obtineam
1709 2086 1802 2117 quam

343 2122 456 2162 possim
480 2120 589 2151 mitius
611 2120 729 2158 agendo
740 2129 752 2155 ,·
775 2122 829 2150 aut
852 2128 891 2150 ue
912 2119 986 2160 quid
1008 2119 1171 2150 violentius
1186 2118 1318 2160 faciam,
1339 2119 1419 2160 quod
1439 2122 1545 2160 postea
1565 2118 1715 2158 infectum
1739 2128 1802 2151 esse

959 2215 1017 2227 Ν)
1021 2215 1077 2227 ’θ’
1081 2216 1135 2227 000
1140 2215 1197 2226 ΙΝ

387 2284 480 2315 Male
511 2283 553 2313 ab
578 2282 640 2313 hac
663 2291 767 2313 scena
789 2281 968 2313 ordiuntur
991 2281 1069 2314 Act.
1094 2292 1128 2313 v.
1151 2292 1266 2313 omnes
1289 2281 1368 2313 edd.
1395 2285 1523 2322 praeter
1546 2280 1800 2313 Dacierianam.

347 2328 487 2367 Bip.—1
513 2326 609 2356 Bem.
623 2326 701 2356 Bas.
718 2326 795 2356 Vat.
807 2335 855 2356 me
868 2335 948 2356 nunc
962 2336 988 2357 c.
1007 2326 1147 2356 meliore
1162 2325 1401 2357 collocatione.
1425 2325 1486 2356 Fa.
1529 2324 1626 2356 Unus
1642 2324 1741 2355 modo
1757 2333 1801 2355 ex

345 2369 484 2407 nostris,
511 2378 591 2399 mmo
613 2378 671 2399 me.
694 2369 797 2398 Bent.
816 2379 897 2399 mmo
921 2379 968 2400 me
991 2369 1030 2399 Z.
1078 2369 1087 2386 ‘
1106 2369 1146 2399 In
1164 2369 1363 2409 amiq.mmc
1388 2377 1447 2405 me,
1465 2367 1572 2398 minus
1599 2367 1801 2398 numerose!

346 2414 434 2444 Perl.
459 2414 468 2429 ⁶
484 2412 539 2442 Me
554 2413 735 2442 conventam
751 2421 830 2441 nunc
847 2421 908 2442 esse
924 2413 1007 2442 Mss.
1025 2411 1103 2446 duo,
1119 2411 1238 2442 tertius
1253 2420 1334 2442 nunc
1349 2409 1420 2441 me.'
1445 2410 1552 2441 Boecl.
1584 2410 1678 2441 Nunc
1702 2409 1801 2440 deest

345 2457 380 2487 in
397 2453 513 2487 Guelf.
525 2457 620 2485 3.--·2
647 2454 733 2488 Quin
747 2454 886 2493 suspicor·
901 2456 975 2494 quid
990 2454 1064 2485 velit
1078 2454 1159 2485 Mss.
1176 2454 1254 2485 duo.
1285 2454 1377 2485 Boecl.
1395 2457 1430 2484 at
1446 2452 1561 2484 Guelf.
1585 2456 1615 2484 3.
1633 2453 1707 2493 quin
1716 2454 1802 2492 quod

344 2499 481 2539 suspicor
496 2497 646 2528 velit.-—3
671 2497 728 2527 Sic
755 2497 910 2528 codices:
937 2497 996 2528 sed
1023 2497 1064 2528 ab
1081 2497 1233 2527 Auctore
1250 2502 1336 2534 erat,
1358 2499 1486 2537 propter
1505 2496 1587 2527 iram
1608 2496 1681 2526 hinc
1702 2495 1800 2535 impe-

344 2544 434 2572 trem.
480 2540 579 2581 Hinc,
606 2540 638 2569 id
665 2544 717 2571 est
741 2538 819 2570 ‘Ab
845 2539 907 2570 hac
934 2539 1130 2572 Bacchide!
1154 2545 1192 2570 ut
1217 2539 1366 2580 Adelph.
1382 2541 1486 2570 111.3.
1503 2541 1533 2570 7.
1579 2539 1589 2556 ‘
1604 2539 1665 2570 Set
1681 2547 1800 2569 eccum

346 2584 466 2624 Syrum
493 2583 541 2613 ire
567 2583 685 2613 video:
709 2583 786 2612 hinc
815 2583 911 2613 scibo
932 2583 1004 2624 jam
1031 2582 1086 2614 ubi
1111 2582 1199 2614 siet!
1246 2583 1342 2622 Hinc,
1365 2582 1407 2613 ab
1434 2582 1496 2613 lloc
1525 2581 1623 2622 Syro.
1641 2582 1689 2612 sic
1710 2581 1800 2612 Unde

346 2627 485 2666 passim.
510 2626 606 2656 Bent.
631 2635 729 2664 quem
747 2630 936 2666 sequuntur
959 2627 1036 2666 Bip.
1053 2626 1146 2656 Perl.
1164 2627 1258 2657 Hanc
1274 2625 1314 2656 Z.
1333 2626 1391 2656 ΒΓ.
1408 2628 1468 2664 est,
1485 2628 1611 2665 propter·
1631 2623 1712 2655 iram
1728 2624 1800 2655 hinc

345 2679 383 2700 ne
400 2668 500 2699 Both.
517 2669 630 2708 possim
646 2668 766 2699 Βι-.-4
793 2669 870 2699 Plus
886 2668 985 2700 deest
1007 2670 1041 2699 in
1064 2668 1178 2700 Guelf.
1195 2672 1225 2700 3.
1271 2669 1280 2685 ‘
1300 2668 1340 2698 In
1368 2668 1431 2698 hoc
1449 2671 1484 2698 et
1498 2677 1564 2707 seq.
1592 2676 1692 2698 versu
1709 2667 1799 2698 ordi-

344 2712 455 2742 nando
471 2711 554 2741 mire
572 2711 703 2741 variant
720 2710 817 2742 codd.
835 2712 977 2743 exhibeo
995 2712 1175 2743 lectionem
1192 2710 1321 2752 Steph.’
1338 2711 1436 2742 West.
1449 2711 1459 2727 ‘
1473 2710 1524 2741 Ex
1539 2710 1630 2740 libro
1646 2710 1743 2741 Bern,
1758 2719 1798 2741 ac

346 2755 440 2785 Vict.
462 2758 498 2784 et
514 2754 652 2784 Donato
668 2754 755 2783 hunc
785 2754 935 2785 ordinem
953 2755 1128 2786 verborum
1157 2763 1297 2794 repom,
1314 2754 1392 2794 quod
1412 2756 1480 2794 post
1495 2762 1563 2784 me:
1585 2753 1725 2784 eliditur
1740 2762 1798 2784 au-

347 2802 416 2829 tem
429 2807 443 2828 s
460 2805 501 2828 ex
516 2796 626 2836 satius,
645 2801 682 2827 ut
699 2796 743 2827 sit
768 2796 903 2828 Iambus
928 2798 961 2828 in
980 2798 1115 2829 ultima:
1141 2802 1192 2829 est
1209 2797 1299 2829 enim
1321 2795 1514 2829 octonarius
1530 2795 1700 2828 lambiens
1716 2804 1798 2837 qua-
