1966 3302
345 221 430 262 9755
848 229 883 257 r.
919 225 1156 256 ‘i‘iznsswrn
1192 225 1306 272 Arm

345 324 468 367 Idem
506 325 590 365 hoc
627 324 724 373 tibi,
764 322 884 375 quod
917 325 1033 364 bene
1072 323 1336 377 promeritus
1372 319 1522 369 sueriS,
1564 305 1796 373 condupliss

519 393 697 433 caverit.
1252 387 1257 393 '

346 462 435 503 Do.
467 460 620 502 Verba
639 461 767 502 istaee
788 464 904 501 sunt.
963 459 1057 500 AN.
1090 457 1428 512 Pamphilamne
1459 456 1542 497 hac
1568 455 1675 496 urbe
1709 453 1799 508 pri—

518 529 614 569 vari
637 528 784 569 sines?

347 598 463 638 Tum
483 600 696 650 praeterea
715 595 892 637 horunc'
915 607 1106 636 amorem
1132 592 1314 633 distrahi
1336 590 1520 645 poterin'
1542 591 1669 645 pati?

349 665 439 706 Do,
474 664 635 718 Neque
657 676 755 717 ego,
777 676 919 716 neque
943 667 1006 703 tu.
1066 661 1157 703 GE.
1188 661 1242 701 Di
1266 660 1343 701 tibi
1366 672 1522 700 omnes
1541 658 1601 708 id,
1619 657 1737 711 quod
1758 669 1805 698 es

520 731 694 785 dignus,
718 731 842 771 duint
862 730 871 771 Ξ

349 800 439 841 Do.
472 799 565 853 Ego
587 806 631 841 te
653 799 906 853 complures
938 799 1175 840 advorsum
1200 795 1422 850 ingenium
1456 807 1598 838 meum
1633 805 1805 833 menses

522 868 601 909 tuli
1750 861 1807 901 35

353 900 703 986 Pollicitaniem,
731 935 836 977 nihil
857 934 1077 985 ferentem,
1113 933 1314 975 flentem:
1350 945 1463 974 nunc
1484 936 1637 973 contra
1658 929 1809 971 omnia

522 1004 637 1056 haeC,

348 1125 499 1165 postulat,
514 1125 628 1156 exaudi
643 1134 723 1164 eum,
741 1124 851 1155 Dorio.
897 1124 968 1164 Ipse
984 1123 1073 1162 hujus
1086 1123 1203 1162 gratioe
1218 1125 1248 1153 te
1264 1122 1355 1162 duplo
1369 1118 1591 1152 remunerabit.
1635 1117 1705 1148 Do.
1729 1116 1810 1147 Hoec

349 1169 460 1198 inania
475 1172 546 1199 sunt
560 1168 726 1208 promissa.
775 1167 841 1199 AN.
870 1167 956 1198 Num
971 1167 1169 1206 Pamphilam
1185 1166 1241 1196 hac
1257 1164 1329 1196 urbe
1343 1163 1505 1204 exportari
1520 1165 1586 1192 tam
1599 1161 1675 1192 dure
1688 1169 1811 1190 consen-

354 1211 432 1241 ties?
455 1215 519 1241 tum
535 1221 650 1251 quoque
666 1212 775 1242 horum
796 1220 930 1240 amorem
951 1213 1090 1240 mutuum
1113 1209 1219 1240 divelli
1238 1208 1308 1249 pati
1330 1206 1471 1248 poteris?
1513 1206 1587 1237 Do.
1611 1204 1717 1244 Neque
1742 1212 1812 1241 ege,

352 1264 448 1294 neque
473 1257 508 1285 tu
527 1255 696 1294 patiemur.
742 1254 809 1285 GE.
834 1253 893 1284 Dii
918 1257 948 1284 te
968 1254 1110 1292 perdant,
1136 1255 1171 1282 ut
1195 1251 1325 1282 meritus
1346 1260 1389 1281 es.
1433 1249 1504 1280 Do.
1528 1247 1692 1286 Phoedrz'a,
1711 1255 1767 1285 ego
1783 1248 1813 1276 te

344 1297 414 1334 jam
428 1297 576 1336 plurimos
593 1307 712 1328 menses
728 1298 834 1337 tolero,
856 1299 887 1327 et
905 1299 1031 1336 expecto
1050 1295 1284 1336 promittentem
1303 1294 1412 1332 solum,
1435 1295 1467 1323 et
1486 1291 1567 1322 nihil
1580 1291 1718 1331 pecunioe
1732 1288 1811 1329 affe-

353 1343 483 1380 rentem,
499 1342 553 1372 sed
567 1341 647 1372 solas
662 1341 815 1382 lacrymas
828 1339 1058 1381 effundentem.-
1073 1347 1153 1369 nunc
1168 1338 1264 1369 olium
1278 1340 1387 1369 contra
1402 1332 1509 1368 inveni
1523 1335 1618 1366 multo
1632 1332 1813 1364 dissimilem

978 1432 1215 1446 oeweeoee

352 1508 434 1535 orac.
458 1503 559 1536 Bent.
604 1504 701 1535 Idem
718 1503 869 1545 conjicit,
906 1501 975 1534 AN.
993 1502 1162 1533 Triduum?
1184 1501 1265 1532 haud
1280 1501 1448 1540 longumst.
1494 1498 1638 1528 Obtunde
1661 1497 1720 1527 ΒΓ.
1755 1496 1814 1527 Est

356 1548 485 1579 omittit
500 1548 538 1578 Z.
579 1548 678 1579 Both.
695 1548 789 1586 Perl.
811 1546 939 1587 Delph.
955 1545 1120 1576 omittunt
1143 1545 1188 1575 id.
1233 1544 1393 1574 Exoracus
1410 1551 1470 1584 pro
1484 1544 1592 1572 exoret
1607 1538 1723 1571 Gneif.
1739 1542 1815 1570 2.—

356 1593 394 1621 31
422 1591 490 1622 Hie
512 1601 558 1622 vs,
576 1592 714 1632 Guyeto
730 1590 863 1631 spurius
879 1595 914 1620 et
937 1588 1100 1619 insititius
1117 1592 1270 1618 vocatur.
1317 1587 1401 1617 Mss.
1429 1590 1464 1616 et
1489 1584 1573 1615 editi
1597 1583 1731 1623 quidam
1753 1581 1814 1612 hie.

356 1633 463 1664 Vv'est.
509 1634 549 1665 In
565 1634 617 1665 Vi.
631 1638 667 1665 et
682 1634 761 1664 Bas.
775 1642 842 1664 non
858 1633 924 1671 hoc,
939 1631 998 1663 sed
1014 1631 1063 1661 hic
1077 1631 1225 1671 legitur:
1251 1630 1339 1671 qnod
1358 1630 1493 1669 placet:
1520 1630 1556 1658 ut
1570 1631 1681 1657 tamen
1699 1625 1741 1655 sit
1758 1625 1815 1655 ad-

357 1677 524 1714 verbium,
548 1677 581 1708 id
598 1682 662 1715 est,
686 1677 718 1707 in
734 1676 796 1708 hoe
812 1675 960 1716 negotio.
985 1675 1045 1706 Fa.
1093 1673 1213 1705 Nostri
1229 1674 1294 1704 hoc.
1343 1673 1447 1703 Recte
1463 1671 1525 1709 hic,
1547 1670 1609 1700 sed
1632 1676 1816 1709 pronomen

359 1726 425 1750 est.
454 1720 547 1751 Bent.
594 1721 679 1750 Idem
693 1720 742 1750 hic
757 1723 782 1750 t.
801 1719 879 1758 Rip.
907 1718 1035 1758 Delph.
1071 1717 1099 1748 I.
1123 1717 1182 1747 tibi
1197 1717 1245 1746 hic
1261 1715 1448 1746 Rom—32
1472 1714 1592 1744 ssoend.
1609 1714 1646 1742 ab
1662 1713 1717 1742 hac
1732 1711 1818 1742 urbe.

359 1763 482 1793 Manet
500 1764 590 1803 Guy.
612 1762 817 1803 Pamphilane
841 1762 919 1792 hanc
942 1761 1046 1792 urbem
1060 1760 1181 1800 privari
1195 1759 1298 1789 sines?
1324 1758 1430 1788 West.
1475 1757 1526 1788 Ab
1541 1757 1598 1786 hac
1612 1755 1685 1786 urbe
1701 1752 1818 1785 Guelf-

358 1808 477 1837 2.-33
504 1807 633 1837 Horunc
645 1816 789 1837 amorem.
832 1805 868 1836 Si
885 1805 934 1835 ita
947 1805 1056 1844 legas,
1072 1813 1132 1843 pro
1148 1803 1268 1840 horum,
1283 1806 1352 1832 stat
1366 1810 1502 1838 versus;
1527 1799 1582 1840 qui
1599 1803 1635 1829 et
1651 1800 1819 1828 sustenta-

359 1856 415 1880 tur
438 1850 585 1880 lectione
599 1849 811 1891 quorundam
827 1847 997 1885 codicum,
1027 1846 1104 1878 Tum
1120 1849 1154 1876 tu
1176 1856 1207 1885 p.
1224 1845 1331 1876 horum
1346 1854 1375 1874 α.
1397 1844 1504 1874 West.
1550 1842 1599 1872 M.
1624 1843 1729 1881 potero
1756 1848 1819 1879 pro

354 1892 489 1933 poterin.
512 1893 620 1923 [dem.
666 1894 745 1925 Tum
767 1902 797 1932 p.
814 1892 924 1922 horum
938 1900 969 1920 α.
1015 1889 1279 1920 Convenientius
1298 1886 1409 1917 versui
1425 1887 1503 1924 erit,
1527 1885 1552 1915 si
1581 1885 1672 1924 tegas
1693 1883 1821 1921 horunc,

360 1941 397 1965 ut
415 1937 448 1965 in
463 1936 549 1966 libro
568 1937 648 1966 Bas.
667 1935 722 1966 Fa.
760 1934 880 1966 Nostri
895 1933 1014 1964 horum.
1031 1933 1134 1963 Bent.
1169 1931 1221 1962 Ita
1239 1936 1273 1961 et
1286 1931 1346 1960 ΒΥ.
1371 1930 1448 1960 Tum
1463 1932 1497 1959 tu
1510 1937 1542 1968 p.
1561 1927 1677 1957 horunc
1691 1926 1817 1966 Delph.

358 1981 441 2009 -34
467 1979 513 2010 Di
530 1979 599 2009 tibi.
633 1978 685 2009 M.
704 1978 778 2012 ,Pr-1.
802 1977 848 2008 Di
870 1976 940 2007 tibi.
973 1976 1032 2006 Tr.
1057 1975 1124 2006 GE.
1143 1975 1189 2005 Di
1206 1973 1267 2004 tibi
1281 1982 1396 2011 omnes,
1410 1973 1487 2012 quod
1501 1973 1547 2001 est
1561 1970 1705 2009 dignum,
1718 1969 1819 2000 duint.

360 2022 443 2052 Wit.
464 2022 507 2052 Di
521 2021 580 2052 tibi
596 2030 698 2052 omnes
713 2021 758 2059 id,
772 2021 850 2060 quod
865 2022 909 2051 est
922 2019 1064 2058 dignum,
1079 2017 1181 2049 duint.
1220 2017 1277 2047 Ita
1293 2021 1329 2047 et
1346 2016 1412 2047 Ms.
1430 2015 1474 2046 G.
1492 2012 1552 2045 sed
1569 2013 1647 2053 quod
1662 2022 1694 2043 es
1707 2012 1822 2051 dignus

360 2065 468 2105 magis
486 2064 666 2103 figuratum
685 2068 784 2095 vocat
801 2062 966 2094 Faernus.
993 2061 1095 2093 West.
1142 2061 1193 2091 Ex
1214 2059 1340 2090 nostris
1365 2063 1435 2089 tres
1461 2057 1625 2097 primarii,
1649 2065 1681 2087 es
1707 2055 1822 2090 dignus

363 2109 462 2138 Bent.
510 2109 619 2148 Neque
646 2117 703 2146 ego
725 2110 814 2138 necto
841 2105 996 2136 Bothius.
1041 2104 1126 2135 GM.
1152 2106 1183 2133 te
1208 2112 1268 2143 pro
1293 2101 1365 2132 tihi.
1410 2102 1470 2132 Est
1486 2100 1614 2139 dignum
1636 2098 1728 2130 Perl.
1744 2098 1822 2138 Bip.

362 2154 446 2181 --36
472 2151 564 2181 Num·
580 2153 687 2181 contra
702 2150 805 2181 onmia
819 2149 897 2188 hmc,
913 2147 1064 2188 Repperi,
1077 2146 1206 2186 quidet.
1230 2145 1281 2176 Cl.
1306 2143 1508 2184 Wielingius
1525 2141 1714 2182 distinguit,
1729 2150 1823 2179 nunc,

361 2197 482 2233 contra,
512 2194 614 2224 omnia
636 2194 701 2224 lzaec
728 2192 874 2233 Repperi.
921 2192 1004 2222 Mss.
1029 2190 1135 2228 varie,
1160 2198 1242 2219 nunc
1264 2188 1368 2219 omnia
1400 2189 1508 2218 contra
1536 2184 1684 2226 Repperi.
1729 2184 1824 2214 Nunc

362 2242 469 2267 contra
496 2237 599 2267 omnia
616 2236 763 2276 Repperi.
810 2236 904 2266 Nunc
925 2237 1045 2272 contra,
1068 2232 1168 2263 omnia
1185 2231 1332 2271 Repperi.
1371 2231 1441 2262 ΕΡ.
1472 2230 1567 2260 Nunc
1590 2231 1698 2259 contra
1721 2225 1824 2257 omniu

366 2280 508 2320 Repperi.
553 2279 701 2311 Videtur
726 2282 840 2310 autem
866 2281 1032 2318 praestare
1049 2277 1154 2308 lectio
1172 2275 1333 2315 vulgata3
1356 2283 1434 2304 nam
1457 2279 1493 2303 et
1518 2273 1567 2304 ita
1583 2270 1731 2312 Adelph.
1749 2279 1773 2301 1.
1793 2272 1823 2301 1.

368 2326 416 2354 19.
439 2322 558 2354 itidem
584 2323 760 2354 absolute:
783 2323 792 2338 ‘
811 2321 869 2352 ille
895 2325 1027 2359 contra,
1050 2319 1125 2350 haec
1148 2316 1284 2349 omnia.'
1328 2317 1432 2348 Valet
1458 2315 1575 2356 igitur,
1596 2312 1682 2344 Ἀντὶ
1706 2311 1825 2344 τούτων

365 2365 495 2397 πάντων.
521 2367 628 2397 West.
653 2366 747 2396 Nunc
771 2366 879 2395 contra
901 2363 1013 2394 omnia.
1056 2361 1244 2392 Bembinns
1262 2359 1356 2391 addit
1379 2360 1413 2391 in
1439 2358 1518 2398 fine,
1535 2366 1721 2398 pronomen
1737 2357 1825 2392 hoec,-

366 2409 470 2449 aliqui
496 2409 551 2439 alii
579 2418 713 2450 quoque
742 2408 775 2438 id
800 2407 939 2445 habent,
958 2405 1017 2436 sed
1042 2405 1107 2436 alia
1134 2403 1357 2435 collocatione
1374 2402 1486 2433 versui
1514 2405 1738 2442 repugnante.
1761 2399 1823 2430 Fa.

366 2452 474 2483 Recte
490 2452 573 2483 laec:
600 2461 684 2482 unns
708 2461 749 2481 ex
777 2450 902 2481 nostris
930 2450 996 2479 haec
1021 2448 1145 2479 omm'a:
1170 2457 1189 2478 a
1212 2447 1339 2477 ceteris
1361 2446 1427 2476 hoec
1457 2444 1564 2476 abest.
1607 2443 1674 2474 Sed
1705 2441 1825 2473 distin-

367 2504 446 2534 gne,
464 2496 564 2534 Nunc,
580 2499 686 2525 contra
701 2494 802 2525 omniu
818 2494 895 2532 Ιιατ,
914 2491 1062 2532 Repperi,
1073 2491 1125 2531 qui
1140 2492 1202 2521 det.
1226 2490 1327 2520 Bent.
1366 2487 1479 2519 Omnia
1495 2487 1560 2518 hoec
1572 2485 1708 2527 Repperi
1722 2483 1823 2516 Both.

370 2538 462 2568 Nunc
476 2541 585 2569 contra
600 2537 702 2569 omnia
718 2536 854 2578 Repperi
878 2536 936 2568 ΒΥ.
980 2534 1227 2573 Pollicitantem‚
1236 2532 1379 2574 flentem,
1393 2534 1422 2563 et
1444 2530 1526 2562 nihil
1537 2529 1710 2569 ferentem.-
1731 2536 1825 2568 nunc,

1029 2631 1170 2664 NOTAE

413 2701 453 2729 34
480 2700 588 2739 Neque
604 2709 672 2740 ego,
686 2708 783 2739 neque
797 2698 846 2739 ιιι]
869 2697 1022 2730 Irridens
1038 2697 1071 2729 id
1126 2706 1201 2728 mur
1223 2696 1286 2726 hac
1311 2693 1432 2726 amoris
1456 2692 1692 2730 distractione,
1714 2698 1825 2732 neque

372 2750 419 2780 ait
449 2750 568 2780 Dorio.
621 2750 697 2781 Hoc
728 2755 842 2782 autem
873 2750 938 2781 sibi
969 2749 1067 2780 vnlt:
1126 2757 1198 2780 eam
1217 2746 1402 2788 poterimus
1420 2744 1502 2785 pati.

372 2809 576 2842 magnopore
604 2801 737 2832 scilicet
757 2811 820 2842 ego
844 2804 879 2831 et
898 2798 1069 2832 tuafficie-
