1966 3302
347 201 434 244 866
848 213 889 244 P.
923 213 1165 244 TERENTH
1200 214 1317 244 ΛΡΜ

350 309 534 362 Redde3
567 309 637 350 sin
658 313 727 350 est
748 311 910 359 autem,
930 313 979 350 ut
999 309 1122 360 nolit,
1142 315 1262 352 recte
1283 323 1364 364 ego
1383 310 1584 352 consului
1605 324 1727 354 meae.

349 378 497 419 Pam.
530 377 578 420 Si
599 377 776 432 quidem
796 377 871 419 ille
892 379 989 432 ipse
1013 392 1099 419 non
1121 380 1228 430 volt,
1250 383 1293 421 et
1314 382 1362 419 tu
1383 379 1523 421 sensti
1544 392 1640 420 esse
1661 380 1707 421 in
1728 394 1800 433 eo,

520 445 764 499 Myrrhina,
1746 449 1804 491 45

348 513 603 563 Peccatum,
622 513 816 562 aderam,
840 512 966 566 cujus
988 513 1173 554 consilio
1194 525 1245 554 ea
1267 527 1347 567 par
1366 514 1511 555 fuerat
1531 516 1747 569 prospici.

349 580 645 631 Quamobrem
665 580 875 621 incendor
895 581 976 630 ira,
990 593 1087 622 esse
1108 594 1265 622 ausam
1285 581 1431 623 facere
1452 582 1549 624 haec
1570 586 1612 624 te
1631 582 1804 637 injussu

517 661 633 690 mec.

347 716 591 765 Interdico,
614 729 668 757 ne
688 717 902 758 extulisse
926 722 1058 758 extra
1075 716 1196 759 aedes
1217 730 1400 772 puerum
1423 729 1613 772 usquam
1635 720 1760 762 velis.

346 784 435 825 Sed
457 798 535 838 ego
557 785 747 834 stultior,
769 785 881 825 meis
905 785 1036 827 dictis
1058 798 1209 840 parere
1228 786 1343 827 hanc
1364 787 1440 840 qui
1461 787 1698 841 postulem.

346 852 428 893 Ibo
449 852 576 902 intro,
600 856 731 906 atque
753 852 928 894 edicam
949 853 1106 902 servis,
1127 867 1181 893 ne
1202 866 1429 908 quoquam
1450 854 1589 896 efferri
1610 856 1774 898 sinant.

347 920 486 961 Mvss.
521 919 704 960 Nullam
725 921 802 974 pol
825 921 953 962 credo
974 922 1200 962 mulierem
1219 935 1289 963 me
1310 922 1584 964 miseriorem
1605 924 1784 978 vivere;

346 989 466 1031 Nam
503 992 553 1028 ut
584 988 655 1029 hic
687 988 858 1029 laturus
891 988 975 1029 hoc
998 989 1068 1039 sit,
1101 989 1139 1029 si
1161 990 1304 1043 ipsam
1323 1002 1429 1041 rem,
1460 995 1510 1032 ut
1537 992 1638 1042 siet,
1668 994 1803 1035 resci-

517 1056 642 1106 verit,

341 1193 374 1215 se
389 1186 475 1224 velle,
491 1189 573 1217 recte
584 1197 603 1217 a
619 1197 666 1218 me
678 1189 872 1227 prospectum
888 1195 953 1217 esse
959 1184 1043 1227 filioe
1058 1190 1175 1216 nostroe
1180 1185 1348 1223 fateberis.
1395 1186 1468 1218 Pa.
1491 1186 1531 1218 Si
1546 1186 1668 1227 quidem
1680 1189 1805 1218 recusat

344 1228 532 1267 Pamphilus
547 1240 673 1261 uxorem
688 1231 823 1269 recipere
840 1230 1071 1267 Philumenam,
1094 1232 1124 1259 et
1147 1232 1182 1258 lu
1202 1229 1376 1267 cognovisti
1397 1230 1431 1260 in
1454 1239 1488 1261 eo
1511 1233 1631 1271 culpam
1653 1230 1805 1261 inhoerere

341 1270 496 1307 «ivonii,-
515 1283 610 1313 prope
636 1274 759 1304 aderam
774 1283 843 1312 ego,
867 1272 954 1310 cujus
978 1282 1018 1303 ex
1043 1272 1195 1302 sententia
1216 1281 1337 1311 (equum
1351 1276 1420 1303 erat
1436 1272 1539 1304 omnia
1553 1274 1618 1304 hoec
1633 1272 1804 1314 provideri.

345 1313 549 1348 Quamobrem
568 1316 616 1346 ira
633 1318 811 1353 exardesco,
835 1319 864 1346 te
887 1316 951 1346 haec
976 1324 1081 1345 ausam
1089 1314 1195 1353 fuisse
1217 1315 1327 1355 exequi
1352 1316 1419 1346 sine
1430 1315 1524 1354 jussu
1549 1326 1624 1347 meo.
1675 1315 1752 1348 Veto
1766 1325 1804 1346 ne

339 1366 478 1396 puerum,
495 1360 546 1398 qui
563 1361 647 1390 modo
663 1363 755 1390 natus
770 1362 826 1397 est,
842 1362 932 1390 extra
943 1359 1064 1388 domum
1074 1361 1212 1388 nostram
1222 1360 1256 1389 in
1270 1359 1365 1389 ullum
1377 1360 1477 1390 locum
1489 1363 1654 1400 exportare
1665 1361 1780 1391 audeas
1790 1368 1804 1395 ,·

340 1401 394 1430 secl
410 1411 466 1437 ego
485 1402 628 1442 ineptior,
646 1403 698 1442 qui
722 1412 851 1433 uxorem
866 1411 965 1432 meam
977 1410 1096 1440 poscam
1112 1400 1188 1431 meis
1203 1401 1300 1440 jussis
1315 1401 1448 1433 obedire.
1493 1403 1549 1433 Ibo
1565 1403 1648 1433 intro
1662 1404 1757 1441 oedes,
1771 1405 1804 1433 et

334 1442 471 1480 familiae
488 1445 641 1484 imperabo
658 1455 694 1475 ne
704 1446 868 1485 patiantur
883 1445 1071 1479 infantulum
1088 1444 1247 1484 exportari
1261 1445 1294 1475 in
1311 1445 1405 1475 ullum
1422 1446 1558 1485 quemvis
1569 1446 1677 1476 locum.
1722 1446 1801 1478 Mv.

345 1487 407 1515 Per
429 1488 578 1518 stollncrm
597 1489 711 1518 nullam
728 1490 818 1519 credo
844 1489 1001 1519 mulierem
1027 1496 1089 1517 esse
1109 1488 1142 1516 in
1159 1487 1254 1517 terris
1274 1488 1375 1526 magis
1389 1488 1626 1527 infortunatam,
1641 1498 1732 1528 quam
1746 1497 1803 1526 ego

339 1538 428 1560 sum.-
452 1540 523 1561 uam
537 1541 594 1572 per
610 1532 766 1562 Pollucem
786 1541 846 1562 non
868 1530 947 1562 mihi
963 1530 1122 1561 obscurum
1137 1533 1196 1570 est,
1211 1540 1302 1571 quam
1317 1540 1400 1571 (egre
1415 1532 1536 1562 laturus
1550 1530 1596 1562 sit
1611 1531 1804 1572 Phidippus,

951 1639 1192 1652 ooaeeoaeeeooaee

341 1718 375 1745 te
393 1715 498 1745 solum
516 1714 616 1746 volo!
631 1716 726 1746 Bent.
752 1715 819 1748 Qui
836 1717 845 1734 ‘
861 1716 986 1757 ingerit
1000 1726 1069 1748 eum
1082 1715 1231 1757 frigide.’
1246 1717 1335 1748 Pei-l.
1357 1715 1448 1748 Solus
1462 1718 1560 1748 solum
1573 1716 1662 1748 Bod.
1681 1716 1725 1749 G.
1742 1716 1802 1751 ΒΓ.

341 1760 427 1788 —43
454 1758 543 1796 Roga
561 1759 783 1797 posteriorem
800 1760 974 1800 corripiet.
1018 1760 1213 1791 Martialis:
1238 1759 1392 1791 Incideris
1406 1762 1544 1800 quotiens
1559 1760 1592 1791 in
1606 1760 1692 1791 basia
1704 1759 1801 1798 fella-

340 1802 430 1840 roris,
455 1801 493 1831 In
508 1802 582 1831 solio
596 1805 673 1842 puta
695 1805 723 1833 te
736 1802 848 1833 Flac-ce
862 1804 965 1834 [cavare
980 1806 1082 1843 caput.
1107 1803 1285 1833 Praeterea
1302 1803 1399 1834 Bem.
1417 1807 1452 1834 et
1467 1803 1622 1834 Donatus
1641 1803 1731 1834 hunc
1747 1812 1800 1834 or-

339 1844 452 1874 dinem
471 1844 647 1875 verborum
663 1845 806 1884 habent,
827 1855 904 1884 roga
918 1845 1030 1877 velitne
1045 1855 1174 1876 uxorem
1187 1855 1288 1876 annon
1300 1848 1313 1875 ‚⁹
1336 1845 1397 1876 sed
1418 1846 1466 1876 sic
1483 1855 1616 1877 versum
1633 1851 1800 1877 sustenta-

341 1886 462 1925 bimus,
488 1896 551 1916 non
570 1886 728 1918 faciendo
747 1889 957 1920 collisionem
973 1889 1136 1920 vocalium
1160 1890 1192 1919 iu
1208 1890 1236 1919 si
1251 1892 1307 1919 est.
1331 1888 1391 1920 Fa.
1438 1889 1529 1928 Roga
1544 1889 1657 1920 velitne
1672 1898 1802 1920 uxorem

338 1940 439 1960 annon
452 1941 462 1960 .·
484 1930 513 1960 si
529 1933 586 1967 est,
610 1933 645 1961 ut
659 1930 741 1961 dicat
757 1931 834 1962 velle
848 1941 888 1963 se.
935 1931 1010 1962 Nisi
1030 1932 1082 1962 vel
1100 1931 1133 1961 in
1147 1941 1274 1962 uxorem
1291 1932 1344 1962 vel
1361 1931 1394 1962 iu
1409 1932 1438 1962 si
1454 1935 1566 1963 cesset
1580 1931 1802 1973 Synaloepha,

340 1982 482 2012 quorum
498 1978 654 2004 nentium
671 1982 711 2002 ex
731 1979 805 2004 arte
832 1974 928 2013 licet,
953 1984 1069 2005 versus
1095 1974 1149 2005 hic
1172 1979 1262 2005 stare
1279 1974 1411 2015 nequit.
1457 1975 1598 2015 Repone
1615 1984 1659 2006 ex
1674 1975 1800 2006 nostris

338 2014 412 2046 fere
430 2016 598 2056 omnibus,
623 2016 657 2046 id
672 2016 761 2056 quod
780 2015 932 2048 Faernus
948 2017 1116 2057 ejecerat,
1140 2016 1231 2056 Roga
1246 2017 1359 2048 velitne
1373 2027 1476 2048 annon
1492 2027 1630 2049 uxorem.
1653 2017 1800 2049 Rem.—

337 2060 378 2088 44
406 2059 476 2090 Nos
494 2058 649 2089 addimus
665 2068 850 2099 pronomen
863 2069 919 2098 ego
936 2070 977 2090 ex
994 2059 1091 2090 Bem.
1108 2069 1148 2091 ac
1164 2060 1253 2090 Vict.
1272 2065 1307 2091 et
1323 2060 1474 2098 Donato,
1496 2064 1579 2092 recte
1594 2070 1649 2101 ego
1664 2061 1802 2092 consului

337 2111 424 2133 meoe.
452 2102 510 2133 Fa.
555 2102 596 2133 In
613 2102 738 2132 nostris
756 2102 852 2133 deest
877 2112 945 2144 ego,
967 2112 1067 2132 versu
1088 2103 1293 2142 gratulante.
1318 2103 1414 2135 Bent.
1460 2104 1531 2143 Ego
1559 2103 1658 2135 deest
1679 2103 1714 2135 in
1739 2104 1800 2135 Br.

338 2144 439 2176 Both.
454 2149 563 2184 gnaloe
578 2145 653 2177 vice
670 2155 744 2176 meoe
757 2144 875 2177 Guelf.
890 2148 1005 2177 1.-45
1026 2144 1220 2185 Legendum
1239 2145 1376 2176 videtur
1389 2147 1500 2184 sensti,
1516 2155 1578 2187 per
1594 2155 1799 2188 syncopam3

336 2193 395 2218 aut
412 2193 505 2219 certe
523 2189 570 2219 ita
586 2188 619 2218 in
637 2189 811 2219 scansione
828 2189 1128 2229 pronuntiandum.
1145 2187 1207 2219 Fa.
1253 2188 1287 2219 Si
1307 2189 1546 2228 pronuntietur
1558 2189 1666 2227 sensti,
1682 2189 1800 2231 quidni

338 2235 374 2260 et
390 2231 586 2262 scribatur?
610 2231 705 2262 Bent.
751 2231 885 2262 sensisti
899 2231 933 2262 in
955 2242 989 2263 eo
1018 2231 1117 2262 Both.
1146 2232 1227 2271 qnia
1249 2231 1258 2248 ‘
1273 2231 1370 2262 sensti
1397 2231 1632 2263 duriusculum
1645 2231 1668 2264 :'
1702 2231 1801 2264 sensti

340 2274 433 2304 Perl.
458 2284 522 2314 quo
543 2274 675 2315 judice,
699 2274 843 2305 ‘durum
867 2279 921 2305 est
936 2273 1072 2315 quidem
1096 2273 1209 2314 sensti,
1233 2274 1291 2304 sed
1310 2273 1426 2305 durius
1442 2274 1531 2315 quod
1558 2275 1682 2306 Cicero
1698 2272 1800 2306 affert

338 2320 345 2332 ¹
359 2317 522 2347 extinxsti
534 2316 543 2330 ’
568 2317 610 2347 de
628 2318 688 2348 Or.
708 2327 748 2349 ιι.
766 2320 820 2350 46.
864 2316 991 2348 sensisti
1018 2322 1072 2348 est
1088 2321 1211 2348 contra
1225 2316 1391 2348 trochaici
1415 2317 1534 2357 leges.’
1566 2316 1702 2349 Sensistz'
1715 2317 1751 2348 in
1765 2326 1799 2349 eo

337 2369 401 2389 esse
421 2363 579 2399 peecatum
598 2359 602 2401 l
623 2361 792 2401 IlIyrrlcina
816 2361 902 2400 cujus
928 2361 989 2391 ΒΥ.
1013 2360 1136 2391 omisso
1161 2360 1383 2391 stelenum—46
1410 2360 1527 2391 Fuerat
1551 2370 1587 2391 ea
1609 2369 1669 2401 par
1684 2360 1746 2392 Br.
1762 2365 1799 2392 et

337 2411 452 2433 omnes
468 2403 554 2434 Mss.
572 2403 662 2444 apud
680 2403 786 2435 ssoecl.
811 2407 847 2434 et
869 2403 916 2434 sic
942 2404 1046 2434 Bent.
1071 2411 1089 2432 e
1112 2402 1178 2434 suis
1206 2402 1388 2442 universis,
1411 2403 1491 2444 quia
1513 2403 1523 2419 ‘
1539 2401 1594 2434 hic
1610 2403 1684 2434 sine
1699 2412 1799 2444 syna-

336 2444 447 2484 loeplia
463 2450 515 2477 est
530 2445 678 2478 consilio?
706 2456 802 2486 parea
816 2446 927 2484 fuerat
945 2446 1048 2477 Both.
1065 2445 1269 2477 tacite.—47
1295 2445 1336 2476 Te
1352 2455 1418 2477 non
1434 2449 1626 2487 agnoscunt
1652 2445 1737 2478 Mss.
1762 2450 1799 2477 et

337 2487 420 2518 editi
435 2488 594 2530 qnidam3
620 2490 651 2519 in
669 2489 743 2520 aliis
761 2490 853 2520 varie
875 2489 1027 2529 ponitur,
1050 2493 1085 2518 et
1102 2487 1238 2519 videtur
1253 2497 1480 2528 supervacua.
1508 2488 1604 2519 West.
1652 2489 1703 2520 Ea
1728 2489 1796 2520 col-

337 2530 505 2563 locatione
522 2533 714 2572 verborum,
737 2543 834 2574 quam
851 2532 957 2564 habet
973 2532 1066 2562 Vict.
1081 2536 1152 2562 stat
1170 2531 1376 2571 trochaicus,
1399 2536 1437 2564 ut
1455 2539 1641 2572 pronomen
1655 2535 1700 2571 te,
1716 2537 1796 2573 post

992 2633 1138 2666 NOTAE

384 2709 420 2737 ts
448 2707 495 2737 Ne
514 2708 660 2739 extulisse
681 2713 772 2740 exera
795 2710 876 2740 oedes
894 2709 1038 2750 puerum]
1094 2714 1239 2750 poneret
1257 2718 1410 2749 puerum.

337 2758 493 2788 Timebat
510 2754 715 2798 PlxidippuS,
731 2769 771 2790 ne
790 2759 968 2800 Myrrhina
981 2770 1037 2790 ex<
