1966 3302
453 215 872 247 nssAu'roNTmoR.
903 215 1103 246 Ac'r.1v.
1136 216 1203 247 sc.
1237 219 1268 247 1.
1496 210 1583 253 609

127 312 212 353 SY.
248 310 352 353 Non
389 323 505 365 opus
543 313 643 352 esti
704 309 794 353 Cn.
829 311 933 353 Non
968 311 1116 353 hercle
1152 325 1270 354 vero.
1330 300 1414 355 ΞΥ,
1461 313 1582 364 Quid

296 378 447 420 istuc?
478 378 626 419 miror.
684 378 771 419 CH.
803 379 905 420 Jam
930 379 1060 439 scies.

127 445 278 497 Mane,
308 445 462 487 mane!
493 445 600 498 quid
631 451 716 497 est,
744 446 863 501 quod
893 451 985 487 tam
1012 460 1040 488 a
1067 445 1196 488 nobis
1221 448 1407 500 graviter
1428 462 1580 503 crepu-

294 518 424 554 erunt
443 512 562 553 fores
580 513 598 552 ‘2

123 641 232 665 emere.
275 633 335 665 SY.
359 634 433 665 Non
446 637 493 664 est
507 635 603 664 usus?
647 633 715 664 Cn.
741 633 814 664 Non
828 637 875 664 est
890 643 961 665 usus
984 643 1040 674 per
1064 634 1244 667 Herculem.
1291 636 1350 667 SY.
1369 636 1473 668 Miror
1488 648 1582 678 quare

123 675 179 705 hoc
193 676 290 707 dicas.
334 676 403 708 CH.
426 676 544 707 Statim
567 685 748 714 cognosces.-
770 677 876 707 desine
901 676 996 718 loqui,
1021 680 1053 708 et
1078 679 1164 710 audi.
1212 677 1369 714 Quidnam
1385 683 1444 720 est,
1456 685 1583 721 propter

123 718 298 757 quodfores
311 723 424 751 nostroe
439 723 561 751 tantum
575 719 740 759 strepitum
755 719 916 750 ediderunt
929 718 945 750 ?

935 814 974 826 θ’

123 877 163 909 Ζ.
179 877 258 918 Rip.
271 879 399 920 Delph.
414 880 546 911 Perlet.
593 879 676 912 Cod.
693 880 753 911 Br.
768 880 874 912 habet
892 881 963 911 Non
979 890 1044 913 emo
1057 891 1068 912 .·
1090 882 1164 922 quia
1189 882 1362 922 agia—51
1389 884 1456 917 CH.
1481 885 1581 925 Atqui

121 930 182 951 non
196 931 271 961 opus
286 924 344 953 est.
389 922 433 954 Ο.
450 923 472 954 1.
490 933 516 954 s.
532 933 594 954 non
609 926 655 954 est
669 932 765 963 opus:
788 923 876 954 liber
888 933 969 955 vero
984 925 1080 955 Bem.
1098 925 1152 956 hic
1178 926 1227 956 sic
1252 931 1389 958 notatas
1418 937 1580 968 personas

121 962 246 994 habet:
271 964 340 995 Cn.
363 965 438 1000 Qui.
480 965 543 997 sv.
568 965 643 996 Non
657 969 702 996 est
718 975 803 1006 opus.
842 966 911 997 CH.
936 967 1010 998 Non
1022 977 1096 1007 opus
1108 971 1165 999 est.
1205 969 1268 999 SY.
1295 970 1369 1000 Non
1384 970 1484 1001 hercle
1497 981 1582 1004 vero.

123 1005 193 1036 CH.
219 1006 304 1041 Quid
316 1005 422 1039 istuc?
443 1008 549 1039 miror.
594 1008 657 1039 ὃν.
681 1009 756 1039 Jam
768 1008 858 1039 scies.
905 1009 1015 1049 Mane,
1035 1020 1136 1049 nume,
1158 1013 1211 1052 ⁸5⁶·
1236 1012 1310 1043 liaec
1327 1017 1491 1044 annotare
1509 1014 1581 1054 pla-

122 1047 206 1087 cuit,
225 1048 346 1089 siquis
368 1049 459 1081 forte
485 1051 664 1083 clariorem
691 1051 837 1092 aliquem
863 1060 998 1083 sensum
1028 1053 1136 1093 possit
1163 1054 1301 1093 elicere,
1323 1064 1422 1096 quam
1450 1065 1492 1087 ex
1520 1057 1581 1087 im-

122 1099 240 1130 pressa
255 1090 486 1124 distinetione.
510 1094 569 1125 Fa.
615 1095 624 1110 ‘
642 1095 713 1124 Non
739 1103 813 1134 opus
837 1097 902 1125 est?
940 1096 1032 1135 Lege
1057 1105 1100 1126 ex
1126 1096 1257 1136 aliquot
1281 1098 1406 1129 nostris
1433 1099 1505 1130 Non
1536 1104 1582 1131 est

121 1136 217 1172 opus?
238 1137 274 1165 et
299 1143 361 1173 pro
378 1135 464 1170 Quid
488 1135 570 1166 istuc
593 1136 701 1176 miror,
724 1136 801 1176 lege
826 1146 869 1167 ex
897 1137 1070 1179 plerisque
1097 1139 1235 1177 nostris,
1261 1140 1324 1174 Qui
1351 1140 1442 1180 istuc,
1464 1142 1583 1174 miror!

121 1175 226 1207 Bent.
269 1176 349 1208 Non
364 1177 554 1218 interrogat
568 1180 627 1210 ΒΓ.
645 1182 724 1218 post
739 1189 814 1219 opus
829 1182 884 1210 est.
927 1179 1024 1211 Idem
1041 1181 1127 1221 legit
1145 1182 1208 1216 Qui
1222 1182 1324 1214 istuc?
1347 1185 1454 1215 miror.
1478 1185 1581 1216 Both.

122 1218 197 1249 Non
209 1221 306 1257 opus?
349 1220 419 1252 Cn.
445 1221 488 1251 N.
503 1221 533 1251 h.
548 1232 578 1253 v.
621 1222 682 1253 SY.
707 1221 771 1257 Qui
786 1222 877 1263 istuc,
891 1223 998 1254 miror.
1046 1223 1131 1254 Cod.
1148 1225 1187 1263 C,
1202 1225 1280 1265 Rip.
1298 1226 1391 1257 Perl.
1410 1227 1474 1262 Qui
1489 1227 1584 1268 istuc,

120 1270 161 1291 m.
205 1260 331 1301 Delph.
349 1263 413 1299 Qui
424 1263 612 1295 ἰδέτω-52
636 1263 691 1295 Al.
708 1262 861 1304 crepuere.
906 1266 1009 1297 Hunc
1036 1276 1084 1297 vS.
1110 1267 1197 1306 Syro
1228 1268 1348 1300 tribuit
1374 1270 1477 1301 Bent.
1524 1270 1581 1302 Ita

121 1307 158 1334 et
173 1303 267 1335 Perl.
285 1304 386 1336 Both.
433 1305 517 1341 Quid
533 1316 593 1346 pro
607 1307 689 1346 qaod
703 1307 787 1347 legit
802 1307 894 1338 Perl.
913 1313 948 1339 et
961 1313 1070 1348 notat,
1085 1309 1095 1326 ‘
1107 1309 1208 1341 Libb.
1221 1311 1326 1352 antiq.
1344 1313 1434 1352 quod,
1451 1313 1582 1353 prave.’

119 1345 267 1377 ‘Versus
281 1345 337 1378 hic
351 1347 530 1389 conjungit
546 1358 683 1380 scenam
700 1359 749 1391 sq.
767 1359 832 1391 qua
846 1352 1066 1390 superveniet
1090 1352 1282 1384 Chremesss
1308 1364 1391 1385 uxor
1418 1363 1494 1386 cum
1521 1365 1580 1386 nu-

120 1389 217 1419 trice.
261 1389 391 1421 Contra
406 1400 537 1422 ornnem
553 1401 690 1423 sensum
705 1392 783 1423 edd.
800 1393 958 1434 plerique
984 1403 1057 1425 eam
1080 1394 1123 1425 ab
1150 1395 1213 1427 hoc
1229 1395 1321 1427 Actu
1350 1397 1521 1435 dividunt,
1545 1403 1580 1430 et

122 1430 236 1470 quarti
250 1430 359 1463 Actus
376 1433 579 1475 principium
594 1435 818 1475 essejubent.
865 1437 937 1468 Nos
954 1447 1032 1469 cum
1044 1437 1196 1470 Daciera
1212 1439 1255 1470 ad
1272 1439 1352 1472 Act.
1365 1449 1422 1472 111.
1436 1441 1579 1473 retrahi-

120 1482 194 1505 mus
208 1484 219 1514 ;
240 1474 393 1507 additam
407 1475 510 1509 habet
525 1477 580 1509 ed.
596 1483 665 1509 vet.
681 1487 712 1509 c.
728 1477 820 1519 figg?
841 1478 920 1519 Bip.

522 1793 726 1838 ACTUS
759 1796 843 1838 IV.
903 1798 1111 1841 SCENA
1142 1799 1178 1843 1.

335 1904 608 1940 SOSTRATA.
640 1909 892 1942 CHREMES.
924 1911 1143 1943 NUTRIX.
1178 1913 1357 1945 SYRUS.

118 1980 196 2022 So.
227 1981 343 2024 NISI
365 1997 436 2029 me
457 1986 631 2028 animus
653 1987 777 2039 fallit,
804 1989 878 2031 hic
911 1991 1109 2044 profecto
1129 1996 1197 2033 est
1218 1992 1421 2043 annulus,
1443 2006 1572 2047 quem

287 2063 369 2104 ego
391 2054 624 2107 suspicor3

116 2116 179 2167 Is,
201 2118 380 2171 quicum
401 2122 608 2174 exposita
627 2126 692 2164 est
711 2130 856 2178 gnata.
916 2124 1007 2167 CH.
1041 2125 1164 2176 Quid
1194 2126 1287 2170 volt
1317 2127 1420 2178 sibi,
1443 2127 1570 2183 Syre,

285 2186 382 2229 haec
404 2189 548 2230 oratio
563 2191 582 2231 ‘l
695 2239 702 2245 ,

117 2252 195 2294 So.
226 2250 349 2303 Quid
371 2257 468 2296 est?
500 2257 596 2297 isne
618 2258 701 2299 tibi
722 2259 929 2301 videtur?
990 2259 1034 2301 N
1038 2271 1086 2301 U.
1119 2260 1230 2302 Dixi
1251 2261 1474 2315 equidem,
1496 2264 1571 2304 ubi

286 2321 394 2363 mihi
416 2324 658 2376 ostendisti,
679 2326 819 2378 illico,
1050 2330 1054 2333 “

157 2435 216 2467 So.
237 2436 311 2468 Nisi
333 2438 454 2470 animus
474 2444 570 2477 ‹Ji-rat,
593 2441 643 2472 hic
668 2445 751 2474 certe
766 2446 811 2474 est
825 2444 966 2483 annulus,
977 2452 1065 2484 quem
1081 2453 1138 2484 ego
1154 2444 1260 2484 opinor·
1275 2453 1340 2475 esse
1353 2456 1364 2482 ;
1380 2445 1407 2476 is
1423 2449 1480 2480 est,
1502 2455 1571 2476 cum

113 2487 172 2516 quo
187 2478 265 2518 filia
291 2489 357 2511 mea
378 2482 520 2521 exposita
541 2484 616 2518 suit.
660 2485 729 2516 Cn.
756 2485 785 2515 Ο
802 2486 893 2527 Syre,
908 2487 982 2525 quid
997 2486 1046 2516 hic
1060 2497 1159 2517 sermo
1177 2487 1283 2518 uxoris
1297 2497 1372 2518 meae
1386 2487 1570 2529 significat?

112 2520 172 2551 So.
187 2520 272 2556 Quid
283 2526 340 2564 est,
351 2534 368 2555 ο
377 2524 499 2566 nutrix,
509 2525 575 2557 isne
584 2526 642 2558 tibi
655 2527 778 2560 videtur
791 2532 803 2558 ?
820 2529 851 2560 N
856 2538 888 2560 U.
904 2529 988 2560 Dixi
998 2539 1067 2560 eum
1077 2539 1141 2562 esse
1148 2530 1201 2561 ubi
1208 2530 1344 2570 primum
1355 2531 1432 2562 mihi
1443 2533 1570 2563 eundem

721 2605 960 2626 ‘'ettonem“

155 2662 172 2690 1
198 2658 284 2692 Cum
300 2661 462 2694 Chremes
477 2667 513 2695 et
528 2664 633 2706 Syrus
656 2666 690 2696 in
715 2667 895 2706 proscenio
917 2670 1155 2706 remanserint,
1179 2679 1244 2701 uon
1266 2669 1405 2702 videtur
1428 2670 1568 2703 Mnreto

111 2701 166 2732 hic
182 2702 259 2733 novi
277 2702 385 2735 Actus
403 2705 536 2737 initium
554 2717 641 2740 esse.
672 2709 836 2740 West.—3
859 2711 918 2741 So.
936 2712 1032 2747 ‚Quid
1047 2711 1119 2745 est?
1164 2712 1249 2744 Haee
1265 2712 1356 2754 Guy.
1385 2714 1420 2744 iu
1447 2714 1568 2755 glossis

113 2745 197 2776 Mss.
222 2745 307 2786 Syro
336 2747 469 2788 tribuit,
493 2751 715 2791 respondenti
740 2752 781 2783 ad
806 2752 863 2783 illa
891 2752 1096 2795 Chi-emeth,
1119 2755 1234 2789 ‘Quid
1263 2753 1337 2788 volt
1361 2756 1436 2796 sibi,
1467 2757 1570 2798 Syre,

196 2796 312 2839 Delph.
322 2804 353 2831 et
372 2801 446 2832 Var.
461 2803 545 2833 Clas.
768 2806 891 2836 Terent.
1406 2811 1426 2840 2
1451 2810 1481 2842 Q
