1966 3302
485 213 902 245 HEAUTONTIMOR.
934 212 1043 242 Ac'r.
1070 209 1112 240 v.
1144 209 1211 240 sc.
1235 210 1266 239 1.
1518 199 1603 240 647

153 314 254 356 ΜΕ.
284 312 408 364 Quot
428 310 815 352 incommoditates
834 310 879 349 in
901 308 984 348 hac
1004 320 1049 347 re
1069 305 1280 359 accipies,
1300 303 1388 345 nisi
1408 304 1575 345 caves?

153 381 387 424 Difficilem
408 379 620 421 ostendes
641 382 683 418 te
701 389 816 425 esse,
838 382 881 418 et
899 377 1102 428 ignosces
1124 378 1274 414 tamen
1548 371 1605 414 60

153 450 292 501 Post3
322 452 366 489 et
403 446 449 488 id
481 446 710 499 ingratum.
770 444 861 485 CH.
906 443 977 484 Ah
995 442 1004 483 1
1035 442 1199 491 nescis,
1241 453 1372 495 quam
1411 438 1606 481 doleam.

329 515 425 557 ME.
457 514 521 555 Ut
540 514 678 554 lubet.

155 585 276 637 Quid
299 584 398 633 hoc,
418 581 539 636 quod
561 581 681 629 volo,
701 583 750 620 ut
771 578 852 619 illa
871 577 1005 618 nubat
1027 581 1179 617 nostro
1196 577 1216 616 Τ
1248 575 1332 616 nisi
1353 575 1463 630 quid
1484 578 1567 625 est,

155 652 288 706 Quod
309 651 464 692 mavis.
524 648 612 690 CH.
645 648 784 689 Immo
806 653 850 687 et
871 657 1003 699 gener
1025 649 1071 685 et
1092 643 1246 685 affines
1267 642 1463 697 placent.

152 786 243 807 amre
267 780 382 808 terram
396 785 502 815 cogar,
524 775 603 806 sicut
617 773 741 812 fecisti.
786 772 862 803 ΜΕ.
890 772 972 807 Quot
997 770 1151 801 molestias
1164 767 1266 808 capies
1281 767 1315 798 in
1331 766 1388 797 hac
1402 775 1449 805 re,
1472 764 1533 796 nisi
1550 764 1610 796 tibi

151 817 308 851 consulis?
330 823 364 849 tu
381 823 411 850 te
423 817 572 859 proebebis
598 826 746 847 morosum
769 818 799 846 et
823 817 933 845 durum
948 813 1033 854 filio,
1058 816 1088 843 et
1110 816 1211 842 tumen
1228 810 1276 841 illi
1293 811 1413 841 reniam
1427 807 1611 839 condonabis

149 865 266 902 postea,
283 865 312 893 et
328 862 472 900 ingratus
499 863 558 892 erit
574 860 677 902 filius,
699 859 815 889 nullum
837 858 977 897 gratiam
1002 856 1100 886 venioe
1115 853 1238 885 habebit
1255 852 1324 884 tibi.
1370 853 1438 883 CH.
1461 852 1525 891 Ah,
1548 860 1609 881 non

153 905 266 936 novisti
281 908 392 946 quanto
406 905 508 935 dolore
523 904 581 934 sim
596 902 736 944 affectus.
781 901 856 932 ΜΕ.
880 900 998 931 Doleas
1019 908 1092 938 ergo
1117 900 1266 938 quantum
1284 895 1410 927 libuerit
1428 895 1496 926 tibi.
1549 894 1608 924 Ve-

152 947 379 988 rumnumfieri
395 948 518 978 tandem
532 946 578 977 vis
591 947 645 976 lzoc
661 945 739 986 quod
758 954 847 984 posco
860 953 869 978 ,·
885 946 918 973 ut
927 942 1018 984 filius
1034 951 1117 972 meus
1131 942 1225 971 ducat
1238 948 1364 970 uxorem
1380 936 1578 979 tuamfiliam
1591 933 1606 966 ‚⁹

152 990 213 1022 nisi
225 991 298 1032 quid
314 991 398 1022 aliud
410 993 467 1026 est,
483 991 560 1030 quod
576 993 610 1020 tu
623 990 783 1030 proeoptes.
829 986 897 1017 CH.
922 986 1019 1016 Immo
1043 987 1074 1016 et
1099 983 1203 1015 Clinia
1211 983 1343 1021 futurus
1354 991 1452 1021 gener
1467 984 1497 1011 et
1511 979 1612 1021 affini·

766 1068 1003 1083 eeeeeeeeeee

153 1133 209 1164 Sic
225 1141 268 1163 ex
291 1131 390 1162 Bem.
414 1130 474 1161 Fa.
500 1138 692 1170 perperam.
737 1126 854 1159 Nostri
873 1134 987 1157 omues
1014 1133 1100 1154 vere.-
1123 1132 1198 1164 quae
1217 1131 1299 1153 vera
1315 1120 1420 1152 lectio
1434 1124 1496 1150 est.
1540 1117 1609 1149 Sed

157 1182 193 1207 et
215 1175 305 1206 alind
331 1178 459 1204 restat:
484 1173 563 1204 illaec
577 1195 585 1203 .
602 1192 610 1202 .
627 1195 635 1203 .
647 1181 696 1202 res
714 1171 787 1201 sine
804 1169 906 1200 dubio
925 1168 1094 1199 mendose.
1139 1165 1309 1196 Absolute
1326 1164 1413 1195 enim
1431 1163 1497 1194 dici
1523 1162 1610 1192 solet

154 1221 164 1236 ‘
182 1228 236 1249 res
264 1216 353 1248 redit
366 1216 388 1247 :'
412 1226 581 1256 nunquam
599 1225 676 1246 cum
695 1215 893 1255 pronomine
911 1212 964 1242 vel
978 1209 1161 1250 adjectivo.
1187 1209 1282 1238 Bene
1295 1217 1376 1248 ergo
1390 1206 1467 1237 cod.
1481 1205 1609 1245 Regius

157 1272 177 1293 a
202 1261 310 1303 prima
338 1269 439 1290 mann
456 1259 541 1289 illic:
565 1257 654 1298 qnod
676 1262 798 1298 postea
821 1256 900 1286 illoec
920 1253 1062 1285 facium.
1109 1252 1159 1282 M.
1177 1251 1253 1281 mihi
1268 1250 1332 1281 illic
1353 1259 1422 1280 vere
1437 1249 1476 1279 ad
1492 1258 1520 1279 r.
1536 1258 1564 1278 r.
1580 1258 1609 1278 r.

157 1305 260 1336 Bent.
305 1303 359 1334 Ita
376 1309 408 1332 et
420 1302 513 1333 Perl.
531 1301 633 1332 Both.
653 1301 733 1340 legit
748 1297 950 1330 etdefendit
968 1297 1032 1328 illic
1048 1304 1129 1326 vero.
1175 1294 1262 1325 Illoec
1287 1303 1356 1324 vero
1385 1293 1510 1323 Z.-59
1537 1290 1610 1322 EA.

157 1347 231 1379 ΕΡ.
250 1350 285 1378 et
298 1345 398 1378 Junt.
417 1344 496 1376 Ald.
523 1345 610 1382 aliae,
638 1341 902 1374 Lindenbmchii
929 1341 996 1371 Ms.
1025 1344 1059 1370 et
1090 1343 1189 1369 vetus
1216 1337 1337 1376 codex,
1367 1336 1432 1366 Ms.
1457 1335 1550 1374 Lips.
1576 1338 1612 1364 et

156 1390 277 1422 Boend.
302 1389 386 1424 Quot
403 1388 590 1419 incommoda
605 1386 664 1417 libi
680 1387 713 1417 in
727 1387 784 1416 hac
799 1395 832 1416 re
847 1383 947 1424 capies
960 1394 970 1414 .·
995 1391 1093 1423 quam
1117 1380 1300 1411 lectionem
1318 1383 1435 1410 tuetur
1451 1377 1613 1408 Faernus

158 1433 226 1465 Sed
241 1432 387 1466 ,Iuntina
402 1432 510 1462 altera
526 1441 565 1461 ea
582 1429 818 1461 emendatione
838 1427 975 1465 FaeLrni‚
993 1428 1087 1456 1565.
1115 1424 1202 1455 Rob.
1230 1422 1394 1463 Stephani
1423 1430 1499 1452 cum
1521 1420 1612 1461 plus-

157 1477 243 1508 culis
259 1476 333 1506 aliis
349 1474 524 1513 exhibent,
547 1478 584 1504 ut
611 1472 727 1511 edidi;
751 1477 851 1513 atque
873 1469 959 1500 haud
986 1469 1069 1506 scio,
1094 1477 1134 1498 an
1159 1467 1290 1505 melius,
1317 1462 1612 1496 consentientibus

156 1519 327 1551 nonnullis
344 1519 425 1549 Mss.
468 1516 676 1548 Terentiana
692 1520 782 1554 sunt,
806 1510 1072 1545 ‘commoditas'
1097 1515 1133 1541 et
1156 1508 1457 1546 ‘incommoditas‚’
1481 1507 1513 1537 in
1531 1515 1611 1537 con-

157 1562 333 1594 trahendis
352 1561 493 1600 nuptiis.
538 1559 671 1598 Malim,
683 1559 709 1589 si
727 1567 785 1599 per
801 1556 945 1588 Codices
960 1556 1079 1586 liceret
1096 1564 1103 1582 :
1133 1553 1185 1583 Ex
1200 1553 1257 1583 hac
1271 1562 1316 1584 re.
1364 1552 1457 1582 Mur.
1484 1555 1611 1589 tamen,

161 1606 244 1641 Quot
269 1604 531 1636 incommoditates
550 1603 581 1633 in
600 1603 656 1633 hac
672 1612 705 1632 re
719 1600 862 1642 accipies,
879 1603 999 1639 utpote
1016 1602 1135 1628 contra
1148 1596 1248 1627 metri
1265 1596 1360 1635 leges
1376 1594 1540 1634 scriptum
1561 1601 1612 1622 re-

160 1649 293 1690 pudiat.
321 1647 420 1679 West.
467 1647 534 1678 Hic
564 1654 679 1677 versus
713 1645 769 1674 vix
802 1643 884 1674 mihi
911 1642 1047 1672 videtur
1074 1639 1260 1670 sustentari
1284 1647 1398 1679 posse,
1431 1637 1497 1667 nisi
1521 1634 1611 1666 forte

161 1691 320 1723 elidendo
334 1700 376 1722 ex
395 1690 477 1725 Quot
492 1693 526 1721 t:
551 1698 626 1729 quae
644 1688 749 1718 dictio
766 1688 798 1717 in
816 1687 904 1717 libro
922 1683 1090 1716 BembIno
1116 1692 1176 1722 per
1202 1682 1222 1712 d
1247 1681 1377 1721 scripta
1403 1683 1455 1711 est
1471 1690 1479 1718 ;
1501 1688 1612 1720 neque

159 1735 194 1766 id
211 1743 327 1766 errore
345 1733 468 1774 aliquo,
485 1731 545 1762 sed
564 1736 731 1771 perpetuo
749 1739 841 1760 more
858 1729 929 1770 ejus
948 1726 1090 1764 librarii,
1117 1731 1152 1755 et
1175 1724 1367 1765 abjiciendo
1384 1733 1447 1764 per
1468 1723 1613 1764 synaloe-

159 1777 259 1819 pham
278 1776 429 1808 nltimam
454 1775 616 1815 syllabam
633 1774 794 1805 dictionis
818 1770 1137 1803 ‘incommoditates
1153 1766 1175 1798 :’
1192 1770 1272 1798 eliso
1291 1767 1384 1808 prius
1399 1777 1426 1797 s.
1449 1766 1613 1797 Ceterum

157 1831 190 1852 o.
204 1821 226 1852 l.
241 1831 273 1852 s.
296 1824 419 1860 praoter
435 1818 652 1855 Bembinum,
667 1818 716 1848 ita
730 1816 858 1847 habent
876 1816 963 1845 hunc
978 1822 1124 1850 versum,
1136 1810 1256 1841 eodem
1273 1820 1385 1849 sensu,
1398 1809 1456 1840 sed
1474 1817 1614 1839 nmnero

158 1865 310 1899 meliore,
331 1863 413 1898 Quot
428 1862 617 1893 incommodo
631 1860 690 1891 tibi
701 1860 800 1890 inhac
811 1869 844 1889 re
859 1858 962 1898 capies
976 1856 1038 1887 nisi
1052 1857 1162 1886 caves?
1178 1854 1238 1885 Fa.
1262 1854 1357 1884 Bene
1371 1859 1420 1883 est
1438 1851 1526 1893 quod
1546 1861 1613 1882 mo-

159 1908 234 1938 nuit
244 1907 302 1938 Fa.
312 1906 345 1936 in
357 1903 563 1937 Bem.fuisse
579 1905 679 1940 Quod.
701 1903 794 1933 Unus
807 1911 849 1932 ex
862 1899 1063 1938 Meadianis,
1079 1898 1168 1934 Quod
1181 1897 1362 1927 incommodi
1375 1895 1444 1926 tibi.
1470 1895 1613 1934 Repone

161 1950 252 1985 Quod
268 1949 448 1980 incommodi
464 1947 523 1978 tibi
539 1947 571 1977 in
587 1947 617 1978 h.
634 1957 662 1977 r.
676 1958 703 1977 a.
718 1956 748 1976 n.
763 1948 873 1976 caves?
890 1945 989 1975 Bent.
1006 1944 1015 1960 ‘
1033 1942 1073 1972 In
1089 1942 1168 1972 Par.
1183 1941 1266 1971 Mss.
1281 1939 1484 1970 incommoda.
1510 1938 1615 1968 Bent.

163 1993 253 2029 Quod
268 1992 461 2029 incommodi,
478 1989 587 2022 mire.'
611 1991 697 2021 Perl.
733 1989 836 2019 Both.
853 1988 935 2028 legit
951 1986 1040 2021 Quod
1055 1983 1238 2015 incommodi
1251 1983 1311 2013 libi
1327 1984 1349 2013 i.
1365 1983 1395 2013 h.
1411 1991 1439 2012 r.
1456 1981 1569 2021 capies,
1584 1990 1616 2011 n.

160 2033 270 2067 caves?
289 2035 399 2075 Capies
408 2034 511 2065 habet
522 2042 655 2074 quoque
668 2031 907 2071 Calphnrnius.
938 2030 997 2060 ΒΥ.
1018 2028 1103 2064 Quot
1114 2028 1301 2058 incommodo
1314 2024 1482 2064 tibicapies
1494 2023 1556 2054 nisi
1569 2034 1618 2054 ca-

160 2089 222 2111 ves.
237 2078 317 2118 Bip.
331 2078 452 2117 Delph.
478 2077 562 2112 Quot
577 2076 766 2107 incommoda
781 2075 838 2105 tihi
853 2074 886 2104 in
902 2074 958 2104 hac
973 2082 1008 2103 re
1024 2071 1136 2111 capim,
1150 2082 1180 2102 n.
1193 2073 1302 2100 caves?
1325 2069 1396 2099 Tibi
1412 2071 1489 2108 post
1504 2067 1615 2097 incom.

161 2120 282 2154 Guelf.
299 2123 418 2152 2.-60
443 2118 497 2150 Al.
519 2120 666 2150 ostendis.
694 2118 836 2149 Bothius
857 2117 939 2155 legit
957 2116 1002 2147 D.
1020 2114 1159 2145 ostendes
1176 2117 1206 2143 te
1221 2116 1250 2142 et
1266 2112 1406 2151 ignosces
1419 2113 1487 2151 post
1504 2113 1618 2140 tumen.

161 2164 218 2196 Al.
230 2164 349 2196 colloc.
363 2165 395 2194 et
410 2166 511 2193 tamen
534 2165 602 2202 post
618 2162 853 2201 ignosces—61
878 2158 1002 2190 Boend.
1019 2158 1063 2189 G.
1087 2164 1121 2187 et
1146 2156 1245 2187 Bodl.
1262 2155 1321 2186 sed
1338 2160 1375 2186 et
1393 2154 1464 2185 ΕΡ.
1481 2158 1516 2184 et
1536 2153 1616 2184 EM.

161 2208 206 2239 Et
222 2207 256 2238 id
270 2207 331 2238 erit
346 2206 519 2245 ingratum.
533 2204 628 2236 EA.:
656 2205 700 2235 Et
715 2204 747 2234 id
761 2204 821 2234 erit
837 2203 893 2234 tibi
910 2202 1082 2240 ingratum.
1115 2201 1307 2239 Utrumque
1324 2207 1367 2228 ex
1383 2198 1503 2238 glossa.
1526 2195 1616 2226 Vide

162 2261 264 2291 snpra
279 2259 320 2280 11.
343 2252 373 2280 3.
400 2251 453 2280 21.
501 2247 582 2286 Alii,
604 2248 675 2288 quid
698 2248 838 2277 doleam:
862 2245 950 2286 quod
979 2242 1171 2274 defendunt
1194 2241 1312 2272 Rivius
1337 2246 1372 2271 et
1399 2240 1490 2280 Guy.
1518 2238 1618 2270 W‘est.

164 2294 212 2325 Et
225 2294 259 2324 id
275 2293 437 2332 ingratum
453 2291 512 2323 erit
526 2291 628 2322 Both.
666 2291 709 2322 Et
734 2290 766 2320 id
790 2290 852 2320 erit
878 2289 945 2327 ing.
977 2287 1035 2318 ΒΓ.
1083 2286 1150 2316 Ms.
1172 2285 1251 2316 Par.
1270 2295 1297 2315 e.
1321 2284 1354 2314 id
1383 2283 1442 2313 tibi
1467 2281 1528 2313 erit
1550 2283 1618 2312 i.—

161 2339 203 2368 62
229 2336 314 2372 Quid
328 2335 394 2375 hoc,
410 2336 489 2375 quod
504 2335 580 2365 volo.
626 2333 682 2364 Ita
699 2338 827 2374 praeter
843 2331 965 2362 Boend.
988 2330 1038 2360 M.
1067 2334 1103 2360 et
1128 2329 1187 2359 Tr.
1214 2327 1296 2367 legit
1316 2327 1386 2357 ΕΡ.
1409 2332 1478 2356 tum
1496 2325 1569 2355 EV.
1586 2328 1617 2356 1.

160 2379 430 2415 Daventriensis‚
447 2378 545 2409 Junt.
564 2376 660 2415 aliae3
685 2377 801 2417 itaque
819 2377 1065 2405 recensuerunt
1076 2372 1168 2402 Mur.
1187 2375 1222 2401 et
1239 2370 1414 2401 Heinsius.
1444 2368 1616 2398 Robertus

161 2422 368 2463 Stephanus,
387 2421 507 2458 Aldus,
525 2419 672 2459 Fabrini,
698 2419 818 2460 nuperi
842 2417 993 2459 qnidam,
1012 2415 1097 2450 Quid
1112 2415 1179 2451 hoc,
1194 2415 1272 2454 quod
1295 2423 1381 2451 rogo.
1427 2412 1487 2442 Est
1505 2415 1617 2441 autem

162 2467 228 2496 volo
246 2465 464 2496 vehementer
481 2463 594 2503 cupio.
621 2463 677 2493 Sic
695 2462 783 2493 And.
798 2471 855 2492 111.
871 2463 901 2491 3.
922 2463 973 2491 18.
1000 2459 1127 2488 Heaut.
1145 2467 1180 2488 v.
1196 2460 1227 2487 4.
1246 2459 1278 2487 4.
1316 2456 1399 2486 Tum
1414 2453 1619 2486 confirmant

164 2508 346 2540 lectionem
361 2516 461 2548 quam
491 2506 649 2545 exhibeo,
677 2516 752 2545 qnae
781 2505 935 2545 proxime
962 2505 1162 2542 sequuntur,
1193 2500 1202 2516 ‘
1219 2499 1282 2530 nisi
1312 2498 1392 2539 qnid
1418 2503 1483 2535 est,
1516 2496 1618 2529 Quod

162 2550 290 2589 mavis‚’
314 2551 348 2581 h.
366 2559 396 2581 e.
420 2550 526 2589 magis
553 2549 612 2579 vis.
658 2547 812 2579 Eandem
830 2547 1011 2577 lectionem
1027 2549 1148 2574 contra
1171 2543 1371 2574 Goveanum
1394 2546 1429 2572 et
1445 2541 1618 2579 Guyetum

163 2595 316 2625 delentes
325 2593 362 2623 τὸ
376 2593 443 2631 lzoc,
459 2591 611 2622 defendit
627 2591 663 2623 J.
682 2592 732 2621 Fr.
751 2590 957 2626 Gronovius,
975 2587 1016 2618 ad
1032 2587 1143 2617 Plaut.
1158 2585 1322 2616 Baccliid.
1339 2594 1378 2615 u.
1394 2587 1424 2614 3.
1443 2587 1494 2614 15.
1517 2582 1618 2613 lVest.

164 2637 173 2653 ⁶
188 2638 300 2677 Lege‚'
324 2636 432 2677 inquit
458 2635 556 2666 Bent.
593 2634 654 2664 ‘ex
668 2633 791 2665 nostris
806 2633 983 2669 universis,
1000 2630 1083 2666 Quid
1095 2630 1239 2669 hocquod
1255 2627 1342 2659 volo)
1365 2629 1374 2644 ‘
1393 2627 1497 2666 ang.
1526 2626 1568 2660 Q.
1586 2625 1618 2656 Ιι.

163 2690 194 2720 q.
216 2690 302 2719 rogo,
315 2678 442 2710 frustra
467 2681 669 2718 exasperato
697 2686 807 2708 versu.
844 2674 1036 2706 Bentleiani
1061 2677 1097 2703 et
1122 2672 1229 2703 nostri
1252 2676 1381 2712 praeter
1407 2669 1473 2701 Gu.
1492 2670 1523 2699 1.
1539 2669 1619 2708 quod

163 2724 247 2756 volo:
270 2721 371 2755 Both.
399 2720 455 2763 qui
477 2721 533 2753 hoc
560 2719 702 2761 omittit,
727 2724 763 2751 et
789 2718 924 2751 ordinat
947 2717 1002 2749 illa
1016 2719 1049 2747 ut
1065 2714 1171 2747 nubat.
1216 2714 1307 2754 Rogo
1323 2712 1437 2746 Guelf.
1456 2715 1485 2744 1.
1504 2713 1522 2742 3
1557 2711 1618 2742 Br.
