1966 3302
338 231 422 274 988
839 247 878 276 P.
910 245 1151 277 TERENTII
1187 248 1302 278 Arm

339 338 426 380 Sed
447 343 652 393 patruum
673 339 803 382 video
824 354 925 382 cum
943 345 1069 395 patre
1092 346 1332 385 astantem:
1353 343 1421 384 hei
1444 343 1574 386 mihi!

338 405 485 456 Quam
505 407 651 457 timeo,
673 407 889 449 adventus
908 408 1038 462 hujus
1060 422 1150 463 quo
1170 409 1368 463 impellat
1389 412 1586 464 patrem!

338 473 428 515 GE.
458 472 609 515 Adibo
628 475 765 517 hosce
784 489 795 518 t
815 489 843 518 o
862 480 1011 518 noster
1032 476 1240 518 Chremes
1258 477 1272 519 ἵ
1313 477 1471 519 cmm.
1489 479 1638 529 Salve,
1662 478 1795 521 Geta.

337 540 426 583 GE.
457 540 624 584 Venire
646 544 817 586 salvom
838 544 991 599 volup'
1009 550 1096 589 est.
1155 545 1313 587 C-HRE.
1340 545 1506 590 Credo..
1557 546 1646 589 GE.
1669 546 1792 598 Quid

510 611 650 664 agitur
665 612 684 652 Ἰ
1765 617 1794 656 5

339 677 495 719 CHRE.
529 679 674 721 Multa
696 680 959 733 advenienti,
981 686 1031 723 ut
1051 682 1114 729 fit,
1135 695 1252 724 nova
1272 682 1343 724 hic
1366 683 1623 737 compluria.

337 745 427 787 GE.
448 747 545 788 Ita:
568 747 623 789 de
646 747 897 802 Antiphone
913 748 1236 803 audistin'quae
1258 750 1408 791 facta?
1442 749 1598 791 Cflstn.
1621 750 1798 791 Omnia.

337 813 427 855 GE.
457 814 570 855 Tun'
589 815 767 857 dixeras
788 817 921 858 huic‘?
953 818 1127 859 facinus
1149 818 1388 871 indignum,
1411 818 1614 868 Chreme,

337 882 413 923 Sic
441 882 660 924 circumiri
679 884 687 924 !
749 884 841 926 DE.
877 884 927 926 [d
947 886 1033 927 hoc
1055 898 1155 927 cum
1177 886 1364 938 agebam
1383 886 1682 928 commodum.

335 992 424 1023 video
438 1003 507 1024 cum
520 997 609 1033 patre
624 997 779 1026 stantem:
803 995 852 1026 hei
864 995 953 1032 mihi,
970 1005 1061 1036 quam
1073 1000 1246 1036 metuo-quo
1262 997 1313 1028 ille,
1324 1006 1451 1036 peregre
1465 1006 1606 1028 reversus
1614 1000 1732 1036 patrem
1748 997 1797 1028 in-

335 1036 422 1067 citet.
470 1037 540 1068 GE.
563 1037 615 1068 Ad
630 1038 684 1068 hos
698 1038 758 1070 ibo.
806 1039 835 1068 0
850 1042 955 1069 noster
973 1039 1119 1070 Chremes
1132 1039 1148 1071 ,Ι
1192 1041 1259 1070 CH.
1277 1039 1382 1078 Salve,
1398 1040 1492 1070 Geta.
1523 1038 1589 1070 GE.
1612 1040 1654 1070 Te
1668 1039 1798 1071 rediisse

335 1080 453 1110 salvum
467 1084 496 1110 et
513 1079 586 1111 bene
602 1082 753 1111 valentem
766 1081 843 1111 mihi
855 1081 1195 1121 sanejucumlissz'mum
1211 1086 1268 1114 est.
1315 1083 1383 1113 CH.
1411 1083 1521 1113 Credo.
1567 1081 1634 1113 GE.
1662 1083 1795 1117 Quomo-

335 1122 372 1150 do
388 1123 496 1160 agitur
511 1126 633 1154 tecum?
678 1124 749 1155 CH.
771 1124 896 1162 Multoe,
919 1129 953 1155 ut
969 1125 1002 1155 in
1018 1125 1075 1155 hnc
1090 1126 1156 1156 vita
1172 1135 1230 1156 usu
1253 1125 1357 1156 venire
1380 1125 1469 1162 solet,
1490 1126 1631 1155 redeunti
1647 1135 1732 1156 novoe
1747 1135 1797 1156 res

336 1164 385 1194 hic
403 1170 578 1197 occurrunt.
624 1166 692 1197 GE.
719 1167 783 1206 Ita,
799 1168 987 1198 audivistine
1002 1178 1070 1208 quae
1084 1169 1122 1199 de
1137 1168 1416 1208 Antiphonefnctu
1431 1171 1527 1198 sunt?
1571 1168 1640 1198 Cn.
1668 1160 1794 1198 Omnia.

338 1207 404 1237 GE.
430 1210 481 1239 Αη
496 1212 542 1247 tu,
563 1210 734 1249 Demipho,
747 1220 810 1240 rem
834 1210 881 1240 uti
894 1214 986 1250 gesta
1001 1214 1060 1249 est,
1065 1211 1135 1250 jam
1150 1212 1289 1242 narrasti
1302 1214 1314 1242 ,7
1327 1211 1457 1249 fucinus
1471 1211 1605 1246 crudele,
1620 1213 1650 1241 et
1667 1211 1795 1241 misera-

338 1250 400 1281 Lz'le
413 1252 458 1282 sic
468 1252 697 1284 cirmonvenz'ri.
740 1253 808 1286 DE.
834 1253 905 1285 Hoc
923 1254 1068 1295 temporis
1079 1257 1229 1286 momento
1241 1256 1279 1286 cle
1294 1254 1350 1285 hac
1362 1264 1396 1286 re
1411 1254 1594 1290 cumfratre
1606 1253 1800 1294 Demiphone

948 1339 1185 1351 eeeeeeeeeeee

336 1398 408 1422 ‘tnm
427 1402 608 1433 agnoscere
627 1393 745 1425 scribit
763 1394 822 1425 Fa.
852 1395 952 1427 West.
995 1395 1079 1427 Tres
1098 1395 1325 1436 antiquissimi
1348 1394 1424 1426 libri
1439 1398 1475 1426 et
1490 1394 1571 1426 Bas.
1587 1403 1652 1424 non
1669 1393 1797 1425 habent

336 1435 372 1468 τὸ
388 1436 457 1474 huc,
480 1446 543 1467 nec
563 1436 630 1467 Do.
654 1437 714 1468 Fa.
760 1438 872 1468 Etiam
889 1438 992 1469 nostri
1008 1439 1163 1471 nesciunt
1184 1438 1267 1470 illud
1293 1439 1362 1470 huc.
1386 1439 1490 1468 Bent.
1535 1437 1643 1468 Abest
1661 1447 1796 1478 qnoque

338 1480 396 1508 Ην.
422 1479 521 1510 Both.
546 1480 623 1520 ssip.
646 1480 684 1511 Z.
728 1479 770 1511 Se
797 1490 858 1520 pro
881 1491 944 1513 sese
961 1481 1112 1513 GM.—2
1136 1482 1192 1513 Al.
1219 1482 1399 1513 collocatio
1420 1485 1486 1521 est,
1511 1490 1578 1511 cum
1591 1484 1684 1520 patre
1698 1480 1796 1511 video.

337 1522 479 1553 Bothins
495 1522 642 1562 ordinat,
664 1523 750 1553 video
765 1527 919 1555 astantem
934 1534 1002 1555 cum
1021 1528 1185 1565 patra—3
1208 1524 1250 1556 Τὸ
1266 1524 1356 1564 hujus
1372 1524 1469 1555 abest
1482 1533 1501 1554 a
1518 1524 1587 1555 Ms.
1601 1524 1686 1554 Wit.
1733 1523 1795 1553 Im-

334 1565 426 1605 prllal
441 1575 540 1596 meum
556 1565 635 1596 Hel.
654 1566 821 1597 Boin—4
839 1567 947 1599 Codd.
964 1568 1099 1608 quidam
1119 1570 1148 1598 0
1163 1569 1260 1607 salve,
1274 1571 1379 1598 ‘noster
1399 1567 1536 1598 Chreme.
1557 1567 1661 1596 west.
1696 1565 1798 1596 Adibo

336 1608 443 1638 hosce.-
466 1618 482 1638 o
504 1612 609 1639 noster
634 1609 790 1640 Chremes.
816 1611 884 1640 CH.
912 1610 1006 1641 Salve
1031 1611 1130 1651 Geta]
1155 1611 1257 1642 Liber
1272 1610 1458 1641 Bembinus
1474 1610 1522 1640 ita
1537 1609 1653 1647 habet,
1671 1608 1700 1638 0
1714 1609 1798 1639 salve

335 1654 439 1681 noster
455 1651 605 1682 Chreme:
628 1652 717 1692 quod
736 1653 763 1683 si
785 1653 980 1693 recipimus,
1006 1653 1182 1694 oportebit
1209 1653 1353 1694 primam
1380 1653 1478 1693 hujus
1496 1662 1611 1682 versns
1629 1651 1795 1691 syllabam

335 1694 546 1734 praecedenti
565 1696 751 1735 applicare,
775 1700 810 1726 et
827 1697 879 1727 vel
895 1706 937 1726 ex
960 1701 968 1714 ⁴
982 1696 1116 1728 noster'
1139 1707 1157 1727 r
1173 1697 1312 1733 elidere,
1330 1696 1383 1727 vel
1406 1696 1437 1726 in
1462 1696 1471 1712 ‘
1487 1695 1632 1726 Chreme
1648 1694 1656 1706 ’
1684 1700 1797 1733 poste-

336 1737 458 1775 riorem
487 1738 683 1777 corripere;
708 1738 757 1768 ita
781 1738 885 1770 etiam
910 1749 1069 1770 numerus
1087 1739 1151 1771 erit
1167 1740 1308 1771 melior:
1335 1749 1413 1770 nam
1439 1738 1473 1768 in
1494 1738 1631 1778 vulgata
1646 1737 1795 1768 lectione

337 1779 403 1809 duo
421 1781 522 1811 medii
540 1781 641 1820 pedes
659 1782 781 1820 singuli
805 1791 848 1812 ex
875 1783 1017 1823 integris
1035 1788 1193 1815 coustant
1209 1782 1363 1823 partibus
1381 1781 1565 1818 orationi33
1589 1779 1677 1821 quod
1693 1780 1726 1810 in
1745 1790 1796 1810 se-

337 1823 440 1853 nariis
464 1829 500 1855 et
527 1823 669 1854 heroicis
697 1824 846 1855 versibus
864 1825 1021 1856 vitiosum
1039 1836 1127 1865 esse,
1151 1830 1338 1859 auctorest
1362 1825 1492 1857 Gellius
1512 1823 1567 1854 lib.
1586 1831 1697 1854 xvm.
1714 1832 1795 1870 fap.

337 1866 466 1897 ultimo.
491 1867 550 1898 Fa.
594 1867 819 1900 Adibolwsce.
843 1878 859 1896 ο
882 1869 965 1899 salve
989 1872 1093 1900 noster
1117 1869 1260 1900 Chreme.
1304 1867 1395 1898 Salve
1415 1868 1508 1898 Geta.
1553 1866 1610 1896 Sic
1627 1876 1644 1895 a
1663 1866 1796 1896 Facu-no

337 1915 387 1939 est
405 1919 447 1939 ex
464 1909 640 1940 Bembino.
665 1910 730 1940 Sed
749 1911 830 1941 tolle
847 1911 931 1942 iilud
948 1912 1049 1951 hosce,
1067 1916 1101 1943 et
1117 1921 1259 1952 repone,
1273 1910 1373 1942 Adibo
1384 1922 1393 1940 :
1410 1920 1426 1940 ο
1437 1910 1520 1940 salve
1532 1911 1635 1939 noster
1650 1908 1799 1939 Chreme.-

335 1954 419 1983 salre
437 1953 532 1983 Geta.
578 1954 587 1970 ‘
600 1952 714 1984 Adibo
726 1952 734 1965 ’
761 1953 928 1993 absolute,
944 1959 982 1985 ut
999 1956 1084 1986 Eun.
1101 1964 1156 1985 111.
1174 1957 1205 1985 2.
1222 1957 1253 1985 8.
1276 1955 1284 1970 ‘
1300 1953 1434 1984 Adibo:
1455 1956 1557 1992 atque
1573 1951 1796 1999 adsimulabo,

338 1996 433 2032 quasi
449 2005 537 2026 nunc
550 1996 693 2026 exeam?
737 1995 887 2036 Adelph.
902 2006 957 2028 111.
973 2000 1004 2028 4,
1023 2000 1072 2029 14.
1095 1998 1103 2014 ‘
1116 1997 1241 2034 Adibo,
1258 1996 1387 2027 salvere
1404 1995 1598 2035 Hegionem
1616 1995 1796 2034 plunnium

336 2037 483 2069 Jubeoz'
507 2043 542 2069 et
566 2038 614 2069 ita
638 2048 731 2078 saepe
754 2039 845 2070 alibi.
894 2039 1010 2070 Nostri
1037 2050 1153 2071 omnes
1171 2040 1220 2071 sic
1247 2039 1389 2077 habent,
1412 2038 1516 2069 Adibo
1531 2037 1638 2067 hosce:
1661 2047 1678 2067 o
1695 2040 1797 2067 noster·

340 2081 495 2114 Chremes.
521 2082 614 2114 Salve
643 2081 746 2112 Geta:
770 2082 803 2112 in
831 2091 898 2123 quo
929 2082 991 2114 hoc
1007 2084 1150 2123 primum
1168 2087 1345 2123 peccatur,
1361 2080 1451 2122 quod
1469 2080 1559 2111 Geta
1576 2079 1794 2111 Chremetem

338 2125 469 2155 salvere
493 2134 559 2155 non
575 2124 698 2164 jubet;
724 2124 861 2165 deinde,
889 2124 923 2156 id
952 2125 1042 2166 quod
1064 2136 1106 2157 ex
1124 2126 1236 2157 Gellio
1254 2130 1351 2156 notat
1367 2124 1533 2162 Faernus,
1556 2121 1685 2171 medios
1711 2121 1796 2171 duos

336 2167 441 2207 pedes
464 2168 473 2184 ‘
489 2168 619 2199 Noster
635 2167 814 2199 Chremes'
839 2178 881 2199 ex
898 2168 1042 2209 integris
1059 2168 1172 2200 verbis
1189 2173 1361 2208 constare,
1386 2167 1419 2198 id
1437 2166 1558 2197 vitiose
1573 2164 1646 2214 fieri
1661 2170 1794 2196 metrici

336 2211 416 2240 olim
433 2209 745 2241 animadverterunt
760 2221 768 2249 3
793 2220 916 2252 nempe
932 2213 1011 2252 quia
1028 2216 1098 2243 tum
1116 2221 1257 2243 necesse
1272 2215 1338 2250 est,
1362 2215 1400 2241 ut
1416 2208 1556 2250 syllabae
1574 2209 1700 2239 ultima-
1719 2217 1797 2238 acu-

337 2259 451 2292 antur,
467 2259 586 2283 contra
603 2253 733 2284 Latinae
750 2254 873 2292 linguae
892 2254 1051 2286 indolem.
1076 2255 1175 2286 Bent.
1223 2255 1252 2285 Ο
1266 2258 1370 2284 noster
1386 2253 1515 2283 Chreme
1530 2251 1625 2282 Perl.
1672 2251 1702 2280 0
1716 2252 1798 2281 salve

337 2299 439 2327 noster
458 2296 587 2327 Chreme
602 2297 681 2336 Bip.
725 2297 734 2312 ‘
748 2297 851 2338 Vulg.
867 2300 972 2328 noster
989 2298 1131 2329 Chreme.
1179 2297 1248 2328 Cn.
1274 2297 1366 2327 Salve
1385 2296 1482 2334 Geta,
1497 2303 1564 2325 non
1582 2297 1678 2324 recte
1693 2293 1796 2342 colio:

338 2344 416 2370 rato
433 2339 535 2370 verbo
560 2340 568 2357 ⁶
585 2339 755 2378 Chreme,’
779 2340 806 2370 si
824 2340 1007 2380 genuinum
1024 2345 1115 2372 esset
1130 2350 1138 2378 ;
1164 2340 1221 2371 sed
1241 2349 1320 2370 sane
1338 2343 1391 2370 est
1408 2336 1600 2386 glossema?
1622 2337 1720 2386 rioth.
1737 2345 1796 2377 qui

336 2381 416 2412 inde
432 2381 504 2420 dat,
525 2382 646 2413 Adibo.-
670 2392 687 2413 ο
702 2383 798 2421 salve,
813 2388 917 2414 noster
934 2406 941 2413 .
957 2405 964 2414 .
979 2407 987 2415 .
1002 2407 1010 2414 .
1044 2383 1113 2414 Cn.
1128 2383 1264 2420 Sulveto,
1281 2383 1439 2416 φάψ-6
1457 2380 1538 2410 Wit-
1559 2380 1671 2427 Venire
1682 2379 1796 2409 salvom

337 2429 378 2456 te.
413 2425 512 2455 Bodl.
530 2430 565 2455 et
581 2425 624 2455 G.
641 2435 715 2456 cum
733 2426 805 2456 ΕΡ.
821 2427 960 2466 voluptas
974 2430 1029 2458 est.
1047 2426 1154 2457 West.
1202 2426 1268 2457 CH.
1289 2425 1400 2456 Credo.
1440 2422 1495 2453 Ita
1511 2423 1597 2453 Mss.
1614 2422 1794 2470 Lentienses

338 2477 466 2506 omnes,
482 2469 537 2499 Tr.
556 2468 600 2499 G.
625 2468 746 2500 Boend.
773 2473 808 2499 et
829 2469 912 2501 Wit.
938 2479 1014 2501 cnm
1041 2468 1212 2510 plerisque
1237 2467 1391 2502 omnibus
1413 2465 1585 2506 impressis
1608 2464 1794 2512 veteribus.

336 2510 536 2542 Adveniens
552 2511 642 2541 enim
659 2511 819 2542 Chremes
846 2511 945 2543 Getae
969 2512 1151 2543 adventum
1181 2510 1365 2551 gratulanti
1382 2508 1590 2556 respondet..
1621 2506 1793 2546 Demipho

339 2562 418 2583 vero
437 2554 509 2594 jam
534 2553 660 2584 dudum
677 2554 877 2586 advenerat.
921 2555 1019 2588 Quod
1037 2554 1197 2585 Dacieria
1213 2558 1322 2593 notat,
1346 2553 1446 2583 Credo
1462 2555 1493 2583 et
1507 2551 1645 2600 ereditur
1658 2553 1731 2580 sont.
1741 2550 1795 2580 des

338 2599 451 2626 termes
471 2597 507 2626 de
533 2596 661 2636 εἱυίἱὶιὲ,
684 2598 759 2628 dont
781 2607 821 2627 οη
840 2607 872 2628 se
894 2598 1008 2629 servoit
1027 2607 1106 2638 pour
1119 2597 1282 2628 remercier
1304 2606 1394 2634 ceux,
1420 2594 1473 2635 qui
1488 2594 1642 2643 fazsozent
1656 2593 1796 2632 quelques

337 2638 530 2675 honnffletez,
556 2639 612 2670 hic
629 2640 742 2671 locum
757 2650 823 2671 non
839 2640 952 2672 habet.
977 2641 1076 2671 Idem.
1124 2640 1194 2671 DE.
1223 2639 1324 2670 Credo
1346 2639 1448 2669 Bent.
1475 2637 1565 2685 Rip..
1603 2635 1717 2674 Volupe
1748 2637 1795 2665 est

338 2680 396 2711 Br.
413 2681 491 2720 Bip.
510 2681 611 2713 Both.
627 2683 756 2723 Deiph.
806 2683 922 2723 Volupe
936 2683 976 2714 'st
994 2683 1087 2715 Peri.
1102 2682 1143 2713 Z.
1194 2682 1342 2721 Voluptas
1358 2681 1444 2712 GM.
1486 2679 1613 2710 Vemsse
1627 2677 1794 2726 Bone-0

341 2723 434 2753 Nova
449 2724 510 2762 hic,
526 2725 707 2763 compluria.
743 2725 797 2756 Ita
812 2725 1088 2766 distinguendum
1105 2729 1220 2756 monet
1234 2725 1340 2755 West.
1376 2723 1466 2754 Nova
1481 2722 1531 2770 hic
1545 2721 1711 2760 compluria
1733 2720 1794 2768 Br.

340 2764 442 2796 Bent.
462 2767 552 2796 Peri.
569 2767 607 2797 Z.
625 2767 751 2808 Delph.
793 2768 896 2808 Nova,
913 2769 962 2799 hic
977 2767 1157 2809 compluria.
1173 2768 1250 2808 Bip.
1288 2766 1430 2797 Bothius
1447 2765 1531 2804 legit
1547 2764 1652 2793 Multa
1667 2763 1792 2793 ‹nivem-

339 2808 404 2840 enti
419 2807 468 2840 hic
482 2818 573 2850 nova,
590 2810 637 2840 uti
645 2810 689 2851 fit
704 2812 897 2851 compluries.
919 2811 1002 2844 GM.
1019 2809 1133 2843 Guelf.
1147 2813 1179 2843 2.
1193 2810 1424 2851 emmunim—7
1442 2807 1493 2838 Ita
1505 2809 1550 2838 est
1566 2805 1792 2837 Idem—sla
