1966 3302
616 224 831 256 HECYRAE
864 225 972 254 Ac'r.
996 223 1049 253 11.
1081 222 1148 254 sc.
1173 223 1224 252 11.
1551 213 1641 254 825

582 385 787 428 ACTUS
820 385 884 427 ΙΙ.
944 383 1152 426 SCENA
1184 382 1248 424 II.

481 519 761 550 PHIDIPPUS.
814 517 1024 547 LACHES.
1076 515 1347 547 SOSTRATA.

190 603 340 645 PHID.
372 601 492 642 ETSI
514 600 611 642 scio
634 613 733 653 ego,
764 597 1038 646 Philumena,
1069 608 1213 636 meum
1245 596 1323 650 jus
1359 606 1478 644 esse,
1518 597 1564 634 ut
1597 596 1640 634 te

356 681 531 722 cogam,

188 736 305 789 Quae
325 750 410 790 ego
431 736 655 790 imperem,
667 734 810 775 facere
829 746 840 785 ;
860 745 939 786 ego
962 738 1124 783 tamen,
1145 731 1289 786 patrio
1312 730 1457 771 animo
1478 730 1642 778 victu&

358 805 537 865 fans

189 873 253 916 Ut
273 874 356 916 tibi
380 871 624 915 concedam
642 883 653 922 ;
683 882 827 922 neque
848 872 938 909 tuae
961 867 1133 908 libidini
1155 865 1442 908 advorsabor.

192 931 646 1001 LXAtquefflQQ
668 936 937 991 Phidippum
968 940 1150 990 optume
1172 934 1326 975 video:
1357 946 1416 974 ex
1445 933 1527 974 hoc
1550 933 1646 987 jam

358 1010 497 1057 scibo,
516 1007 625 1061 quid
647 1006 744 1061 siet.

187 1078 427 1133 Phidippe,
449 1077 534 1118 etsi
554 1088 634 1129 ego
655 1061 762 1115 meis
783 1086 852 1114 me
871 1071 1076 1113 omnibus
1097 1070 1193 1112 scio
1216 1083 1317 1112 esse
1349 1069 1550 1125 apprime
1570 1069 1646 1110 ob-

359 1148 633 1200 sequentem,
1620 1139 1648 1178 5

231 1279 304 1309 ΡΗ.
331 1276 483 1313 Quamvis
507 1275 605 1307 sciam
629 1284 698 1315 ego,
724 1274 922 1309 Philumena,
945 1273 980 1304 in
1005 1282 1073 1304 mea
1095 1274 1250 1313 potestate
1271 1280 1348 1309 esse,
1371 1274 1402 1301 te
1416 1269 1591 1310 compellere
1614 1278 1650 1298 ea

179 1320 301 1359 facere,
316 1331 384 1361 quoe
399 1320 459 1350 tibi
471 1319 653 1360 proecipiam
664 1329 676 1355 ;
692 1327 747 1357 ego
764 1322 881 1355 tamen,
895 1317 999 1357 patrio
1013 1315 1131 1357 affectu
1145 1318 1280 1352 coactus,
1295 1324 1376 1345 nunc
1392 1312 1544 1354 imperabo
1561 1311 1651 1349 mihi,

188 1368 222 1395 ue
248 1363 307 1394 tibi
336 1363 495 1403 obsequar,
516 1371 612 1402 neque
638 1365 702 1391 tuoe
723 1361 934 1391 immoderatae
961 1360 1129 1400 cupiditati
1155 1357 1340 1389 reluctabor.
1386 1357 1450 1387 LA.
1483 1356 1576 1394 Ecce,
1599 1354 1651 1384 hic

184 1407 368 1447 Phidippus
381 1409 441 1437 est.
494 1406 676 1446 Opportune
691 1404 770 1434 hunc
785 1403 916 1444 reperio,
961 1404 1016 1433 Ex
1029 1412 1062 1433 eo
1077 1402 1148 1440 jum
1162 1401 1270 1436 scium,
1285 1400 1338 1440 qni
1351 1400 1408 1440 fit,
1424 1409 1480 1431 cur
1494 1399 1558 1437 ejus
1576 1397 1651 1439 filia

184 1461 206 1481 a
221 1450 309 1482 nobis
321 1448 511 1481 discesserit.
555 1448 725 1488 Phidippe‚
741 1446 879 1488 quamvis
894 1456 941 1477 me
954 1446 1056 1477 sentio
1070 1444 1215 1486 inprimis
1229 1453 1294 1476 esse
1309 1443 1441 1483 facilem
1456 1452 1533 1482 erga
1548 1450 1651 1473 omnes

797 1553 1036 1565 ΟΟΝΜΟΜΟ

229 1636 247 1665 1
272 1634 344 1673 Ego
359 1632 488 1664 habent
512 1633 599 1665 Mss.
622 1632 700 1665 duo.
718 1633 817 1665 Boecl.
833 1633 886 1664 Ex
905 1642 937 1663 o.
953 1633 976 1663 1.
995 1642 1021 1663 s.
1038 1635 1074 1663 et
1091 1630 1180 1662 Don.
1197 1628 1354 1661 addimus
1379 1636 1566 1669 pronomen
1584 1637 1651 1667 ego·

191 1677 251 1708 Fa.
280 1675 329 1708 Et
345 1676 451 1707 nostri
464 1685 670 1715 omnes‚ego.
700 1677 801 1708 Bent.
825 1675 946 1715 essejus
961 1685 1061 1707 meum
1073 1674 1239 1706 Boin—2
1263 1671 1433 1704 Iambicus
1447 1675 1499 1702 est
1513 1675 1651 1702 tetram.

187 1720 350 1751 catalect.
367 1719 424 1761 qui
449 1719 538 1750 bene
565 1718 746 1760 procedet,
762 1723 798 1751 et
822 1718 965 1749 habebit
993 1718 1149 1749 Iambum
1173 1717 1205 1747 in
1231 1720 1365 1757 quarta,
1380 1715 1407 1745 si
1424 1714 1508 1745 duos
1533 1724 1654 1755 proce-

185 1763 402 1794 leusmaticos
431 1762 620 1802 admiseris,
634 1771 735 1793 uuum
764 1763 797 1793 in
821 1763 926 1793 tertia
951 1762 1045 1801 sede,
1060 1762 1204 1792 alterum
1229 1759 1261 1789 in
1287 1759 1417 1800 quinta.
1443 1757 1502 1788 Fa.
1547 1758 1653 1788 Nulla

185 1805 255 1845 hic,
271 1806 362 1848 quod
389 1805 431 1836 ad
457 1815 590 1836 versum
617 1805 759 1845 attinet,
779 1804 962 1836 difficultas
987 1810 1050 1836 est.
1074 1804 1171 1835 Bent.
1192 1803 1295 1843 patris
1319 1801 1503 1842 Argentor.
1524 1804 1653 1840 paterno

184 1858 272 1880 unus
297 1859 317 1880 e
332 1849 443 1881 Boecl.
460 1849 548 1879 alter
573 1848 788 1880 devictus.———4
814 1849 868 1878 Ex
891 1849 946 1879 hoc
962 1848 1034 1887 jam
1048 1847 1130 1878 scibo
1153 1855 1239 1876 unus
1256 1855 1274 1876 e
1292 1845 1399 1875 Boecl.
1417 1843 1536 1875 Leidd.
1557 1844 1653 1884 quin-

186 1901 264 1934 que,
283 1892 332 1923 M.
349 1891 419 1930 jam
433 1891 514 1922 scibo
529 1901 570 1922 ex
583 1891 639 1922 hoc
657 1891 757 1923 Bodl.
774 1892 841 1922 Ms.
856 1891 949 1932 Lips.
965 1892 1016 1922 St.
1043 1890 1123 1922 Ald.
1152 1890 1317 1928 videojam
1331 1887 1414 1919 scibo
1429 1887 1503 1918 ΕΡ.
1521 1887 1653 1918 Conve-

182 1935 335 1966 nientior
351 1935 463 1966 versui
491 1939 545 1966 est
571 1935 675 1966 lectio
703 1935 800 1966 Beni.
826 1944 927 1975 quam
950 1940 986 1965 et
1002 1934 1091 1965 Don.
1119 1938 1158 1964 ut
1174 1932 1375 1963 varietatem
1402 1930 1571 1968 lectionis,
1595 1929 1655 1960 ad-

185 1978 295 2017 ducit,
311 1977 460 2016 hincjam
481 1978 588 2015 scibo‚·
612 1982 755 2019 propter
771 1987 906 2009 versum
924 1983 1049 2012 tamen,
1067 1977 1124 2018 qui
1141 1981 1194 2007 est
1211 1975 1320 2006 lamb.
1338 1978 1473 2005 tetram.
1490 1973 1652 2004 catalect.

186 2030 249 2060 ego
264 2020 408 2062 legerim
423 2021 480 2059 sit,
495 2021 554 2052 ubi
581 2026 635 2052 est
649 2022 720 2054 siet.
743 2022 801 2052 Fa.
839 2021 961 2052 Nostri
986 2021 1074 2051 male
1090 2029 1130 2051 ea:
1153 2019 1219 2050 boc.
1249 2018 1301 2049 Sit
1323 2023 1392 2048 tam
1423 2016 1653 2054 scribendum,

185 2073 286 2105 quam
305 2063 608 2104 pronuntiandum.
631 2065 727 2096 Bent.
758 2064 906 2103 hincjam
921 2064 1003 2095 scibo
1018 2063 1093 2105 quid
1115 2062 1174 2093 scit
1190 2062 1293 2092 Bent.
1307 2061 1387 2100 Rip.
1403 2059 1466 2090 Bo.
1488 2059 1558 2098 jam
1573 2059 1654 2090 scibo

187 2117 227 2138 esc
242 2107 299 2137 hoc
313 2106 388 2147 quid
401 2106 463 2137 siet
480 2106 539 2137 Bt.
558 2116 642 2138 unus
659 2117 677 2138 e
693 2108 801 2138 Boecl.
820 2107 891 2145 jam
917 2107 1012 2138 sciam
1028 2117 1068 2138 ex
1084 2107 1140 2137 hoc
1162 2106 1236 2146 quid
1255 2104 1297 2135 sit
1313 2103 1500 2144 Argentor.
1518 2112 1579 2143 pro
1593 2103 1654 2132 siet

188 2150 306 2189 placet
330 2149 491 2180 Bentleio
513 2150 555 2180 sit
581 2153 650 2181 tani
677 2150 978 2190 pronuntiandum,
1003 2159 1102 2191 quam
1119 2147 1348 2180 scribendum.
1386 2146 1514 2176 Verum
1533 2146 1655 2177 Cicero

186 2192 328 2224 Orator.
346 2195 399 2224 47.
415 2192 493 2230 siet,
516 2192 639 2234 iuquit,
661 2193 797 2234 plenum
827 2196 901 2232 est;
925 2194 980 2233 sit,
1004 2192 1241 2228 imminutum;
1267 2191 1347 2220 licet
1370 2193 1468 2220 utare
1496 2195 1654 2229 utroque.

186 2234 341 2267 Per1.-5
365 2235 443 2268 Job.
461 2235 596 2266 Pierius
612 2235 654 2266 ad
671 2236 768 2277 Virg.
786 2236 830 2267 G.
848 2245 889 2266 11.
908 2239 982 2268 134.
1007 2241 1116 2275 notat,
1138 2235 1172 2265 in
1199 2233 1285 2265 Cod.
1303 2233 1370 2264 Ms.
1399 2232 1554 2263 Terentii
1577 2231 1654 2271 legi,

187 2279 264 2310 Etsi
278 2288 336 2318 ego
350 2278 427 2309 meis
443 2287 493 2309 me
508 2278 649 2309 omnibus
662 2279 724 2310 scio
753 2289 816 2310 esse
837 2281 878 2309 ad
901 2279 1004 2319 prima
1021 2279 1243 2319 obsequentem.
1268 2276 1376 2307 West.
1399 2275 1522 2306 Vei-sui
1541 2275 1655 2315 aptior

185 2321 368 2353 collocatio
391 2325 445 2351 est
462 2320 494 2351 in
513 2321 669 2352 omnibus
687 2321 761 2352 fere
785 2323 806 2352 l.
823 2331 848 2353 s·
866 2327 902 2352 et
918 2323 1010 2353 Don.
1036 2322 1096 2352 etsi
1118 2331 1173 2360 ego
1189 2320 1266 2350 meis
1286 2328 1336 2349 me
1358 2318 1499 2349 omnibus
1515 2319 1577 2348 scio
1593 2327 1656 2349 esse

185 2365 326 2404 apprime
341 2364 566 2404 obsequentem.
591 2364 650 2395 Fa.
688 2365 744 2396 Sic
765 2369 801 2396 et
823 2365 932 2396 nostri
958 2365 1115 2406 plerique
1138 2371 1267 2394 omues.
1313 2361 1379 2392 Sed
1403 2361 1486 2392 illud
1512 2362 1656 2401 inspice,

186 2407 262 2438 Etsi
275 2407 338 2438 scio
353 2417 401 2438 me
417 2429 424 2438 .
444 2429 452 2438 .
471 2429 478 2438 .
496 2407 587 2442 Quod
601 2409 639 2438 tu
658 2407 686 2438 si
708 2408 790 2439 idem
809 2407 946 2445 faceres.
991 2409 1162 2441 Quorsum
1184 2404 1269 2436 illud
1295 2402 1392 2435 Etsi?
1430 2404 1538 2435 Plane
1565 2404 1654 2435 enim

186 2450 438 2492 inconsequens
468 2449 580 2480 oratio
610 2454 674 2482 est.
722 2451 889 2482 Notatum
918 2451 982 2482 hoc
1007 2454 1044 2482 et
1070 2449 1265 2480 Veteribus.
1311 2447 1481 2478 Charisius
1512 2456 1546 2486 p.
1576 2449 1654 2478 203.

187 2492 198 2510 ‘
214 2493 304 2532 Etsi,
332 2497 370 2524 ut
396 2493 446 2524 ait
471 2492 509 2524 C.
524 2492 638 2525 Julius
667 2493 853 2532 Romanus,
878 2493 1082 2525 ἀνακόλουθον
1105 2497 1176 2531 est3
1202 2490 1483 2532 quotiescumque
1508 2490 1552 2529 τῷ
1580 2490 1655 2521 Etsi

187 2543 256 2568 non
272 2535 447 2568 reddimus
463 2535 616 2567 Tamen:
641 2541 680 2567 ut
694 2537 852 2567 Terentii
870 2537 952 2568 illud
977 2547 1020 2568 ex
1047 2536 1190 2576 Hecyra
1212 2539 1277 2571 est,
1290 2535 1299 2551 ‘
1313 2533 1389 2564 Etsi
1413 2542 1478 2574 ego
1495 2542 1546 2564 ine
1571 2534 1654 2563 meis

187 2579 342 2610 omnibus
360 2602 369 2611 .
385 2602 392 2610 .
411 2602 419 2610 .
438 2582 636 2619 corrumpat
660 2579 830 2610 animos.”
875 2579 966 2612 Quid
983 2580 1084 2619 ergo?
1109 2588 1151 2609 an
1165 2578 1314 2608 sinemus
1329 2576 1527 2607 Terentium
1547 2575 1655 2607 ἆνακό·

188 2625 311 2658 λουθον,
328 2622 393 2653 hoc
419 2627 472 2653 est
493 2621 684 2652 Soloeeismi
711 2632 805 2653 reum
831 2623 968 2663 peragi?
1012 2622 1208 2654 Praesertim
1236 2630 1311 2651 cum
1339 2625 1407 2650 tam
1433 2619 1595 2660 proclivis
1619 2625 1656 2650 et

189 2670 260 2696 tam
278 2669 373 2696 certa
389 2664 433 2696 sit
449 2665 522 2705 ejus
539 2665 647 2705 culpae
665 2665 842 2705 purgatio?
880 2666 1035 2705 Repone‚
1050 2664 1216 2704 Pleiclippe,
1230 2668 1260 2693 et
1277 2673 1333 2702 ego
1348 2662 1424 2693 meis
1439 2673 1486 2693 me
1502 2662 1654 2693 omnibus.

189 2708 235 2739 Et
249 2718 318 2747 ego,
332 2707 368 2738 id
386 2708 476 2748 quod
502 2708 610 2738 Etiam
625 2717 693 2747 ego.
739 2708 912 2747 Orator-ie,
928 2709 1037 2749 primo
1053 2717 1089 2738 se
1114 2706 1244 2737 fatetur
1267 2706 1403 2736 levioris
1427 2707 1538 2746 culpae
1560 2715 1652 2736 reum

191 2760 281 2790 esse,
302 2755 339 2781 ut
364 2750 573 2791 Phidippum
599 2750 764 2789 gravioris
792 2757 922 2791 arguat.
947 2752 1045 2782 Bent.
1083 2749 1132 2781 At
1159 2750 1284 2780 nulium
1311 2754 1363 2779 est
1386 2747 1423 2779 τὸ
1449 2747 1655 2779 ἀνακόλουθον

187 2793 308 2834 judice
326 2793 418 2825 Perl.
435 2803 511 2825 cum
527 2795 536 2811 ‘
551 2793 612 2825 sed
626 2793 635 2807 '
653 2793 884 2837 subsequitur,
900 2804 1001 2837 quam
1018 2803 1136 2826 vocem
1152 2793 1258 2825 etiam
1278 2791 1400 2824 Cicero
1426 2796 1567 2832 usurpat
1593 2800 1654 2831 pro
