1966 3302
475 231 893 263 HEAU'roNTlluOR.
918 231 1025 260 Ac'r.
1052 230 1093 260 ν.
1129 230 1194 259 Sc.
1218 231 1249 259 1.
1509 221 1594 259 645

103 311 109 324 ¹
143 323 478 377 Quemquamne
499 322 757 363 animoxtam
780 320 1002 362 communi
1025 332 1140 369 esse,
1160 323 1235 360 aut
1254 319 1345 360 leni
1370 325 1516 373 putaS‚

145 391 237 442 Qui
258 405 304 432 se
324 392 501 432 vidente
523 392 708 431 amicam
732 390 928 444 patiatur
950 389 1107 428 suam?
1540 390 1596 429 40

145 459 242 500 ΜΕ.
275 458 474 510 Quidni?
508 472 597 513 quo
620 460 757 499 verba
772 457 949 498 facilius
971 456 1125 496 dentur
1144 455 1269 497 mihi.

145 527 234 569 CH.
267 528 454 569 Derides
471 529 490 568 'i
521 528 674 568 merito
698 526 805 567 mihi
826 538 940 565 nunc
961 537 1041 577 ego
1062 536 1314 564 succenseo.

145 597 270 648 Quot
289 596 550 648 resIdedere,
572 595 649 636 ubi
672 606 852 648 possem
873 593 1209 646 persentiscere,

144 663 247 705 Nisi
269 677 412 705 essem
431 664 581 716 lapis?
613 675 711 716 quae
736 660 852 702 vidi!
886 673 954 700 vae
978 659 1136 699 misero
1158 658 1285 699 mihi!

142 730 206 772 At
226 731 443 786 nae,2illud
466 732 583 773 haud
603 731 804 779 inultum,
830 730 866 769 si
889 729 1005 777 vivo,
1029 727 1194 768 ferent:
1541 731 1598 770 45

144 798 263 840 Nam
278 799 398 854 jam!
461 799 562 841 ΜΕ.
593 798 697 840 Non
718 803 764 839 tu
787 801 828 837 te
853 795 1060 837 cohibes?
1092 808 1180 835 non
1202 799 1243 835 te
1263 797 1481 849 respicis?

141 943 285 976 benevolo
302 949 332 976 et
347 947 512 986 commodo,
529 948 659 985 utferat
675 949 804 979 amicam
822 959 959 979 seorsum
974 948 1083 979 abduci
1098 949 1132 979 in
1147 951 1307 988 conspectu
1322 946 1399 980 tuo?
1435 946 1507 976 ΜΕ.
1535 945 1599 983 Ηα,

144 987 195 1023 ha,
206 988 243 1017 he
255 999 265 1018 .·
287 998 380 1028 quare
403 999 463 1020 non
477 989 582 1029 idfiat
594 990 632 1021 ab
648 991 707 1027 his,
722 994 755 1022 ut
775 991 905 1029 facilius
917 990 1077 1032 decipiar?
1124 992 1193 1023 Cn.
1219 992 1274 1021 Me
1290 991 1379 1021 ludis.
1422 990 1501 1019 Jure
1522 988 1599 1018 mihi

144 1040 225 1060 nunc
239 1030 365 1063 irascor.
413 1033 494 1068 Quot
510 1033 602 1071 signa
625 1033 713 1072 hujus
727 1036 802 1065 mali
818 1035 893 1065 mihi
908 1036 982 1065 datu
1004 1038 1085 1071 sunt,
1113 1044 1152 1065 ex
1178 1034 1286 1074 quibus
1307 1043 1424 1073 possem
1445 1032 1600 1072 percipere

144 1082 191 1111 ea,
208 1084 275 1114 quoe
290 1076 436 1106 adt-ersus
450 1085 498 1106 me
511 1076 603 1114 sacta
617 1081 689 1108 sunt
701 1078 739 1107 ab
756 1078 830 1117 illis,
846 1078 907 1108 m'sz‘
922 1088 1016 1108 essem
1031 1077 1184 1117 stupidior
1201 1075 1328 1117 lapide?
1352 1088 1368 1106 a
1383 1086 1449 1116 quoe
1465 1075 1573 1115 aspexi
1586 1073 1600 1105 !

143 1125 189 1145 voe
205 1118 315 1148 misero
330 1117 431 1149 mihi!
452 1119 506 1149 sed
518 1123 598 1150 certe
614 1120 786 1158 nonferent
801 1122 855 1151 hoc
863 1121 992 1159 sacimas
1008 1121 1203 1160 impunitmn,
1218 1121 1246 1151 si
1262 1120 1327 1151 vita
1343 1119 1479 1159 suppetit
1494 1130 1505 1155 ;
1529 1127 1599 1148 nam

135 1158 216 1196 jam.
262 1161 335 1192 ME.
362 1161 407 1192 Tu
422 1171 483 1192 non
505 1165 535 1192 te
556 1163 747 1194 orzoderaris?
769 1167 803 1194 tu
819 1174 877 1194 non
894 1163 985 1194 habes
1000 1165 1151 1194 rationem
1162 1164 1338 1204 prudentiae
1355 1160 1442 1193 tace?
1467 1172 1526 1192 non
1543 1170 1599 1199 ego

752 1257 967 1270 eeeaeooeae‘aer
974 1258 991 1268 e

143 1322 218 1355 EA.
235 1324 301 1355 ΕΤ.
319 1329 352 1355 et
367 1325 440 1355 EV.
460 1328 488 1355 1.
501 1327 532 1356 2.
548 1329 600 1356 est
613 1325 702 1363 comi,
719 1334 786 1355 non
812 1325 935 1363 commi,
962 1324 1050 1365 qnod
1069 1325 1101 1354 in
1119 1324 1228 1355 veteri
1254 1324 1390 1354 Veneto
1409 1323 1599 1363 deprehen-

143 1367 232 1397 disse
249 1376 284 1398 se
297 1371 444 1398 testatur
461 1368 550 1399 Mur.
566 1373 602 1399 et
618 1368 706 1409 quod
720 1366 835 1398 forsan
850 1368 955 1408 possit
968 1368 1083 1398 valere
1095 1367 1257 1398 communi.
1292 1366 1443 1398 Faernus
1454 1366 1600 1406 dubitat,

143 1412 187 1440 an
202 1411 212 1427 ‘
227 1410 355 1441 animus
372 1411 556 1441 communis
570 1411 579 1424 '
597 1411 679 1442 satis
703 1411 825 1442 Latine
843 1411 904 1442 hoc
921 1420 1020 1441 sensu
1036 1411 1180 1442 dicatur.
1226 1410 1331 1440 Certe
1354 1410 1416 1440 Vir
1434 1410 1486 1441 Cl.
1502 1409 1537 1441 J.
1556 1410 1601 1442 G.

143 1453 304 1484 Graevius
327 1463 369 1484 ex
395 1455 479 1484 Mss.
502 1455 552 1485 ita
577 1454 685 1485 edidit
710 1454 751 1484 ad
777 1455 872 1485 Suet.
898 1454 1005 1493 Vesp.
1024 1456 1078 1485 22.
1100 1454 1233 1493 ‘Super
1261 1462 1391 1484 coenam
1417 1458 1543 1490 autem,
1566 1459 1602 1484 et

142 1505 246 1536 super
259 1496 350 1527 aleas
367 1496 681 1536 communissimus,’
696 1497 728 1527 h.
746 1507 777 1528 e.
805 1497 903 1527 valde
931 1495 1074 1527 affabilis
1097 1500 1132 1527 et
1158 1495 1347 1539 familiaris.
1394 1495 1447 1526 Ita
1465 1500 1501 1526 et
1517 1496 1601 1535 legit

144 1539 313 1570 Gruterus
329 1549 372 1570 ex
390 1541 455 1571 Ms.
471 1540 542 1572 Pal.
560 1541 682 1579 primo,
706 1544 742 1571 et
766 1540 984 1571 Casaubonus
1010 1549 1053 1570 ex
1075 1539 1297 1571 Viterbiensi.
1343 1537 1458 1579 Atque
1485 1539 1534 1569 ita
1550 1546 1604 1570 est

145 1581 183 1612 in
196 1582 268 1613 ΕΡ.
286 1582 427 1623 aliisque
444 1584 629 1620 veteribus,
652 1582 710 1614 sed
728 1587 764 1614 et
779 1584 846 1614 Ms.
863 1583 955 1623 Lips.
974 1587 1010 1614 et
1025 1584 1082 1614 Tr.
1107 1588 1143 1614 et
1160 1582 1291 1613 duobus
1309 1581 1430 1613 Leidd.
1478 1582 1518 1612 In
1537 1592 1602 1613 uno

143 1625 202 1655 cai.
254 1625 310 1656 Ita
337 1630 372 1657 et
396 1627 429 1657 in
456 1627 524 1657 ΜΞ.
551 1626 672 1658 Boend.
728 1626 796 1658 Sed
825 1627 857 1657 in
883 1625 983 1657 Bodl.
1006 1625 1158 1657 communi
1181 1629 1211 1657 et
1237 1626 1309 1656 leui.
1333 1624 1602 1657 Westerhovius.

145 1667 189 1699 G.
211 1669 374 1700 communi.
419 1669 488 1700 ET.
510 1670 556 1700 cni
572 1673 601 1700 et
618 1670 690 1701 leni.
736 1669 832 1700 Idem
861 1669 894 1700 in
916 1668 1006 1700 Add.
1032 1669 1221 1709 Quemquem
1242 1668 1343 1699 animo
1364 1671 1428 1699 tam
1451 1670 1604 1700 communi

143 1720 219 1750 esse,
236 1714 292 1742 aut
306 1712 367 1743 leui
379 1716 483 1752 putas.
529 1713 576 1744 Et
589 1713 643 1743 hic
659 1722 791 1754 quoque
809 1722 839 1743 o.
857 1711 930 1743 fere
947 1712 969 1743 l.
985 1721 1011 1743 s.
1028 1712 1119 1742 inter
1134 1721 1218 1753 qnos
1231 1712 1329 1742 Beni.
1346 1716 1381 1741 et
1398 1721 1513 1742 omnes
1529 1710 1603 1743 fere

144 1753 286 1795 antiqui,
309 1760 437 1794 praeter
459 1756 536 1787 Bas.
558 1756 698 1794 habent,
722 1756 970 1795 Quemquamne:
995 1754 1097 1796 aliqui
1125 1764 1204 1785 vero
1230 1764 1291 1795 pro
1315 1754 1478 1794 communi,
1503 1756 1604 1793 comi;

144 1797 234 1837 quod
252 1797 333 1828 mihi
349 1799 493 1830 maxime
517 1799 641 1839 placet.
686 1799 753 1829 Sed
781 1799 886 1829 multo
911 1798 1058 1829 maxima
1082 1808 1159 1838 pars
1177 1798 1225 1829 ita
1239 1797 1418 1837 scriptum,
1436 1802 1473 1828 ut
1489 1803 1523 1829 et
1540 1808 1604 1838 pro

142 1839 294 1871 communi
309 1845 345 1872 et
362 1851 423 1881 pro
438 1842 517 1873 comi
532 1842 640 1883 accipi
663 1842 782 1883 possit,
804 1841 869 1872 hoc
895 1841 996 1872 niodo
1019 1841 1076 1872 chi.
1122 1842 1242 1872 Movet
1258 1850 1312 1871 me
1328 1846 1366 1871 ut
1380 1841 1458 1871 comi
1475 1842 1604 1882 malim,

143 1892 212 1914 non
229 1883 329 1915 modo
346 1885 434 1916 ratio
451 1895 577 1924 versus,
592 1885 662 1927 qui,
684 1885 714 1915 si
740 1884 891 1915 communi
916 1885 1020 1924 legas,
1046 1890 1139 1915 stare
1163 1893 1228 1915 non
1253 1888 1390 1924 potest;
1415 1883 1474 1914 sed
1499 1885 1604 1916 etiam

144 1926 234 1966 quod
263 1936 327 1958 non
352 1926 425 1959 fere
453 1928 655 1959 vocabulum
678 1926 906 1958 ‘communis'
928 1927 1081 1958 invenias
1106 1927 1139 1957 in
1167 1928 1229 1958 hac
1253 1925 1514 1967 significatione,
1537 1938 1604 1969 qua

144 1969 199 1999 hic
226 1970 377 2010 ponitur,
392 1971 455 2002 nisi
479 1971 533 2011 (et
548 1971 582 2002 id
601 1970 879 2013 quidemjudicio
895 1975 1011 2001 nostro
1028 1969 1209 2010 mendose)
1226 1969 1316 2010 apud
1333 1969 1546 2010 Suetonium,
1568 1972 1603 2002 in

145 2013 216 2043 vita
234 2012 382 2052 Claudii,
397 2013 440 2045 de
457 2024 523 2055 quo
540 2015 574 2045 in
591 2014 825 2046 notationibus
843 2013 1120 2045 emendationum
1147 2013 1217 2054 ejus
1239 2012 1388 2044 auctoris
1413 2011 1521 2043 fusius
1539 2014 1604 2050 dis-

143 2052 306 2087 seremiss.
349 2057 437 2088 Sane
454 2063 489 2088 et
506 2058 539 2088 in
555 2057 756 2099 quibusdam
776 2057 869 2088 libris
885 2057 1058 2097 impressis
1071 2055 1147 2087 comi
1161 2056 1226 2096 legi
1240 2060 1386 2087 testatur
1401 2055 1456 2087 Jo.
1471 2057 1601 2096 Rivius,

145 2102 186 2129 ut
200 2099 339 2139 sciatur,
353 2109 418 2131 non
435 2109 495 2131 nos
512 2101 575 2132 hoc
591 2100 736 2141 primum
752 2099 956 2137 advertisse,
979 2110 1043 2131 nec
1068 2099 1259 2140 publicasse
1274 2110 1282 2130 :
1307 2098 1410 2130 certis
1427 2104 1540 2131 tamen
1559 2100 1602 2131 de

144 2141 254 2172 causis
272 2143 447 2174 lectionem
472 2143 644 2183 vulgatam
668 2143 903 2174 retinebimus.
928 2143 989 2174 Fa.
1035 2143 1105 2173 Pro
1131 2146 1199 2181 aut,
1214 2142 1322 2173 nostri
1338 2140 1412 2172 fere
1430 2152 1545 2174 omnes
1562 2148 1604 2175 ec.

146 2184 302 2225 Repone,
326 2186 555 2226 Quemquamne
574 2190 598 2218 t.
623 2198 651 2218 a.
676 2187 753 2217 comi
779 2196 842 2217 esse
867 2189 897 2216 et
921 2186 983 2217 leni
1005 2189 1109 2226 putas.
1134 2186 1234 2216 Bent.
1282 2185 1371 2216 Comi
1396 2195 1472 2225 esse,
1495 2190 1525 2217 et
1542 2188 1603 2218 leni

146 2227 226 2266 Bip.
253 2238 294 2259 ex
312 2229 394 2269 Arg.
443 2229 532 2259 Comi
557 2230 658 2260 Both.
706 2230 750 2260 Et
775 2229 836 2260 leui
860 2229 952 2259 Perl.
1000 2229 1181 2269 Quanquam
1203 2238 1233 2258 a.
1257 2231 1280 2259 t.
1307 2230 1459 2259 communi
1482 2239 1547 2260 esse
1572 2234 1602 2261 et

142 2270 204 2301 leni
228 2281 259 2311 p.
288 2271 434 2303 Biz—40
458 2271 575 2304 Guelt'.
599 2275 630 2303 2.
657 2273 839 2307 Quom-41
865 2271 938 2303 ΕΡ.
966 2271 1043 2302 Ha!
1067 2271 1131 2302 ha!
1153 2270 1212 2302 lie!
1235 2269 1370 2311 quidni?
1396 2272 1443 2303 M.
1462 2278 1497 2303 et
1526 2274 1600 2304 cod.

146 2313 240 2353 Lips.
262 2313 339 2345 Ah!
361 2313 425 2346 ah!
446 2314 510 2346 eh!
532 2315 660 2355 quidni?
684 2315 822 2346 Dictum
850 2319 962 2344 autem
987 2313 1165 2354 εἶρωνικῶς;
1190 2314 1280 2344 unde
1309 2324 1387 2345 mox
1419 2315 1602 2355 Chremes3

145 2356 301 2388 ‘derides
315 2357 338 2388 ?'
364 2357 486 2399 inquit.
516 2358 616 2390 West.
662 2358 743 2389 ME.
769 2356 842 2389 Ah!
865 2356 930 2388 ali!
953 2357 1016 2389 eh!
1061 2357 1149 2388 Haee
1177 2366 1242 2388 non
1275 2361 1355 2387 sunt
1383 2358 1415 2387 in
1444 2358 1542 2390 Bem.
1567 2364 1604 2390 et

144 2403 239 2430 certe
264 2400 348 2431 risus
364 2410 431 2431 non
454 2400 591 2432 videtur
612 2401 736 2432 habere
753 2401 807 2431 hic
824 2401 948 2431 locum.
994 2400 1061 2432 Sed
1079 2410 1143 2431 nec
1165 2409 1279 2430 versus
1296 2400 1367 2431 haec
1385 2401 1521 2441 recipit.
1545 2402 1605 2434 Fa.

147 2441 222 2474 Nec
238 2449 427 2483 agnoscunt
444 2444 596 2485 plerique
614 2444 731 2475 nostri.
761 2444 857 2474 Bent.
904 2444 964 2474 ΒΓ.
989 2444 1052 2475 Ah.
1076 2444 1197 2483 quidni,
1222 2453 1240 2483 q
1244 2464 1338 2474 .....
1353 2443 1450 2474 mihi?
1494 2444 1607 2476 Inter·

145 2490 246 2526 rogat
259 2491 294 2517 et
307 2487 409 2517 Both.
426 2491 503 2527 post
519 2487 607 2518 mihi.
655 2487 710 2518 Ha
732 2487 772 2517 Ῐια
798 2486 855 2517 he:
881 2486 989 2526 quidni
1017 2485 1132 2517 Guelf.
1160 2489 1191 2517 2.
1212 2488 1332 2516 3.-42
1364 2486 1452 2526 Lege
1477 2492 1512 2518 et
1538 2488 1606 2519 dis-

147 2528 275 2569 tingue,
297 2529 456 2560 Derides?
488 2530 598 2560 merito
616 2540 626 2560 .·
656 2533 691 2560 ut
714 2529 794 2560 mihi
817 2539 898 2560 nunc
923 2539 951 2559 e.
982 2539 1009 2560 s.
1033 2529 1137 2560 Bent.
1191 2529 1292 2559 Both.
1321 2529 1455 2559 Derides
1484 2532 1608 2563 merito.

147 2571 233 2602 Mihi
248 2582 278 2603 η.
292 2581 318 2602 e.
333 2581 360 2603 s.
407 2572 466 2603 ΒΓ.
493 2573 639 2603 Derides.
686 2572 803 2603 Merito
820 2582 860 2602 m.
879 2582 910 2603 η.
925 2582 950 2602 e.
966 2574 1079 2604 s.—43
1106 2572 1196 2607 Quod
1219 2570 1336 2603 Guelf.
1353 2574 1383 2602 2.
1428 2572 1502 2603 ΕΡ.
1524 2584 1608 2614 proe-

146 2614 408 2646 sentiscere—44
432 2616 468 2646 L.
493 2624 524 2647 o.
552 2625 578 2646 s.
604 2615 650 2645 Ni
675 2625 769 2645 essem
794 2612 896 2654 lapis?
919 2615 978 2646 Fa.
1013 2616 1022 2632 ‘
1040 2614 1086 2646 Ni
1112 2624 1205 2645 essem
1229 2614 1317 2654 lapis.
1361 2613 1482 2654 Vides,
1503 2626 1606 2656 quam

146 2656 357 2688 incommode
375 2662 536 2689 accentus
550 2657 646 2690 fiant.
693 2659 824 2688 Decem
841 2667 859 2688 e
876 2658 1002 2688 nostris
1016 2657 1141 2688 habent
1158 2657 1244 2688 Nisi.
1292 2657 1384 2696 Lege
1409 2658 1513 2696 igitur
1530 2659 1608 2691 Nisi

146 2699 174 2730 si
184 2709 210 2731 e.
226 2701 306 2741 lapis
317 2711 327 2731 .·
343 2710 410 2740 quae
421 2698 510 2732 vidi?
523 2710 569 2731 2·ae
581 2711 621 2731 m.
632 2700 732 2731 mihi.y
746 2701 846 2731 nent.
861 2701 921 2731 ΒΥ.
939 2700 985 2731 Νἰ
999 2710 1093 2732 essem
1109 2699 1207 2741 lapis;
1223 2709 1290 2740 quoe
1302 2699 1377 2731 vidi.
1396 2700 1451 2732 Va>
1464 2711 1505 2733 m.
1518 2703 1607 2735 mihi.

146 2742 240 2774 Perl.
269 2743 342 2774 Nisi
352 2743 380 2774 si
390 2753 417 2775 e.
430 2744 528 2784 lapis?
543 2753 610 2783 quae
626 2743 716 2775 vicli!
732 2753 778 2774 τω
792 2753 832 2774 m.
847 2743 951 2774 mihi!
973 2743 1052 2784 Bip.
1091 2744 1136 2775 Ni
1155 2752 1248 2774 essem
1265 2743 1365 2782 Iapis?
1412 2744 1513 2776 Both.
1530 2745 1605 2776 Nisi

145 2784 225 2825 lapis
261 2795 353 2817 eram.
402 2787 576 2823 Qum—45
613 2785 729 2819 Guelf.
754 2789 784 2818 3.
815 2785 850 2817 ia
876 2795 942 2817 non
966 2786 1145 2818 illu‹l.-46
1170 2786 1340 2818 Lacunam
1371 2786 1497 2818 habent
1527 2792 1606 2830 post
