1966 3302
277 215 362 256 (3ῦῦ
778 224 816 253 Ρ.
849 222 1090 253 'ruaEN'ru
1124 223 1240 253 Arm

279 319 400 371 Quid
422 320 504 361 hoc
526 317 701 359 autem?
734 329 871 357 senex
888 315 1149 357 exitsoras:
1179 315 1262 370 ego
1282 316 1426 370 fugio:
1459 316 1598 358 adhuc
1615 316 1732 371 quod

451 387 618 427 factum
637 383 708 434 'st‚

279 456 433 505 Miror,
465 454 672 495 continuo
702 465 788 492 non
804 451 991 506 jussisse
1014 452 1157 504 abripi
1189 464 1272 492 me.
1333 450 1406 492 Ad
1428 451 1732 492 Menedemum

450 522 555 562 hinc
574 533 754 574 pergam
772 532 782 560 :

279 593 391 634 Eum
409 590 515 632 mihi
537 594 810 643 precatorem
834 601 940 641 paro
957 601 966 629 :
999 589 1093 629 seni
1109 592 1258 629 nostro
1278 585 1382 626 fidei
1403 586 1512 628 nihil
1532 587 1690 628 habeo.

282 713 366 748 Quid
380 716 481 744 autem
496 714 542 743 est
557 709 635 744 hoc?
664 711 810 742 Chremes
824 709 984 748 egreditur
993 717 1004 745 ‚⁴
1020 718 1076 747 ego
1087 709 1174 749 fuga
1195 708 1273 740 mihi
1294 711 1427 741 consulo.
1473 710 1578 741 Miror
1592 719 1661 741 eum
1676 718 1737 739 non

277 757 442 796 imperasse
464 755 563 786 adhuc
586 764 632 785 me
658 753 881 794 comprehendi.
927 752 1115 791 Perfugium
1141 753 1182 783 ad
1205 753 1442 784 Menedemum:
1466 753 1645 795 comparabo
1667 761 1737 783 eum

277 799 354 830 mihi
370 799 597 831 intercessorem
610 809 620 828 :
643 807 703 828 non
709 797 778 839 fido
794 795 862 827 seni
877 799 980 826 nostro
999 795 1169 827 Chremeti.

889 902 1128 915 oeeneaeeeeee

280 984 519 1026 pronuntiatur
533 981 657 1023 Etiam)
673 983 765 1014 haud.
812 983 912 1013 Certe
930 982 1005 1013 Etsi
1030 982 1102 1013 loco
1133 981 1290 1022 congruit
1313 989 1379 1011 non
1400 979 1534 1011 Etiam!
1552 979 1656 1011 Both.
1680 980 1737 1020 qui

279 1029 386 1068 igitur
402 1028 484 1059 lenit
503 1026 573 1057 Etsi
588 1027 669 1057 haud
684 1026 760 1063 scio,
782 1036 860 1057 anne
875 1035 905 1056 u.
920 1027 951 1056 d.
997 1026 1084 1065 Eug.
1100 1025 1146 1055 nii
1160 1024 1203 1055 sit
1217 1023 1345 1063 gratiae.
1391 1023 1450 1054 ΒΓ.
1465 1022 1544 1054 nihil
1565 1025 1738 1062 grate—47

283 1071 398 1107 Al.Q.
414 1073 516 1101 autem
531 1070 607 1101 hoc?
652 1070 711 1100 Br.
738 1070 778 1104 Q.
795 1069 826 1100 h.
844 1072 947 1100 autem
961 1067 1035 1100 est?
1078 1068 1088 1085 ‘
1103 1068 1170 1099 Ms.
1197 1067 1292 1106 Lips.
1316 1067 1395 1107 quod
1412 1066 1539 1104 factum
1562 1065 1602 1096 ’st
1627 1066 1738 1097 adhue.

280 1115 355 1146 EA.
373 1114 490 1150 abhoc,
512 1113 590 1153 qaod
607 1112 730 1151 factum
752 1111 819 1142 est!
843 1112 953 1143 West.
999 1111 1048 1142 Ob
1071 1111 1126 1142 hoc
1151 1108 1267 1143 Guelf.
1292 1111 1410 1141 1.-48
1433 1109 1536 1140 Bodl.
1562 1108 1634 1140 hinc
1659 1119 1740 1141 nunc

278 1168 419 1198 pergam.
466 1156 537 1187 ΕΡ.
554 1161 588 1186 et
607 1155 680 1186 EA.
697 1155 768 1186 hinc
781 1165 861 1186 nunc
875 1156 916 1186 ad
931 1154 982 1186 M.
997 1164 1030 1194 p.
1055 1154 1162 1185 West.
1207 1153 1314 1184 Miror
1328 1152 1532 1190 nonjussz'sse
1547 1161 1596 1182 me
1618 1152 1718 1193 arripi
1727 1162 1740 1190 ‚-

278 1202 319 1231 ad
334 1201 549 1231 Menedemum
564 1199 634 1230 hinc
647 1208 785 1238 pergam.
831 1199 959 1228 Omnes
975 1196 1050 1228 fere
1066 1202 1225 1228 recentes
1242 1195 1332 1235 libri,
1354 1201 1389 1227 et
1413 1205 1490 1226 cum
1513 1194 1564 1226 his
1580 1195 1676 1234 Bas.‚
1691 1197 1740 1228 ita

280 1244 420 1279 habent,
446 1244 550 1273 Miror
564 1251 626 1272 non
643 1242 775 1280 jussisse
800 1240 870 1272 ilico
894 1240 994 1281 arripi
1016 1250 1085 1272 me:
1108 1240 1180 1271 hinc
1205 1249 1295 1274 nunc.
1309 1240 1349 1270 ad
1363 1239 1580 1270 Menedemum
1599 1248 1741 1278 pergam,

279 1287 334 1318 Vi.
352 1291 388 1318 et
409 1287 617 1317 Decurtatus
645 1285 790 1324 priorem
808 1289 940 1324 partem
956 1284 1052 1325 hujus
1069 1292 1187 1314 versus
1201 1282 1357 1313 similiter
1371 1292 1411 1313 ac
1426 1285 1582 1312 recentes
1595 1281 1739 1313 habent:

280 1329 505 1370 posteriorem
523 1328 587 1359 hoc
609 1328 722 1367 moda,
744 1327 844 1368 arripi
871 1337 940 1364 me,·
961 1328 1002 1358 ad
1028 1327 1246 1358 Menedemum
1271 1325 1343 1356 hinc
1368 1334 1507 1365 pergam.
1554 1324 1653 1355 Bem.
1680 1325 1741 1361 sic,

282 1373 388 1403 Miror
403 1372 546 1403 continuo
561 1371 715 1409 nonjusse
728 1380 775 1401 me
789 1370 913 1410 arripi:
936 1371 976 1402 ad
991 1370 1207 1402 Menedemum
1223 1369 1303 1399 hunc
1316 1377 1456 1408 pergam.
1481 1367 1537 1408 qni
1555 1376 1672 1399 versus
1687 1373 1743 1399 est

283 1416 476 1446 trochaicus
491 1414 747 1452 acatalecticus,
770 1418 806 1444 ut
822 1413 939 1445 ceteri.
965 1413 1022 1445 Fa.
1067 1412 1170 1444 Miror
1185 1412 1329 1443 continuo
1357 1421 1417 1442 non
1433 1410 1523 1450 jusse
1543 1419 1591 1441 me
1618 1411 1742 1451 arripi.-

280 1460 322 1489 ad
337 1459 551 1490 Menedemum
566 1458 646 1488 hunc
660 1466 798 1498 pergam.
842 1457 899 1488 Sic
915 1456 1012 1487 dedit
1029 1455 1089 1487 Fa.
1135 1455 1254 1486 Nostri
1272 1463 1400 1493 eunice,
1423 1453 1529 1485 Miror
1541 1452 1744 1492 nonjussisse

280 1502 351 1532 ilico
367 1502 466 1542 arripi
482 1511 550 1532 me:
573 1500 643 1531 hinc
658 1509 739 1530 nunc
763 1501 803 1530 ad
819 1500 1035 1531 Menedemum
1050 1508 1188 1540 pergam.
1232 1498 1315 1528 Tam
1341 1497 1403 1528 lioc
1427 1496 1509 1528 illico
1533 1505 1634 1537 quam
1658 1496 1742 1528 illud

281 1545 424 1576 continuo
442 1544 565 1575 amala
582 1553 681 1574 manu
708 1541 863 1582 profecta
891 1545 981 1573 sunt.
1028 1542 1123 1581 Lege
1149 1541 1354 1580 certissime,
1377 1540 1483 1571 Miror
1506 1549 1566 1570 non
1581 1539 1670 1578 jusse
1695 1549 1743 1571 me

280 1588 383 1628 abripi
407 1587 500 1618 hinc:
522 1597 601 1618 nunc
623 1587 662 1617 ad
688 1586 903 1617 Menedemum
927 1585 1008 1616 hunc
1030 1595 1170 1625 pergam.
1196 1585 1297 1615 Bent.
1343 1583 1432 1614 Hinc
1456 1593 1536 1614 nunc
1565 1582 1605 1614 R.
1623 1586 1659 1613 et
1681 1582 1742 1614 Br.

284 1631 365 1662 Par.
383 1631 436 1661 ed.
455 1630 532 1661 Mir.
547 1631 690 1660 continuo
705 1639 765 1660 non
781 1629 870 1667 jusse
885 1637 932 1659 me
947 1628 1067 1668 arripi:
1090 1630 1130 1659 ad
1146 1628 1274 1659 Mened.
1300 1627 1381 1658 hunc
1403 1635 1544 1666 pergam.
1589 1625 1674 1657 GM.
1692 1626 1743 1658 M.

282 1675 337 1705 hoc
352 1683 412 1705 non
419 1674 551 1712 jussisse
565 1672 647 1703 illico
660 1672 760 1713 arripi
773 1682 842 1703 me.-
865 1672 937 1703 hinc
953 1670 984 1709 j.
1000 1672 1041 1702 ad
1055 1671 1106 1703 M.
1128 1681 1219 1711 perg.
1264 1671 1273 1688 ⁶
1288 1670 1503 1701 Menedemum
1525 1668 1617 1699 haud
1641 1668 1744 1701 dubie

283 1718 451 1757 glossema
467 1721 539 1748 est:
564 1715 618 1746 hic
636 1720 821 1756 usurpatur
836 1715 868 1745 in
887 1714 1032 1746 vicinis!
1054 1715 1151 1746 Both.
1170 1714 1228 1755 qui
1252 1723 1332 1753 ergo
1358 1713 1443 1752 legit
1459 1712 1576 1752 Miror,
1599 1721 1659 1742 non
1673 1712 1744 1751 jus-

283 1761 360 1791 sisse
377 1760 460 1791 illico
477 1771 506 1790 a.
524 1769 582 1790 me.
606 1760 657 1790 Aa
673 1759 753 1790 hunc
767 1768 847 1789 nune
860 1768 1002 1798 pergam.
1047 1757 1141 1788 Nunc
1158 1762 1236 1798 post
1251 1757 1322 1787 hinc
1338 1753 1455 1787 Guelf.
1481 1757 1513 1786 2.
1537 1756 1656 1786 3.-49
1681 1755 1744 1786 Le-

284 1803 431 1841 gendum
450 1807 563 1834 monet
579 1803 682 1833 Bent.
699 1812 741 1833 ex
760 1801 836 1833 cod.
855 1802 968 1842 Regio
982 1800 1049 1832 seni
1076 1804 1179 1832 nostro
1201 1800 1249 1831 nil
1269 1799 1351 1841 fidei
1375 1797 1481 1831 habeo.
1525 1797 1582 1829 Ita
1596 1802 1632 1829 et
1648 1797 1742 1829 Perl.

286 1847 389 1878 Both.
407 1846 513 1878 habet
528 1849 633 1877 nostro
645 1846 715 1887 fide
731 1846 777 1877 nil
792 1845 823 1877 h.

677 2136 880 2179 ACTUS
914 2136 973 2177 V.
1034 2132 1243 2176 SCENA
1275 2133 1368 2174 ΙΙΙ.

720 2267 992 2297 SOSTRATA.
1056 2266 1116 2294 CH
1128 2262 1302 2294 REMES.

288 2337 367 2378 So,
401 2335 681 2384 PROFECTO,
710 2335 796 2375 nisi
826 2347 970 2384 caves,
1005 2337 1050 2374 tu
1078 2332 1230 2382 homo,
1264 2329 1436 2384 aliquid
1471 2333 1601 2382 gnato
1644 2340 1745 2368 con-

459 2402 584 2444 ficies
604 2403 734 2444 mali:

290 2472 436 2525 quue
460 2471 573 2512 adeo
590 2471 738 2519 miror,
758 2470 982 2525 quomodo

330 2592 389 2624 So.
417 2592 520 2628 Certe,
536 2592 597 2622 nisi
609 2591 751 2632 provides
765 2593 799 2621 tu
811 2590 910 2630 homo,
926 2588 1050 2628 aliquod
1062 2587 1176 2618 malum
1189 2585 1472 2628 procuv‘abisfiliot
1494 2587 1525 2617 et
1539 2584 1627 2616 valde
1642 2582 1750 2619 miror,

899 2682 1139 2695 ,,,,,,,,,,,,

332 2743 372 2773 In
396 2743 473 2782 Rip.
501 2745 552 2772 est
578 2741 659 2772 Act.
678 2750 710 2772 v.
728 2741 781 2772 Sc.
798 2743 891 2771 6.-1
907 2740 967 2770 Br.
991 2739 1054 2770 nisi
1069 2743 1104 2770 tu.
1118 2747 1206 2770 caves
1222 2738 1322 2775 homo,
1347 2735 1543 2776 aliquid.——2
1567 2732 1669 2764 Hunc
1697 2740 1745 2779 rs.

290 2791 325 2818 et
341 2795 412 2827 seq.
436 2787 483 2817 ita
496 2785 580 2826 legit
596 2789 631 2816 et
647 2784 782 2816 ordinat
799 2783 900 2814 Both.
925 2784 1023 2822 quue
1038 2783 1112 2814 adeo
1122 2781 1230 2820 miror,
1253 2781 1306 2821 qui
1319 2779 1450 2810 libitam
1466 2777 1612 2818 ineptum,
1628 2776 1673 2806 mi
1687 2783 1749 2813 mr,
