1966 3302
331 216 441 257 1000
823 227 862 256 P.
896 226 1139 256 TERENTH
1175 228 1291 259 ΛΡΜ

329 320 496 374 'Negoti
516 321 738 374 incipere3
771 332 871 373 quae
895 333 1031 362 causa
1050 327 1116 363 est
1128 322 1399 376 justissima.
1727 326 1784 368 30

328 388 449 429 Haec
469 387 590 429 fient.
648 386 742 427 AN.
774 387 840 428 Ut
857 387 988 429 modo
1012 388 1131 431 fiant.
1191 390 1280 432 GE.
1312 391 1467 432 Fient:
1489 404 1558 433 me
1577 392 1696 434 vide.

324 457 459 498 Pater
477 457 598 498 exit:
630 456 718 506 abi,
741 455 826 506 dic,
849 470 945 498 esse
966 463 1209 511 argentum,
1230 453 1465 503 Phaedriae.

323 586 453 627 hyemis.
497 587 577 622 Quoe
596 597 702 626 causa,
717 590 747 618 et
770 587 928 618 excusatio
948 588 1139 628 justissima,
1166 593 1197 620 et
1226 591 1390 622 admodum
1416 592 1565 632 speciosa.
1611 593 1691 624 Haec
1715 603 1784 625 eve-

322 632 411 661 nient
444 629 674 670 impedimenta,
698 640 745 661 me
769 630 850 668 vide,
874 631 940 661 hoec
966 642 1104 664 assevero
1135 632 1204 664 tibi.
1251 632 1321 664 AN.
1344 634 1517 666 Dummodo
1543 636 1590 667 ita
1616 636 1670 668 sit.
1715 636 1782 668 GE.

324 673 377 703 Ita
392 672 462 704 erit.
507 673 571 705 Sed
585 676 674 714 pater
688 674 765 706 exit.
796 673 870 715 Abi,
886 675 997 706 nuntia
1011 675 1170 707 Phoedrioe
1183 680 1361 718 argentum,
1375 679 1455 719 quod
1470 678 1517 710 illi
1531 688 1606 720 opus
1619 682 1678 721 est,
1691 689 1784 720 para-

324 719 390 746 tum
405 726 479 748 esse.

929 770 1174 784 ‘O'OON'OIO‘

323 838 438 865 autem
454 834 519 865 rite
535 838 571 865 et
585 845 646 866 suo
669 834 790 866 ordine
812 836 908 867 venit
922 839 1037 874 autem,
1055 837 1083 868 si
1100 837 1177 869 hinc
1193 847 1281 869 nova
1306 839 1477 871 sententia
1492 840 1685 881 inchoetur,
1699 843 1784 874 Ante

324 877 463 908 brumam
477 880 600 908 autem:
622 878 723 909 modo
739 884 776 909 ut
794 879 859 911 ista
871 890 948 920 quae
961 887 1150 920 sequuntur
1166 881 1231 912 huc
1247 883 1398 922 coaptari
1416 884 1559 924 possint.
1605 885 1735 918 Quidni
1746 890 1784 918 et

322 929 386 961 ego
402 921 550 951 hariolus
565 921 621 952 hie
637 920 714 952 fiam
729 922 740 952 ?
763 931 831 953 non
846 932 865 953 a
882 932 974 962 vero,
990 928 1028 954 ut
1044 924 1176 964 opinor,
1191 925 1291 965 longe
1307 925 1423 958 abero.
1469 928 1625 968 Repone,
1636 928 1783 970 Aimpeae

321 964 442 994 vetuit:
474 967 547 994 ante
569 964 708 995 brumam
730 969 834 996 autem
859 966 932 997 novi
949 967 1069 1005 Negoti
1083 967 1163 997 nihil
1177 967 1325 1008 incipere,
1339 979 1431 1000 causa
1445 973 1492 1000 est
1515 971 1643 1003 sontica.
1676 972 1782 1004 Bent.

322 1007 495 1047 Haruspex
508 1007 618 1038 vetuit.
642 1008 728 1038 Ante
742 1008 883 1039 brumam
897 1012 1000 1040 autem
1015 1010 1088 1040 novi
1100 1011 1160 1041 ΒΓ.
1193 1012 1309 1042 Autem
1324 1011 1417 1043 Perl.
1452 1013 1494 1044 In
1511 1014 1596 1045 GM.
1613 1019 1712 1046 textu
1728 1019 1783 1047 est

320 1053 434 1085 autem,
451 1049 509 1080 sed
527 1060 603 1090 sup.
621 1051 738 1091 script.
755 1052 881 1091 aliquid.
921 1052 1093 1092 Haruspex
1107 1053 1226 1084 vetuit.-
1248 1057 1320 1085 ante
1341 1054 1479 1086 brumam
1492 1059 1597 1088 autem
1611 1058 1682 1089 novi
1703 1058 1783 1099 Bip.

321 1103 395 1133 qnae
421 1097 530 1132 notat,
556 1094 565 1109 ‘
579 1093 680 1124 Bent.
701 1094 806 1124 bonus
835 1096 891 1125 ille
915 1095 1066 1126 medicus
1083 1096 1251 1127 medendo
1266 1097 1377 1136 ipsum
1398 1098 1551 1131 morbum
1575 1100 1701 1140 intulit,
1716 1111 1783 1142 quo

321 1136 449 1174 palleat
465 1136 546 1167 Ter.
593 1136 676 1167 Cum
696 1137 784 1167 enim
800 1138 874 1168 haec
891 1137 1063 1169 divisisset
1077 1149 1097 1169 a
1110 1139 1293 1179 prioribus,
1309 1145 1344 1171 et
1358 1141 1567 1174 reddidisset
1579 1146 1695 1183 autem,
1710 1153 1782 1185 seq.

320 1188 452 1209 versum
476 1178 640 1219 deturpat
657 1180 705 1210 sic
721 1190 728 1210 ε
753 1181 874 1219 Negoti
890 1181 970 1211 nihil
985 1182 1133 1222 incipere,
1145 1192 1238 1214 causa
1251 1186 1298 1214 est
1313 1184 1443 1215 sontica.
1489 1185 1549 1217 Nil
1565 1191 1660 1217 certe
1674 1187 1783 1218 hario-

320 1222 412 1253 latus
429 1226 495 1259 est,
512 1222 570 1252 sed
589 1222 758 1254 deliravit.
791 1223 834 1254 cf.
857 1224 981 1256 Tibull.
999 1233 1022 1256 1.
1045 1228 1076 1255 9.
1101 1228 1153 1257 51.
1198 1226 1269 1257 Nos
1299 1226 1469 1259 lenissime
1494 1229 1712 1261 emendamus
1739 1230 1784 1261 ad

321 1269 470 1296 mentem
487 1265 627 1303 Donati,
644 1271 679 1296 et
704 1270 742 1296 ut
767 1276 864 1306 quam
894 1267 1031 1298 minime
1049 1268 1193 1300 absimus
1221 1279 1240 1300 a
1265 1269 1372 1310 libris,
1393 1271 1539 1312 legendo
1556 1273 1602 1304 N.
1618 1273 1785 1313 inciperem

320 1308 417 1347 quid?
438 1318 531 1338 causa
547 1311 595 1338 est
610 1308 812 1347 justissima!
866 1311 968 1350 Vulg.
991 1313 1064 1341 ante
1091 1311 1138 1342 br.
1161 1312 1278 1352 aliquid
1292 1313 1363 1344 novi
1379 1314 1500 1354 Negoti
1514 1314 1660 1356 incipere.
1684 1315 1783 1348 codd.

320 1351 488 1390 meliores,
511 1351 545 1381 in
569 1351 618 1381 his
645 1352 895 1393 Beroiinenses,
912 1354 965 1383 vel
983 1357 1085 1384 autem
1101 1355 1258 1394 praebent
1284 1365 1344 1396 pro
1359 1356 1489 1397 aliquid,
1504 1358 1557 1388 vel
1579 1364 1674 1390 certe
1699 1358 1782 1390 illud

320 1393 462 1424 addunt.
509 1394 612 1425 Bent.
629 1395 751 1434 Negoti
765 1396 843 1427 nihil
855 1396 1000 1436 incipere,
1010 1408 1036 1428 c.
1050 1401 1095 1428 est
1107 1399 1243 1429 sontica.-
1269 1408 1344 1440 quae
1361 1399 1462 1431 docte
1479 1401 1622 1440 astruit;
1639 1401 1698 1432 sed
1713 1407 1782 1432 tam

320 1437 472 1468 violenta
488 1436 659 1468 medicina
673 1438 729 1468 vix
742 1448 848 1477 opus:
874 1443 882 1456 ‘
898 1439 1045 1479 Negoti’
1063 1441 1407 1481 interpretamentum
1421 1447 1484 1474 est.
1503 1444 1685 1476 Both.—3o
1700 1445 1783 1475 wit.

321 1480 428 1518 addit,
448 1480 534 1511 Tunc
549 1479 728 1522 bonoefient
744 1482 872 1522 nuptioe.
899 1483 1007 1514 West.
1052 1483 1191 1515 Nullam
1207 1485 1461 1516 distinctionem
1479 1486 1576 1526 ponit
1597 1487 1656 1517 Br.
1672 1497 1784 1529 neque

320 1528 398 1563 post
414 1524 560 1564 incipere,
576 1532 688 1565 neque
705 1523 896 1561 justissima.
942 1526 1085 1556 Bothius
1103 1527 1185 1567 legit
1201 1527 1334 1569 Aliquid
1346 1528 1494 1569 incipere,
1509 1530 1633 1560 omisso
1650 1530 1782 1569 Negoti.

318 1569 401 1596 —31
428 1566 478 1596 M.
498 1566 578 1597 Hoee
593 1566 672 1608 fiet,
697 1568 794 1608 quasi
815 1568 1021 1609 respiciatur
1044 1570 1052 1586 ‘
1069 1579 1171 1600 causa
1189 1571 1400 1611 justissima!
1426 1572 1608 1604 West.-—32
1632 1573 1731 1605 Bodl.
1747 1576 1784 1605 et

320 1609 400 1640 Wit.
420 1608 470 1639 abi
486 1612 516 1640 et
533 1609 594 1641 dic.
618 1609 726 1642 Idem.
773 1611 826 1642 lta
843 1616 878 1642 et
895 1611 955 1641 ΒΓ.
979 1611 1095 1644 Guelf.
1109 1615 1139 1643 3.

716 1884 919 1929 ACTUs
951 1888 1033 1930 lv.
1087 1861 1293 1932 scENA
1325 1891 1381 1932 v.

708 2021 950 2051 DEMIPHO.
984 2023 1129 2052 GETA.
1162 2025 1413 2056 CHREMES.

321 2096 416 2137 DE.
453 2095 686 2148 Qumws
710 2102 823 2149 esto,
845 2100 1051 2153 inquam:
1084 2114 1165 2154 ego
1188 2103 1369 2154 curabo,
1402 2116 1456 2144 ne
1488 2103 1593 2157 quid
1627 2106 1785 2147 verbo-

501 2178 598 2206 rum
619 2166 757 2208 duint.

328 2231 437 2273 Hoc
459 2236 620 2274 temere
642 2246 869 2288 nunquam
891 2235 1089 2278 amittam
1121 2251 1202 2291 ego
1223 2252 1250 2279 a
1269 2252 1356 2290 me,
1393 2240 1500 2293 quin
1519 2239 1626 2280 mihi
1647 2243 1784 2282 testes

500 2300 760 2342 adhibeam:

366 2421 437 2452 DE.
464 2421 642 2462 Tranquillo
657 2426 722 2454 esto
737 2424 852 2462 animo,
866 2425 989 2465 inquam
1003 2437 1015 2462 ;
1038 2437 1094 2465 ego
1118 2427 1228 2459 cavebo
1253 2431 1367 2469 sedulo,
1389 2441 1425 2462 ne
1441 2441 1488 2462 me
1503 2431 1566 2462 ullo
1580 2432 1668 2462 modo
1676 2430 1785 2469 fallat.

321 2462 395 2494 Hoc
410 2469 573 2504 argentum
589 2475 743 2507 nunquam
758 2467 917 2499 dimittam
932 2470 1026 2499 alteri
1042 2470 1154 2511 facile,
1174 2476 1227 2503 aut
1251 2474 1486 2514 inconsiderate,
1500 2478 1534 2505 ut
1550 2484 1609 2505 non
1625 2477 1719 2505 testes
1732 2474 1785 2504 ad-

930 2564 1169 2575 ene-”eetevo

367 2622 479 2654 Codd.
498 2623 635 2664 quidam
651 2625 739 2656 duit.-
767 2624 860 2666 quasi
877 2625 919 2656 de
937 2626 1008 2657 solo
1027 2625 1231 2657 Phormione
1255 2624 1395 2656 dictum.
1441 2624 1569 2657 Quidni
1587 2628 1699 2655 autem
1717 2633 1787 2655 ser-

321 2675 376 2696 mo
404 2666 448 2696 sit
475 2666 517 2696 de
543 2667 632 2698 Geta
662 2673 698 2698 et
725 2667 933 2699 Phormione
959 2669 1078 2699 simul?
1123 2668 1197 2699 EA.
1214 2673 1248 2699 et
1266 2668 1340 2698 EV.
1357 2671 1439 2698 Lne
1463 2668 1535 2707 quid
1551 2667 1605 2697 isti
1625 2667 1788 2716 verborum

320 2708 408 2738 duint
423 2719 432 2737 .-
456 2709 485 2739 Ιι.
503 2718 533 2740 e.
551 2719 593 2740 ne
610 2710 691 2749 quid
708 2709 829 2741 fallant
856 2721 922 2751 me,
940 2717 974 2742 et
990 2717 1132 2751 argento
1149 2715 1305 2751 accepto,
1323 2710 1490 2741 Phanium
1509 2710 1596 2750 apud
1620 2709 1786 2749 Antipho-

320 2760 397 2781 nem
417 2756 563 2783 maneat.
593 2752 691 2783 lVest.
736 2753 819 2784 Duit
845 2754 927 2794 legit
953 2755 1012 2785 Fa.
1038 2755 1085 2785 sic
1116 2758 1151 2784 et
1177 2754 1334 2794 plerique
1362 2753 1460 2784 codd.
1487 2753 1588 2783 Bent.
1606 2753 1783 2800 Br3Botli.

321 2793 414 2824 Perl.
446 2794 523 2834 Bip.
558 2795 595 2826 Z.
621 2795 812 2836 Delph.—2
838 2797 974 2829 Nullam
1003 2796 1257 2828 distinctionem
1289 2796 1387 2836 ponit
1417 2796 1475 2826 Br.
1508 2799 1584 2835 post
1612 2795 1782 2827 adhibeam.
