1966 3302
326 223 412 267 894
826 233 866 262 P.
897 204 1138 261 TERENru
1174 231 1290 262 Arm

327 330 518 372 Missam
554 329 663 371 iram
694 327 850 370 faciet:
899 327 968 368 sin
1002 329 1148 367 autem
1181 331 1250 366 est
1286 326 1343 368 ob
1375 339 1476 369 eam
1512 338 1603 368 rem
1637 326 1781 370 iratus

527 402 655 438 natus

327 465 459 517 Quod
479 412 646 520 Ρὶρθήῐ
660 427 775 505 bxor
795 463 924 513 clam,
954 462 1001 503 id
1031 463 1130 504 leve
1157 467 1256 515 est;
1287 464 1378 505 cito
1415 463 1471 504 ab
1502 475 1555 504 eo
1589 462 1686 504 haec
1716 462 1783 503 ira

499 532 724 574 abscedet.
1725 529 1783 570 15

326 600 535 642 Profecto
558 602 601 642 in
621 601 706 641 hac
727 613 772 641 re
791 599 899 641 nihil
918 598 1022 641 mali
1043 604 1128 647 est,
1158 599 1276 652 quod
1301 600 1358 641 sit
1380 598 1570 640 discidio
1589 598 1785 651 dignum.

306 668 474 711 Pmn.
503 668 650 710 Velim
672 667 850 722 quidem
878 668 1041 710 hercle.
1101 667 1190 709 LA.
1223 668 1447 722 Exquire:
1479 666 1631 709 adest:
1662 664 1782 719 quod

497 737 603 778 satis
623 738 697 785 sit,
718 736 852 778 faciet
871 737 987 791 ipsa.

327 803 477 846 Pffln.
509 804 631 855 Quid
651 804 758 846 mihi
779 805 908 846 istaec
928 805 1109 846 narras?
1141 817 1213 854 an,
1234 804 1341 857 quia
1363 816 1458 845 non
1479 806 1570 845 tute
1588 803 1685 857 ipse
1703 800 1783 843 du-

501 872 606 913 dum
626 872 806 923 audisti,

327 941 398 983 De
420 941 503 983 hac
525 954 570 981 re
591 940 765 981 animus
785 952 908 982 meus
940 944 989 981 ut
1021 940 1095 990 sit,
1128 939 1336 982 Laches?
1370 938 1462 980 illis
1494 938 1626 993 exple
1648 937 1781 980 modo

498 1021 705 1049 ammom.

326 1119 383 1150 hac
397 1120 435 1150 de
450 1127 542 1149 causa
557 1120 711 1149 succenset
716 1117 809 1159 filius
823 1127 922 1157 meus,
938 1118 1016 1158 quod
1039 1116 1104 1157 ejus
1115 1126 1194 1148 uxor
1209 1119 1325 1148 secreto
1341 1119 1372 1149 et
1398 1116 1513 1148 occulte
1534 1115 1654 1156 peperit
1675 1124 1710 1146 eo
1730 1125 1784 1147 ne-

321 1162 437 1193 sciente
448 1172 460 1198 ,·
483 1162 515 1192 id
527 1171 587 1192 non
603 1161 710 1200 magni
723 1165 769 1192 est
790 1160 947 1201 ponderis,
963 1160 1025 1190 cito
1041 1161 1105 1191 hoec
1120 1162 1169 1192 ira
1184 1170 1253 1191 eum
1265 1161 1394 1192 deseret.
1442 1160 1540 1191 Certe
1551 1159 1585 1190 in
1602 1158 1659 1190 hac
1673 1160 1785 1198 partus

324 1205 487 1242 alatione,
501 1204 581 1235 nihil
597 1203 671 1234 mali
686 1207 743 1243 est,
758 1205 837 1244 quod
861 1204 902 1234 sit
927 1203 1057 1243 dignum
1078 1203 1228 1235 divortio.
1276 1203 1347 1235 ΡΗ.
1369 1204 1436 1234 Per
1453 1201 1620 1233 Herculem
1634 1201 1668 1232 id
1681 1201 1785 1232 velim.

327 1249 390 1280 LA.
417 1249 556 1288 Explora
570 1246 726 1286 sagaciter
736 1256 756 1277 a
772 1246 940 1278 Bacchide.
985 1246 1048 1277 Illa
1062 1246 1112 1277 liic
1123 1256 1259 1287 praesens
1272 1249 1328 1277 est.
1373 1246 1483 1277 Faciet
1495 1245 1564 1286 ipsa
1579 1245 1659 1286 quod
1673 1244 1787 1286 sufficit

326 1293 366 1322 ad
393 1292 515 1332 plenam
541 1290 757 1330 purgationem
782 1290 951 1330 Pamphili,
974 1292 1003 1320 et
1027 1300 1126 1320 suam.
1173 1289 1245 1321 ΡΗ.
1270 1289 1356 1324 Quid
1377 1298 1452 1329 opus
1476 1292 1521 1319 est
1535 1287 1584 1318 his
1596 1287 1696 1319 verbis
1706 1288 1722 1319 ’.Ι
1745 1297 1786 1319 απ

326 1335 399 1374 quia
415 1344 473 1365 non
489 1337 523 1364 tu
540 1335 604 1373 ipse
619 1333 739 1374 pridem
754 1343 774 1363 a
788 1343 835 1364 me
850 1333 1001 1364 audivisti
1016 1343 1084 1373 quoe
1098 1332 1140 1363 sit
1155 1342 1222 1363 mea
1235 1342 1320 1363 mens
1335 1335 1365 1363 et
1380 1332 1589 1363 desiderium?
1609 1331 1674 1361 illis
1698 1331 1786 1361 modo

326 1377 519 1417 mulieribus,
536 1387 603 1417 quae
619 1386 734 1407 amaroe
753 1379 826 1407 sunt
841 1379 873 1407 et
888 1376 1036 1415 molestae,
1053 1376 1118 1406 hoec
1134 1376 1295 1416 persuade.
1337 1376 1404 1406 LA.
1431 1375 1494 1407 Per
1509 1375 1594 1406 Deos
1609 1377 1640 1405 te
1654 1373 1786 1409 obsecro,

936 1482 1172 1494 eeeeeeeeeeee

327 1559 458 1600 inepte,
485 1563 520 1590 et
546 1569 644 1590 versu
667 1562 865 1599 respuente.
913 1558 1041 1590 Crimen
1058 1569 1120 1600 per
1136 1569 1172 1590 se
1189 1559 1290 1590 habet
1305 1557 1478 1589 notionem
1495 1554 1668 1587 falsitati&
1713 1554 1786 1585 Do-

328 1608 427 1634 natus
442 1614 448 1632 :
467 1606 475 1620 ‘
491 1603 626 1634 Crimen
642 1603 777 1643 proprie
791 1602 932 1641 dicitur,
946 1602 979 1633 id
993 1602 1083 1643 quod
1096 1601 1222 1633 factum
1233 1601 1314 1633 est2’
1325 1602 1426 1632 immo
1438 1601 1525 1640 lege,
1537 1599 1576 1630 Id
1587 1597 1789 1639 quodfalsum

325 1649 384 1677 est.
401 1647 503 1677 Bent.
520 1656 617 1686 quem
632 1651 821 1687 sequuntur
831 1646 930 1676 Both.
943 1650 979 1676 et
992 1646 1085 1676 Perl.
1098 1645 1155 1687 qui
1171 1646 1331 1685 opinatur
1347 1645 1445 1683 ‘salso
1462 1642 1617 1683 superius
1630 1651 1672 1672 ex
1686 1651 1717 1672 v.
1732 1644 1784 1671 ll.

325 1689 393 1720 huc.
411 1688 610 1720 aberrasse.’
655 1689 739 1719 Cum
754 1689 858 1720 Bent.
875 1693 945 1718 stat
961 1689 1183 1719 Ruhnk.—l4
1202 1688 1366 1719 Profecto
1382 1687 1478 1727 hujus
1493 1685 1591 1716 metri
1606 1687 1640 1715 in
1654 1693 1788 1716 caesura

326 1732 416 1763 ratio
433 1731 694 1763 Correctoribus
712 1733 855 1763 vetustis
873 1731 1021 1763 latebat:
1040 1732 1087 1762 ita
1102 1741 1193 1762 nunc
1208 1731 1409 1772 frequenter
1425 1731 1458 1760 in
1473 1728 1524 1759 his
1540 1728 1690 1758 versibus
1708 1736 1788 1768 pee-

327 1780 409 1806 cant
425 1775 500 1806 libri
518 1780 666 1806 veteres.
704 1775 765 1806 Sin
779 1778 883 1805 autem
898 1778 944 1805 est
962 1784 1022 1814 pro
1039 1774 1178 1806 Cretico
1192 1774 1247 1805 hic
1264 1773 1462 1805 inambulat.
1499 1772 1552 1801 Tu
1570 1779 1708 1811 repone,
1726 1770 1788 1800 Sin

324 1819 401 1849 ilem
415 1822 485 1855 est‚·
509 1818 611 1849 etiam
629 1817 808 1849 sententiae
825 1818 1044 1848 commodius.
1068 1817 1165 1848 Beni.
1189 1827 1289 1858 quem
1307 1816 1464 1857 sequitur
1480 1813 1668 1845 Both—15
1688 1813 1788 1852 Clam,

326 1862 390 1892 leue
408 1861 441 1892 id
466 1862 568 1892 Both.
601 1861 756 1892 ‘discedet
780 1861 864 1891 Mss.
890 1860 976 1892 duo.’
998 1861 1184 1891 Βακὰ-17
1210 1859 1297 1890 Voci
1319 1858 1414 1898 ‘ipsa
1436 1866 1559 1897 magna
1576 1857 1662 1887 Mss.
1679 1860 1715 1886 et
1733 1865 1788 1886 ve-

327 1909 438 1935 terum
455 1904 623 1935 editorum
641 1913 731 1944 pars,
755 1908 834 1944 post
849 1913 901 1934 au.
921 1906 1014 1934 1469.
1031 1903 1185 1934 additum
1202 1903 1341 1941 habent,
1358 1902 1399 1933 Β.
1424 1900 1565 1932 Faciam.
1590 1899 1650 1930 sed
1676 1903 1787 1929 metro

327 1946 568 1988 repugnante!
598 1947 700 1978 West.
745 1947 755 1964 ‘
767 1947 808 1978 In
827 1951 990 1977 contextu
1018 1946 1096 1976 libri
1114 1946 1211 1976 Bem.
1229 1955 1292 1976 non
1311 1949 1364 1976 est
1381 1952 1581 1984 responsum
1597 1941 1791 1981 Bacchidis,

328 1991 387 2021 sed
405 1991 477 2022 loco
494 1990 566 2032 ejus
583 1999 770 2030 pronomen
785 1990 877 2029 ipsa;
900 1990 948 2020 ita
964 1994 999 2020 et
1018 1989 1176 2020 Donatus
1193 1988 1298 2028 legit3
1324 1988 1371 2019 ita
1387 1992 1422 2018 et
1437 1996 1467 2017 o.
1487 1987 1508 2017 l.
1524 1996 1549 2016 s.
1566 1985 1630 2015 nisi
1645 1983 1736 2026 quod
1752 1985 1786 2014 in

326 2033 367 2064 iis
384 2034 542 2074 sequitur
558 2042 753 2072 responsum
772 2032 976 2063 Bacchidis:
1002 2041 1182 2072 perperam
1209 2031 1241 2062 id
1266 2031 1418 2072 quidem,
1440 2039 1518 2059 nam
1535 2037 1649 2059 versus
1667 2036 1788 2068 repug-

327 2077 411 2108 nat.'
425 2077 486 2108 Fa.
519 2078 528 2093 ‘
546 2076 665 2107 Nostri
682 2085 798 2106 omnes
815 2075 956 2111 addunt,
968 2080 1006 2105 ut
1018 2074 1199 2105 Bacchidis
1217 2083 1433 2114 responsum,
1451 2071 1589 2103 Faciam.
1621 2071 1700 2102 Non
1718 2070 1788 2111 pla-

328 2124 407 2150 cet:
424 2129 500 2150 nam
517 2128 617 2150 versu
634 2118 723 2149 infra
738 2121 791 2149 20.
808 2119 937 2149 Laches
954 2127 1027 2148 eam
1045 2118 1191 2156 monet‚‘
1203 2116 1304 2150 Quod
1321 2116 1401 2147 mihi
1419 2115 1573 2156 pollicita
1588 2123 1637 2152 es,
1648 2112 1788 2145 serves!

326 2162 369 2193 Id
388 2172 469 2194 vero
485 2162 639 2203 pollicita
663 2166 717 2193 est
740 2171 775 2192 v.
795 2164 822 2191 l.
839 2164 891 2192 30.
917 2161 926 2177 ‘
941 2161 1007 2191 Eas
1036 2160 1128 2191 intro
1152 2160 1195 2191 ad
1221 2160 1400 2190 mulieres:
1426 2155 1586 2189 Faciam!
1632 2154 1733 2189 Quod
1759 2155 1789 2187 si

327 2205 383 2236 hic
405 2215 540 2247 quoque
557 2205 650 2236 dicat
672 2206 681 2222 ‘
697 2205 833 2236 Faciam
847 2203 867 2243 ;’
891 2213 955 2234 non
979 2203 1052 2244 jam
1076 2205 1085 2219 ⁶
1099 2203 1182 2234 Mihi
1200 2203 1354 2243 pollicita
1370 2201 1426 2232 es'
1448 2201 1590 2239 diceret,
1612 2199 1671 2230 sed
1693 2200 1703 2218 ‘
1718 2199 1787 2230 No-

328 2247 405 2278 bis!
428 2249 523 2279 Bent.
548 2247 700 2279 Additur
718 2248 784 2278 BA.
799 2247 920 2284 faciam
937 2246 978 2276 ab
994 2246 1147 2277 omuibus
1163 2247 1247 2277 Mss.
1264 2244 1355 2286 apud
1372 2244 1478 2275 Boecl.
1496 2248 1532 2274 et
1548 2243 1608 2274 ΒΓ.
1653 2242 1739 2273 Post
1755 2243 1786 2273 h.

329 2300 360 2322 v.
375 2291 568 2322 inculcatur
583 2291 752 2322 distichon
768 2293 822 2320 25.
834 2293 889 2321 26.
905 2290 937 2320 iu
951 2290 991 2328 C,
1004 2298 1068 2320 nec
1081 2294 1192 2320 tamen
1206 2289 1281 2319 loco
1294 2292 1458 2319 consueto
1470 2286 1649 2325 omittitur,
1661 2283 1788 2316 Bothio

329 2337 517 2365 teste—18
537 2335 632 2364 Bem.
647 2339 683 2364 et
694 2343 809 2365 omnes
823 2331 895 2363 fere
908 2332 979 2370 alii,
993 2341 1031 2363 ac
1047 2332 1140 2363 Don.
1153 2332 1227 2372 quid
1240 2331 1316 2362 mihi
1331 2331 1436 2362 istoec:
1452 2330 1532 2361 Bas.
1547 2329 1620 2369 quid
1631 2328 1675 2359 mi
1690 2328 1787 2359 istoec.

330 2381 366 2408 et
389 2376 476 2408 infra
492 2377 592 2408 iidem
609 2376 701 2416 libri,
724 2377 839 2407 (ludum
853 2376 982 2406 audisti.
1031 2375 1185 2406 Donatus
1202 2384 1284 2405 vero
1301 2384 1380 2412 non,
1404 2377 1470 2405 tute
1483 2372 1562 2412 ipse,
1585 2371 1645 2403 sed
1662 2374 1696 2401 tu
1711 2371 1788 2411 ipse,

328 2419 432 2451 habet
447 2431 455 2451 :
473 2421 517 2451 ita
532 2424 585 2451 est
603 2419 755 2457 Iambus,
771 2419 823 2450 vel
840 2418 1060 2458 Pyrrhicliius
1076 2418 1110 2448 in
1126 2423 1257 2458 quarta.
1276 2417 1335 2449 Fa.
1361 2417 1446 2452 Quid
1460 2415 1539 2446 mihi
1552 2415 1639 2445 istaec
1654 2417 1790 2445 narras?

328 2473 369 2493 an
381 2463 453 2503 quia
468 2473 528 2494 non
544 2466 579 2493 tu
593 2462 658 2502 ipse
673 2463 789 2493 dudum
804 2461 934 2492 audisti.
977 2461 1034 2492 Sic
1061 2460 1158 2492 dedit
1178 2460 1344 2498 Faernus,
1372 2469 1415 2490 ex
1436 2459 1588 2495 Donato,
1606 2462 1643 2487 nt
1658 2460 1788 2495 narrat,

329 2509 365 2536 tu
382 2507 459 2545 ipse.
506 2507 663 2536 Donatus
686 2505 719 2535 in
740 2509 823 2536 vett.
841 2504 929 2535 Edd.
946 2504 1064 2543 habet,
1079 2507 1145 2535 tute
1158 2503 1246 2545 ipse;
1270 2508 1308 2534 ut
1324 2512 1440 2534 omnes
1456 2501 1510 2532 hic
1530 2499 1637 2531 nostri
1654 2504 1690 2530 et
1706 2498 1788 2530 item

332 2548 466 2579 Fae'rni.
510 2548 640 2587 Sentio,
656 2547 735 2588 qnid
749 2548 842 2579 illum
860 2547 1053 2578 induxerit:
1079 2557 1120 2577 an.
1137 2546 1211 2587 quia
1225 2556 1297 2585 non,
1314 2546 1340 2576 si
1364 2548 1429 2576 tute
1443 2545 1548 2584 legas,
1570 2552 1632 2583 pro
1649 2541 1788 2573 Cretico

331 2592 418 2620 male
445 2592 604 2631 ponitur:
630 2591 750 2621 maluit
766 2600 848 2631 ergo
869 2590 1053 2631 Dactylum
1069 2590 1122 2621 An
1147 2590 1244 2630 quien
1267 2594 1303 2620 et
1328 2588 1456 2619 idcirco
1483 2590 1518 2618 tu
1543 2586 1609 2625 ipse
1633 2584 1788 2616 adscivit.

331 2632 459 2664 Infelix
477 2634 591 2664 labor:
610 2639 765 2665 neutrum
783 2633 872 2664 enim
888 2633 941 2664 hic
959 2639 1052 2664 stare
1069 2637 1198 2672 potest.
1223 2631 1380 2672 Repone,
1397 2630 1481 2666 Quid
1496 2628 1539 2660 mi
1553 2629 1640 2659 istaec
1653 2626 1788 2660 narras?

331 2676 444 2716 quinne
459 2686 520 2706 non
535 2679 602 2707 tute
617 2677 682 2716 ipse
697 2677 812 2707 dudum
823 2676 951 2706 audisti.
997 2676 1140 2706 Plautus
1165 2676 1262 2706 Pers.
1288 2684 1323 2705 v.
1341 2677 1372 2705 2.
1388 2676 1441 2704 69.
1466 2676 1474 2690 ‘
1489 2671 1620 2704 Quiane
1638 2674 1673 2701 te
1691 2680 1789 2709 voco,

332 2720 418 2750 bene
440 2724 478 2750 ut
502 2719 564 2749 tibi
587 2719 652 2748 εἰμ’
697 2719 819 2759 Virgil.
837 2718 913 2749 AEn.
931 2727 981 2749 ιν.
999 2721 1073 2749 538.
1095 2718 1250 2751 ‘Quiane
1277 2717 1401 2748 auxilio
1421 2716 1522 2756 juvat
1538 2718 1617 2745 ante
1633 2712 1789 2744 levatos.’

332 2761 429 2792 Bent.
478 2762 563 2796 Quid
577 2761 619 2791 mi
635 2761 721 2792 istaec
736 2779 778 2784 —
794 2762 915 2793 omisso
930 2761 995 2801 ipse
1011 2760 1112 2792 Both.
1158 2761 1252 2792 Ista-c
1263 2759 1339 2791 milii
1352 2757 1466 2791 Guelf.
1478 2760 1509 2789 3.
1557 2757 1603 2788 Tu
1617 2756 1683 2796 ipse
1698 2756 1788 2788 G.—

334 2806 375 2835 19
397 2805 491 2836 Beni.
508 2809 544 2835 et
563 2803 653 2834 Don.
670 2805 791 2844 explete
803 2815 813 2835 .-
837 2809 887 2835 est
904 2805 996 2835 enim
1012 2813 1119 2835 sermo
1135 2813 1201 2834 non
1219 2803 1260 2834 ad
1278 2802 1460 2834 Lachetem
1476 2801 1595 2839 solum,
1619 2799 1678 2831 sed
1694 2804 1730 2830 et
1744 2797 1787 2829 ad
