1966 3302
295 243 379 285 534
793 256 831 286 P.
862 254 1103 284 TERENTH
1138 253 1255 285 Arm

297 351 360 392 Ut
382 355 457 392 tuo
479 352 616 392 amori
639 351 922 405 suppeditare
945 350 1093 404 possit
1112 351 1206 391 sinc
1229 354 1375 391 sumtu
1398 354 1486 392 tuo.

296 418 371 460 Ad
391 420 537 460 omnia
557 420 653 460 haec
675 419 812 471 magis
833 421 1120 473 opportunus,
1141 431 1223 459 nec
1243 419 1383 471 magis
1405 431 1462 458 ex
1483 431 1569 458 usu
1590 421 1666 460 tuo

297 487 444 528 Nemo
460 486 514 527 'st
531 501 540 528 z
571 488 793 540 principio
811 492 856 528 et
875 487 1006 528 habet
1026 486 1143 540 quod
1166 486 1252 535 det,
1272 490 1316 526 et
1332 486 1406 525 dat
1426 499 1553 526 nemo
1574 487 1754 539 largius.

298 553 469 596 Fatuus
488 559 572 605 est,
594 554 802 604 insulsus,
824 555 997 596 tardus:
1031 555 1170 595 stertit
1189 558 1433 607 noctesque
1455 558 1499 594 et
1519 554 1626 594 dies.

301 621 460 675 Neque
480 627 528 663 tu
552 622 682 663 istum
705 627 879 664 metuas
911 636 965 664 ne
988 626 1104 664 amet
1125 622 1305 663 mulier:
1336 621 1469 662 facile
1491 620 1648 674 pellas,
1676 617 1752 663 ubi

473 691 602 731 velis.
1693 689 1752 730 50

298 756 390 798 PH.
424 756 545 808 Quid
576 758 778 810 agimus?
840 755 933 797 GN.
966 756 1194 798 Praeterea
1222 755 1308 797 hoc
1340 755 1484 806 etiam,
1517 756 1641 810 quod
1673 768 1753 810 ego

472 825 541 867 vel
562 826 752 879 primum
773 828 882 878 puto
900 838 909 865 :

300 954 432 984 multum
448 955 573 986 aliunde
588 955 703 987 lucrari
720 956 880 993 Thaidem,
894 958 929 986 ut
945 958 997 986 tuo
1022 955 1123 985 amori
1145 953 1331 993 satisfaciat,
1351 953 1493 993 nulloque
1515 953 1614 993 pretio
1629 952 1685 984 hoc
1699 951 1758 983 tibi

300 1000 426 1028 constet.
473 998 524 1029 Ad
540 999 604 1029 hoec
617 1002 720 1029 autem
736 999 849 1037 omnia,
863 1007 949 1029 nemo
964 1002 1008 1029 est
1024 998 1126 1037 magis
1141 997 1276 1036 itionem,
1290 1007 1345 1027 nec
1363 998 1465 1035 magis
1480 997 1569 1026 utilis
1583 996 1652 1035 tihi,
1668 1005 1760 1034 quam

302 1039 351 1069 hic
371 1040 498 1071 Thraso.
543 1042 707 1081 Principio
722 1043 851 1072 multum
873 1042 986 1079 largiri
1010 1043 1124 1081 potest,
1138 1043 1169 1071 et
1183 1050 1269 1070 nemo
1284 1043 1330 1070 est
1345 1039 1464 1079 quidet
1485 1039 1615 1078 largius.
1661 1037 1760 1069 Stoli-

301 1081 358 1112 dus
375 1087 432 1120 est,
447 1083 602 1123 illepidus,
623 1085 770 1123 ignarus,
785 1095 889 1114 somno
908 1084 974 1114 dies
988 1087 1149 1123 noctesque
1164 1083 1322 1113 immersus
1337 1086 1380 1112 est
1395 1092 1407 1118 ;
1422 1091 1516 1122 neque
1532 1081 1702 1112 timendum
1712 1083 1760 1111 est

300 1134 339 1154 ne
364 1135 383 1155 α
403 1126 530 1157 muliere
553 1128 656 1165 magis
670 1137 760 1167 quam
776 1130 810 1157 tu
824 1129 944 1157 ametur
956 1137 967 1163 ;
980 1126 1079 1164 facile
1096 1126 1185 1156 illum
1200 1124 1365 1165 expuleris,
1379 1126 1628 1164 quandocumque
1642 1122 1759 1154 libebit.

303 1166 376 1199 ΡΗ.
402 1169 486 1204 Quid
509 1170 596 1201 nobis
618 1171 772 1209 agendum
793 1173 861 1201 est?
906 1170 976 1201 GN.
1001 1169 1135 1210 Insuper
1161 1169 1215 1199 hoc
1241 1177 1367 1208 quoque,
1389 1168 1468 1207 quod
1491 1176 1547 1206 ego
1569 1166 1760 1207 prcecipuum

911 1253 1148 1265 oe‘etueme

304 1341 493 1363 sermonem
520 1331 694 1371 interficit,
720 1336 755 1364 et
779 1332 849 1372 ipse
875 1331 975 1364 Harii
1002 1331 1101 1363 libita
1125 1330 1168 1362 ad
1193 1330 1226 1362 h.
1244 1330 1266 1360 l.
1292 1327 1524 1370 reprehendit.
1566 1327 1762 1368 Sapientius

305 1375 454 1415 disjungi
479 1375 552 1406 vult
581 1376 638 1407 Fa.
660 1379 691 1406 et
717 1376 810 1415 enim,
840 1379 879 1406 nt
907 1375 1113 1415 respondeat
1141 1375 1204 1404 boc
1232 1376 1267 1403 et
1291 1372 1407 1413 priori.
1448 1371 1544 1402 Enim
1566 1371 1597 1402 11.
1615 1372 1636 1402 l.
1653 1380 1732 1402 sane
1750 1382 1760 1402 :

303 1418 393 1459 quod
432 1427 502 1448 rem
541 1418 714 1457 eleganter
750 1423 863 1458 auget.
910 1418 1000 1453 Quod
1028 1419 1100 1449 des.-
1141 1418 1196 1457 Et,
1229 1415 1318 1455 quod
1349 1415 1435 1445 male
1466 1414 1597 1454 recepit
1637 1413 1758 1444 Heius.

303 1461 402 1492 abest
427 1470 447 1492 a
469 1460 553 1492 libb.
583 1461 740 1502 antiquis,
764 1468 798 1492 et
828 1471 847 1491 a
868 1466 977 1492 metro
1005 1460 1188 1500 respuitur.
1212 1459 1291 1499 Bip.
1317 1468 1391 1499 quae
1418 1457 1477 1488 dat
1500 1457 1589 1492 Quod
1611 1457 1664 1487 des
1684 1466 1763 1498 pau-

302 1505 400 1534 lulum
436 1507 494 1539 est,
531 1513 647 1535 necesse
677 1507 722 1534 est
749 1514 790 1535 m.
821 1506 873 1544 ᾃτ,
929 1503 1030 1543 Legit
1066 1503 1232 1534 Botbius:
1275 1502 1315 1532 Et
1342 1501 1480 1532 lubenter
1513 1499 1594 1530 vivis
1631 1499 1760 1540 (etenim

304 1548 377 1578 bene
413 1547 551 1577 lubenter
581 1547 735 1587 victims),
761 1548 817 1586 Et,
840 1547 920 1587 quod
952 1548 1016 1586 des,
1038 1547 1162 1587 paulum
1185 1548 1245 1582 est,
1267 1554 1386 1575 necesse
1409 1545 1466 1582 est,
1487 1542 1619 1572 multum
1643 1542 1763 1583 accipe-

304 1600 339 1620 re
368 1590 528 1620 Thaidem.
576 1590 640 1621 Tuo
662 1593 707 1629 ut,
723 1591 776 1629 ὅγε.
822 1590 879 1620 Sic
904 1589 1027 1629 Delph.
1053 1589 1135 1620 dat:
1165 1589 1206 1618 Et
1227 1587 1281 1618 lib.
1307 1586 1386 1617 vivis
1405 1585 1541 1626 (etenim
1566 1584 1594 1615 ὁ.
1619 1584 1676 1616 lib.
1698 1585 1762 1616 vic-

304 1632 404 1671 titas)
427 1633 472 1663 Et
497 1633 576 1672 quod
601 1634 654 1664 des
676 1634 813 1673 paulum,
831 1636 860 1664 et
886 1642 1006 1664 necesse
1028 1635 1085 1671 est,
1098 1633 1151 1671 dyc.
1195 1630 1363 1661 Paululum
1379 1629 1542 1659 exhibent
1557 1627 1616 1657 ΒΓ.
1632 1627 1671 1658 Ζ.
1716 1628 1763 1659 Et

304 1676 386 1706 enim
403 1675 594 1706 Per1.-4o.
610 1678 651 1707 47
675 1675 742 1706 Alii
761 1676 893 1715 legunt,
907 1675 1122 1715 suppeditari.-
1146 1682 1335 1714 perperam.
1364 1671 1465 1703 West.
1512 1670 1671 1709 Spondeo
1687 1669 1765 1709 tibi,

304 1728 358 1748 me
377 1728 488 1749 veram
504 1718 620 1749 Poe'tae
638 1728 772 1749 manum
790 1719 963 1750 reduxisse
978 1729 984 1747 :
1006 1719 1048 1749 Ut
1063 1722 1114 1749 tuo
1127 1717 1225 1747 amori
1239 1715 1434 1756 suppeditare
1449 1713 1566 1754 possint
1578 1712 1646 1744 sine
1660 1716 1763 1744 sumtu

305 1765 358 1792 tuo
378 1762 494 1792 Omnia
509 1761 595 1797 haec,·
619 1762 719 1801 magis
742 1765 942 1801 opportunus.
988 1761 1229 1801 suppeditare,
1246 1758 1539 1795 intransitive,est
1556 1755 1765 1796 Suppetere,

307 1803 478 1835 sufficere.
524 1805 691 1845 Exempla
716 1811 792 1835 suut
816 1804 927 1836 obvia.
972 1804 1085 1844 Siquis
1108 1808 1218 1834 tamen
1244 1802 1353 1840 malit,
1372 1801 1466 1840 legat
1487 1799 1542 1829 hi(-
1557 1799 1763 1839 suppeditari,

307 1851 346 1878 ut
362 1856 404 1877 ex
421 1846 545 1877 nostris
563 1846 640 1878 duo.
665 1847 761 1878 Bent.
807 1847 884 1878 Sine
897 1850 999 1878 sumtu
1016 1851 1077 1878 tuo.
1102 1845 1168 1885 Ad]
1192 1845 1277 1876 Post
1299 1846 1307 1861 ‘
1323 1849 1380 1875 tuo
1393 1842 1401 1855 ’
1424 1842 1638 1880 distinguunt
1654 1841 1763 1872 West.

308 1899 348 1921 ac
370 1890 459 1920 Mur.
484 1895 591 1920 recte.
637 1889 691 1921 Al.
718 1890 920 1920 continuant
945 1899 1132 1920 sermonem
1161 1887 1334 1928 perplexe.
1359 1886 1447 1917 Peri.
1494 1885 1561 1915 Nec
1580 1883 1696 1924 magis]
1723 1885 1764 1915 Et

308 1942 371 1973 pro
387 1943 439 1963 nec
456 1932 571 1963 Guelf.
587 1935 618 1964 3.
635 1933 724 1973 quod
742 1940 927 1972 corrector,
953 1933 1068 1963 deleto
1091 1933 1163 1969 illo,
1188 1930 1327 1971 adjecit.
1352 1929 1402 1960 Id.
1449 1927 1591 1959 Omissis
1609 1927 1719 1967 nugis,
1736 1937 1763 1959 s,

310 1975 397 2006 ausis
415 1975 578 2012 Bentleii,
602 1975 819 2006 subvenimus
846 1976 957 2016 potins
986 1986 1058 2016 sqq.
1086 1974 1199 2015 aptius
1227 1970 1474 2003 intercidendo.
1497 1970 1576 2010 Rip.
1601 1979 1676 2010 quae
1705 1969 1766 2001 dat

313 2019 357 2050 Ut
374 2022 426 2049 tuo
441 2019 541 2049 amori
556 2019 752 2059 suppeditare
774 2020 870 2058 possit
885 2020 952 2050 sine
967 2022 1069 2049 sumtu
1087 2021 1138 2049 tuo
1153 2018 1193 2047 ad
1211 2016 1325 2047 Omnia
1347 2015 1425 2051 haec,
1447 2013 1548 2052 magis
1567 2015 1766 2052 opportunus,

308 2071 363 2092 nec
377 2062 492 2101 magis,
509 2063 561 2101 850.
607 2061 675 2091 Dat
693 2062 855 2092 Botbius:
884 2062 949 2092 Tuo
969 2065 1003 2092 ut
1026 2062 1125 2091 amori
1144 2058 1340 2099 suppeditare
1365 2056 1482 2097 possint
1504 2056 1570 2086 sine
1588 2058 1691 2086 sumtu
1714 2057 1766 2086 tuo

313 2104 440 2143 Omnia,
456 2105 557 2143 magis
571 2107 758 2144 opportunus
772 2115 825 2135 nec
840 2106 952 2144 magis,
969 2106 1019 2144 &c-
1065 2105 1134 2135 Dat
1152 2102 1276 2142 Delpb.
1300 2100 1375 2131 Sine
1387 2103 1489 2130 simitu
1505 2101 1579 2134 tuo;
1593 2099 1634 2128 ad
1652 2098 1768 2129 Omnia

310 2148 376 2177 hoec
391 2147 503 2186 magis,
517 2149 570 2187 δῖε.
617 2148 776 2178 Ceterum
793 2152 891 2178 notat
908 2149 1038 2178 Brnns:
1065 2148 1073 2163 ‘
1089 2147 1143 2177 Ea:
1170 2155 1226 2176 usu
1253 2147 1316 2183 tuo,
1344 2142 1457 2181 Nemo]
1481 2141 1577 2189 Edit3
1601 2141 1672 2171 sine
1699 2140 1766 2171 dis-

310 2189 500 2221 tinctione!
547 2190 631 2220 Cum
650 2191 710 2220 Br.
728 2190 939 2230 distinguunt
958 2191 1061 2221 Bent.
1076 2190 1255 2220 Peru—48
1273 2187 1372 2217 Nemo
1386 2184 1441 2223 ’st]
1456 2184 1523 2215 Ms.
1540 2184 1634 2223 ans.
1667 2183 1767 2231 {Venio

310 2235 422 2272 potest.
447 2232 555 2263 West.
599 2232 655 2263 Sic
673 2233 732 2263 ΒΓ.
776 2234 876 2264 Nemo
895 2236 996 2274 potest
1012 2242 1074 2263 esse
1090 2230 1206 2263 Guelf.
1224 2231 1342 2261 2.-49
1365 2228 1463 2258 Bem.
1479 2231 1514 2257 et
1531 2225 1682 2256 nonnulli
1699 2225 1768 2264 alii,

311 2275 394 2306 mihi
413 2275 564 2315 probati,
580 2275 668 2314 libri,
685 2285 751 2306 non
768 2276 896 2307 habent
913 2277 1069 2316 copulam
1087 2285 1154 2315 que.
1181 2274 1240 2304 Fa.
1288 2272 1405 2302 Noctes
1420 2273 1462 2309 et,
1478 2269 1549 2299 sine
1566 2277 1637 2317 que,
1652 2277 1767 2300 omnes

311 2319 431 2357 nostri,
448 2318 577 2349 duobus
596 2319 760 2358 exceptis.
804 2319 871 2349 Sed
889 2320 969 2350 illud
988 2319 1091 2350 etiam
1110 2317 1199 2355 vide,
1212 2320 1250 2346 nt
1266 2314 1444 2345 decrescat
1461 2316 1651 2348 sentenna3
1676 2315 1684 2328 ‘
1702 2316 1767 2342 tar-

312 2360 393 2392 dus’
411 2361 538 2401 quippe
555 2360 691 2391 minoris
708 2362 921 2392 contumeliae
939 2366 1003 2398 est,
1020 2371 1118 2403 qnam
1136 2364 1194 2390 aut
1207 2360 1216 2374 ‘
1231 2357 1345 2388 fatuus
1357 2355 1365 2367 ’
1380 2361 1439 2386 aut
1455 2353 1647 2403 [insulsus.'
1682 2353 1767 2401 Seu-

314 2408 431 2434 serunt
460 2405 521 2435 boc
553 2408 685 2434 veteres
714 2404 894 2444 Magistri;
919 2405 1033 2444 itaque
1060 2406 1253 2443 exponunt:
1278 2401 1287 2416 ‘
1305 2397 1436 2429 Tardus
1458 2406 1490 2427 111
1508 2405 1687 2434 venerem3
1711 2406 1769 2438 qui

314 2456 379 2477 non
398 2445 493 2477 facile
511 2446 661 2485 explicet
679 2455 857 2485 venerem,
881 2457 955 2488 quae
975 2457 1029 2477 res
1046 2443 1284 2477 meretricibus
1303 2441 1419 2472 odiosa
1436 2439 1510 2471 est?
1548 2439 1668 2479 Apage
1683 2439 1768 2477 hoc;

314 2494 350 2520 et
377 2499 516 2529 repone,
541 2489 660 2519 Fatuus
683 2492 740 2527 esc,
759 2490 905 2529 insulsus,
927 2490 1052 2528 bardus,
1075 2488 1183 2519 stertit
1207 2489 1309 2517 noctes
1331 2487 1361 2515 et
1376 2484 1452 2514 dies.
1497 2482 1626 2514 Nonius
1644 2486 1770 2521 tamen,

314 2542 347 2561 v.
362 2531 506 2568 Tardus,
521 2531 607 2561 bunc
625 2532 734 2562 locum
751 2532 857 2570 citat;
880 2533 975 2563 etsie
992 2533 1137 2562 habetur
1154 2529 1243 2570 apud
1261 2526 1442 2558 Asconinm
1460 2535 1493 2564 p.
1506 2528 1559 2556 69.
1591 2524 1724 2573 *Noctes
1738 2528 1769 2555 et

313 2575 378 2605 dies
405 2575 443 2606 R.
468 2574 561 2605 Lind.
608 2574 707 2605 Bent.
730 2575 890 2614 eleganti,
913 2575 971 2605 sed
998 2584 1063 2605 non
1092 2572 1284 2604 necessaria
1309 2569 1507 2609 conjectura
1535 2568 1616 2606 legit
1645 2566 1769 2598 bardus.

315 2616 414 2648 R.D.
461 2616 654 2647 Bentleium
680 2618 835 2654 sequitur
861 2618 1051 2648 Boiu—50
1077 2617 1123 2647 Tu
1149 2616 1248 2646 abest
1276 2618 1352 2652 post
1374 2615 1383 2628 ‘
1402 2609 1539 2651 Neque'
1564 2619 1582 2639 a
1603 2608 1720 2641 Guelf.
1736 2612 1769 2641 2.

316 2660 404 2690 Perl.
449 2659 489 2689 Id
507 2660 667 2690 omittunt
684 2665 717 2690 et
736 2660 793 2690 ΒΓ.
809 2660 912 2691 Bent.
928 2661 1005 2699 Rip.
1052 2660 1123 2689 Dat
1140 2658 1240 2688 Both.
1265 2656 1316 2687 Ne
1332 2656 1432 2685 istunc
1447 2655 1566 2683 metuas
1581 2661 1628 2683 ne.
1662 2652 1770 2683 Penas

308 2702 406 2739 facile
424 2701 631 2741 Delpb.—-5l
659 2702 743 2737 Quid
757 2703 877 2741 agimus
886 2701 917 2742 sl]
942 2702 1088 2733 Omnino
1105 2702 1166 2732 boc
1182 2700 1331 2731 Cbaereae
1354 2694 1569 2743 tribuendum
1584 2704 1593 2732 ;
1618 2693 1676 2735 qui
1691 2703 1768 2726 cum

318 2753 472 2784 sponsam
489 2744 631 2775 baberet
647 2744 872 2784 Pamphilam,
896 2755 959 2776 nec
980 2745 1120 2776 Thaidis
1146 2752 1260 2774 amore
1287 2744 1475 2776 teneretur,
1503 2746 1596 2785 prior
1623 2736 1665 2785 ad
1689 2745 1769 2785 con-

316 2787 527 2819 sentiendum
545 2791 632 2828 erat,
650 2797 749 2829 quam
778 2786 898 2819 frater.
926 2788 1020 2820 Bene.
1065 2788 1165 2819 Bent.
1181 2784 1307 2817 frustra
1323 2782 1357 2814 id
1374 2781 1526 2813 Chaereae
1544 2778 1674 2811 tribuit.
1693 2779 1771 2820 ΒΨ.
