1966 3302
319 217 404 259 598
817 221 857 250 P.
887 216 1134 248 TEREN‘ru
1167 217 1283 249 ΑΒΜ

321 322 406 363 ΞΥ.
438 318 496 361 Et
515 317 694 373 quidem
711 314 860 356 hercle
874 313 1015 355 forma
1032 313 1266 356 luculenta.
1325 311 1414 354 CH.
1446 310 1521 353 Sic
1543 310 1669 352 satis.

321 391 408 433 SY.
441 388 513 430 lta
532 399 619 427 non
640 388 689 425 ut
711 383 832 432 olim,
855 381 935 422 sed
955 381 1020 422 uti
1041 393 1174 430 nunc,
1195 393 1302 421 sane
1320 380 1463 422 bona:
1559 372 1563 376 ⁴

323 456 598 508 Minimeque
618 453 763 500 miror,
786 448 932 491 Clinia
951 447 1064 489 hanc
1087 447 1125 488 si
1146 447 1324 501 deperit.

322 524 411 566 Sed
461 522 592 563 habet
639 522 812 574 patrem
860 515 1076 570 quendam
1127 514 1323 564 avidum,
1375 513 1596 564 miserum,
1645 514 1778 566 atque

494 588 680 638 aridum,
1723 580 1780 621 15

323 658 532 700 Vicinum
551 656 691 697 hunce
720 650 912 693 nostin'?
944 653 990 691 at
1010 650 1137 704 quasi
1154 649 1193 690 is
1214 661 1300 690 non
1322 647 1489 689 divitiis

325 723 549 774 Abundet‚
567 724 723 776 gnatus
739 719 838 775 ejus
859 718 1050 774 profugit
1069 718 1233 771 inopia.

325 791 443 834 Scin’
460 804 560 833 esse
582 790 762 838 sactum,
782 792 831 829 ut
851 787 985 828 dico?
1046 784 1134 826 CH.
1166 783 1286 835 Quid
1306 796 1385 837 ego
1404 781 1630 823 nesciam?

326 860 563 902 Hominem
587 857 776 911 pistrino
798 853 994 908 dignum!
1043 852 1132 894 SY.
1160 851 1338 903 Quem?
1395 850 1483 891 CH.
1515 849 1668 891 Istunc
1690 861 1783 890 ser·

499 925 658 968 volum

327 995 445 1038 Dico
467 991 784 1035 adolescentis.
847 989 931 1030 SY.
963 988 1085 1042 Syre,
1106 987 1188 1028 tibi
1209 985 1336 1028 timui
1356 985 1486 1026 male.
1727 982 1785 1024 20

328 1063 417 1105 CH.
439 1061 532 1114 Qui
545 1072 709 1116 passus
726 1061 793 1099 est
806 1056 853 1098 id
868 1055 979 1097 fieri.
1011 1055 1094 1097 SY.
1118 1053 1240 1105 Quid
1257 1053 1450 1095 faceret}
1485 1052 1573 1094 CH.
1597 1051 1783 1105 Rogas?

328 1179 407 1211 mihi
422 1178 497 1210 talis
510 1177 628 1218 qualem
642 1175 753 1214 refers.
799 1173 863 1204 ΞΥ.
887 1172 932 1203 Et
948 1173 1031 1202 certe
1045 1180 1100 1211 per
1122 1170 1290 1201 Herculem
1315 1172 1362 1200 est
1377 1168 1484 1206 forma
1498 1167 1632 1208 speciosa
1645 1169 1675 1198 et
1689 1166 1788 1207 splen-

330 1224 413 1254 dida.
458 1222 527 1252 CH.
554 1219 768 1251 Mediocriter.
813 1216 876 1247 ΞΥ.
900 1215 994 1246 Bona
1009 1223 1137 1254 quoque,
1161 1223 1222 1244 non
1248 1217 1283 1244 ut
1311 1213 1461 1252 quondam
1489 1213 1580 1242 erant
1607 1210 1714 1247 bonae5
1735 1211 1788 1241 sed

328 1266 409 1297 sicut
427 1265 475 1296 his
491 1263 677 1303 temporibus
691 1263 762 1292 sunt
778 1259 944 1290 mulieres:
965 1267 1022 1288 nec
1044 1257 1158 1287 mirum
1184 1259 1229 1287 est
1253 1255 1344 1294 mihi,
1366 1255 1394 1286 si
1422 1254 1528 1285 Clinia
1552 1263 1619 1284 eam
1644 1253 1790 1284 ardenter

329 1311 433 1339 amat.-
450 1307 500 1338 sed
516 1307 568 1337 ille
583 1305 674 1336 habet
690 1303 842 1345 quendam
856 1304 974 1342 patrem
986 1309 1126 1337 avarum,
1138 1298 1296 1337 miserum,
1306 1301 1337 1330 et
1350 1298 1464 1329 siccum
1476 1295 1678 1338 parsimonia.
1724 1295 1791 1326 No·

330 1351 443 1382 vistine
459 1350 538 1381 hunc
553 1348 710 1380 vicinum?
733 1345 797 1377 Sed
812 1344 901 1385 quasi
924 1343 973 1374 hic
996 1352 1055 1374 mm
1080 1342 1168 1372 valde
1194 1342 1237 1372 sit
1260 1343 1358 1380 dives,
1366 1340 1459 1383 filius
1473 1339 1538 1378 ejus
1550 1338 1700 1380 prffugus
1711 1337 1789 1369 abiit

331 1397 466 1434 egestate
482 1395 615 1423 coactus.
663 1389 773 1421 scisne
783 1387 909 1426 factum
925 1396 1001 1424 esse,
1025 1389 1059 1416 ut
1081 1383 1174 1416 dico?
1220 1384 1289 1415 CH.
1315 1385 1380 1415 Cur
1394 1392 1451 1420 ego
1465 1383 1626 1422 ignorem?
1650 1382 1679 1413 Ο
1695 1381 1792 1412 homi-

331 1447 402 1468 nem
415 1437 557 1476 dignum,
574 1434 626 1475 qui
640 1432 826 1464 detrudatur
851 1431 885 1461 in
907 1428 1090 1470 pistrinum,
1114 1429 1154 1458 ad
1177 1427 1431 1465 circumagendas
1444 1423 1564 1457 molas!
1607 1424 1669 1456 ΞΥ.
1693 1424 1793 1460 Quem

332 1478 435 1512 dicis?
480 1479 549 1509 Cu.
582 1477 730 1515 [melligo
755 1475 946 1505 Dromonem
968 1480 1092 1502 servum
1116 1470 1240 1501 Clinioe.
1286 1470 1349 1501 ΞΥ.
1376 1469 1405 1499 Ο
1429 1468 1524 1510 Syre,
1548 1466 1644 1499 metui
1658 1477 1697 1498 ne
1718 1467 1792 1507 quid

332 1523 408 1554 mali
424 1521 482 1553 tibi
495 1521 648 1552 accideret
663 1528 703 1550 ex
719 1518 775 1548 hac
788 1526 832 1547 re.
879 1516 948 1546 CH.
974 1514 1038 1550 Qui
1052 1523 1159 1544 servus
1174 1522 1283 1553 passus
1297 1515 1352 1550 est,
1367 1511 1499 1553 ulfilius
1512 1511 1693 1542 discederet.
1729 1510 1789 1541 ΞΥ.

336 1566 420 1602 Quid
427 1561 574 1604 faceret?
619 1562 688 1594 CH.
714 1559 838 1596 Quaeris
852 1558 927 1599 quid
945 1556 1068 1596 faceret
1090 1556 1165 1587 ille?
1191 1556 1398 1594 Excogitaret
1420 1554 1560 1585 technam
1581 1554 1730 1594 aliquam,
1753 1562 1794 1583 ex

957 1662 1190 1675 eeeeeeeeeeee

338 1746 619 1781 consuetudinem
637 1747 673 1776 et
689 1743 769 1775 vitae
787 1742 953 1774 rationem
979 1751 1045 1773 non
1073 1740 1182 1772 minus
1210 1749 1310 1780 quam
1337 1738 1457 1779 Syrus,
1479 1737 1597 1768 laudat
1620 1736 1798 1774 Chremes,

338 1792 417 1823 dum
440 1790 507 1821 ait:
531 1790 540 1806 ‘
559 1788 649 1819 idem
677 1787 749 1818 visa
773 1790 828 1817 est
854 1783 957 1824 mil1i‚'
980 1785 1012 1815 ln.
1026 1794 1056 1815 e.
1081 1782 1257 1815 commoda
1271 1786 1306 1813 et
1321 1780 1446 1812 faceta.
1491 1780 1575 1811 Tum
1595 1778 1634 1810 τὸ
1647 1788 1720 1809 sane
1738 1779 1795 1809 vix

340 1834 490 1867 occurrit
507 1833 541 1863 in
558 1830 625 1862 fine
643 1827 850 1861 sententiael
874 1828 974 1860 Idem.
1019 1827 1028 1844 ‘
1046 1827 1087 1858 In
1105 1827 1202 1857 ch.
1221 1835 1281 1866 pro
1297 1824 1387 1859 mihi,
1404 1823 1528 1862 legitur
1542 1822 1620 1853 tibi.-
1642 1822 1701 1852 sed
1723 1831 1797 1861 per—

342 1887 447 1916 souae,
460 1876 560 1907 aliter
575 1874 620 1904 ibi
638 1876 780 1912 notatae,
794 1871 827 1902 id
845 1871 1012 1912 quadrare
1028 1870 1171 1908 faciunt,
1188 1868 1275 1910 quod
1294 1867 1419 1907 alioqui
1438 1865 1574 1896 videtur
1590 1863 1772 1896 absurdum
1790 1873 1798 1894 :

341 1922 410 1952 CH.
434 1919 528 1950 Sane.
574 1917 636 1948 ΞΥ.
664 1917 748 1947 Idem
771 1914 838 1946 visa
862 1917 907 1945 est
930 1913 1012 1945 tz'bz':
1039 1914 1081 1943 Et
1101 1913 1223 1952 quidem
1245 1910 1289 1942 hl
1314 1911 1373 1941 Fa.
1420 1909 1429 1927 ‘
1446 1909 1505 1940 Fa.
1523 1908 1618 1939 dedit
1634 1907 1714 1939 tibi.-
1737 1906 1796 1937 sed

341 1972 457 1995 omnes
475 1960 581 1992 nostri
597 1959 685 1996 mihi,
709 1967 808 1989 sensu
824 1957 1001 1988 sanissimo
1017 1960 1052 1987 et
1070 1954 1275 1995 planissimo.
1323 1953 1394 1984 Nos
1410 1961 1476 1982 non
1499 1951 1645 1982 colemus
1661 1949 1800 1981 Bembi-

341 2016 420 2037 num
439 2010 506 2037 tam
523 2000 784 2044 superstitiose!
806 2000 904 2031 Bent.
949 2001 958 2017 ‘
978 2000 1047 2030 Cn.
1063 1998 1157 2029 Sane.
1192 1997 1253 2028 ΞΥ.
1272 1995 1357 2026 Jaean'
1374 1995 1440 2026 visa
1455 1997 1499 2025 est
1516 1993 1602 2025 tibi?
1645 1993 1797 2024 Primum

342 2060 384 2081 ex
402 2050 498 2080 Bem.
516 2045 711 2086 recipimus,
727 2043 800 2074 haec
816 2042 884 2073 dici
902 2052 919 2072 a
935 2042 1034 2083 Syro,
1050 2040 1128 2072 dein
1144 2039 1213 2071 tibi.
1252 2040 1319 2070 Sed
1336 2048 1394 2069 nos
1412 2036 1496 2068 Itan'
1513 2046 1555 2068 ex
1570 2036 1656 2067 Idem
1671 2035 1800 2066 inveni-

342 2102 427 2123 mus.
473 2091 583 2130 Vulgo
610 2088 697 2118 enirn
724 2087 796 2117 liaec
821 2086 1018 2117 tribuuntur
1034 2089 1069 2116 et
1085 2082 1273 2120 Chremeti,
1297 2082 1344 2112 sic
1361 2089 1544 2120 expressa:
1571 2079 1655 2110 Idem
1671 2079 1737 2109 visa
1753 2080 1799 2108 est

341 2133 443 2166 mihi.y
469 2133 545 2173 Bip.
591 2131 631 2162 Z.
650 2131 718 2162 CH.
743 2130 838 2160 Sane.
885 2128 949 2159 ΞΥ.
972 2128 1060 2158 Idem
1074 2127 1138 2158 visa
1156 2122 1302 2157 esttibi?
1333 2123 1436 2154 Both.
1483 2123 1552 2154 CH.
1569 2121 1652 2153 Sane
1666 2121 1798 2161 quidem.

343 2179 406 2209 ΞΥ.
434 2176 508 2208 Visa
523 2178 568 2206 est
585 2174 662 2205 mihi
676 2176 705 2204 et
722 2172 837 2203 Forma
862 2171 984 2212 quidem
1009 2171 1040 2201 h.
1057 2171 1164 2201 l.-13
1191 2168 1278 2199 Satis
1295 2177 1355 2206 pro
1370 2176 1443 2197 sane
1460 2164 1577 2197 Guelf.
1592 2167 1710 2196 2.-14
1734 2163 1799 2194 Μὶ-

345 2221 426 2252 nime
455 2227 572 2259 quoque
594 2217 648 2248 Id.
697 2216 829 2255 Propter
852 2214 930 2245 hanc
955 2215 1072 2244 3.—15
1097 2213 1147 2244 M.
1165 2217 1198 2242 et
1216 2209 1337 2242 Boend.
1353 2209 1505 2240 hominem
1519 2209 1654 2238 avidum.
1699 2206 1801 2237 Both.

348 2264 513 2302 misereque
528 2260 751 2291 aridum—16
773 2257 859 2289 Mss.
884 2256 1031 2296 qnidam,
1054 2255 1143 2296 quasi
1157 2256 1184 2285 si
1199 2254 1235 2285 is.
1279 2252 1382 2284 Ditiis
1404 2261 1463 2292 pro
1485 2250 1608 2282 divitiis
1623 2249 1695 2280 vult
1712 2248 1801 2280 Gov.

352 2306 452 2338 West.
497 2304 557 2334 ΒΓ.
579 2302 623 2334 At
654 2301 707 2342 qui
735 2301 764 2330 si
790 2300 829 2331 is.
874 2299 1019 2330 Bothius
1047 2298 1142 2338 legit,
1164 2298 1200 2329 V.
1225 2296 1322 2327 hanc:
1351 2293 1501 2326 Nostin'?
1544 2292 1611 2324 CH.
1634 2292 1678 2323 At
1702 2290 1802 2332 quasi.

347 2349 408 2380 ΞΥ.
433 2348 466 2378 Is
493 2356 573 2377 nunc
598 2344 819 2375 di17z'tz‘is.—18
843 2342 942 2373 Bem.
969 2342 1049 2374 Bas.
1074 2341 1129 2370 Vi.
1151 2345 1186 2371 et
1209 2338 1312 2380 aliqui
1330 2338 1386 2368 alii
1411 2337 1493 2375 Scis,
1513 2335 1570 2366 alii
1595 2334 1715 2366 Scisne.
1738 2334 1800 2364 Fa.

347 2393 358 2409 ‘
378 2389 495 2422 Nostri
519 2396 652 2430 qnoque
676 2386 831 2417 meliores
853 2388 888 2415 et
914 2384 1038 2425 plures,
1064 2383 1144 2414 Scis.
1189 2381 1256 2413 Sed
1273 2380 1350 2411 vide
1369 2388 1499 2410 versum
1517 2379 1707 2417 integrum:
1732 2376 1802 2407 Scis

348 2444 413 2465 esse
426 2434 565 2472 factum,
589 2433 623 2461 ut
649 2429 740 2460 dico?
785 2427 869 2463 Quid
893 2437 949 2466 ego
970 2424 1127 2458 nesciam?
1172 2426 1340 2458 Quorsum
1358 2421 1441 2453 illud
1457 2419 1613 2452 nesciam?
1636 2420 1734 2461 quale
1752 2428 1803 2449 re-

351 2474 532 2517 sponsum?
549 2483 610 2504 nec
628 2471 800 2503 sententia
816 2479 878 2500 nec
895 2479 1005 2500 sermo
1022 2479 1122 2500 sanus
1140 2472 1203 2498 est.
1250 2468 1342 2506 Lege
1359 2465 1561 2499 certissime,
1578 2468 1614 2494 ut
1629 2463 1706 2494 olim
1723 2462 1804 2492 Pal-

351 2519 490 2555 merlus,
507 2516 640 2547 nemine
658 2515 766 2545 adhuc
783 2513 1010 2551 auscultante,
1023 2512 1108 2547 Quid
1123 2521 1178 2549 ego
1193 2511 1226 2540 ni
1241 2506 1371 2540 sciam?
1395 2509 1498 2538 Bent.
1543 2509 1552 2523 ‘
1570 2506 1652 2537 Par.
1669 2515 1719 2545 pr.
1733 2513 1804 2535 var.

351 2563 386 2592 m·
401 2562 518 2592 sciam)
542 2559 635 2590 Perl.
681 2557 752 2588 Scis
777 2557 859 2586 dant
886 2555 945 2586 ΒΓ.
970 2555 1047 2595 Bip.
1076 2554 1113 2585 Z.
1140 2554 1241 2584 Both.
1271 2552 1450 2582 Perl.-—19
1474 2550 1575 2580 Istum
1589 2558 1614 2579 s.
1664 2548 1804 2587 Aliquot

354 2604 461 2635 nostri
478 2603 607 2634 Istunc.-
630 2600 762 2635 melius,
786 2598 864 2640 quia
881 2599 1011 2629 vitatur
1037 2595 1349 2627 homoeoteleuton.
1375 2594 1471 2624 Bent.
1517 2592 1618 2623 [stum
1635 2591 1694 2622 Br.
1710 2589 1805 2622 Peri.

1013 2691 1153 2724 NOTAE

600 2761 641 2789 20
659 2757 749 2798 Syre,
763 2756 822 2787 tibi
837 2756 928 2788 timui
940 2757 1032 2797 male]
1054 2756 1176 2787 Secum
1193 2755 1255 2786 hoc
1278 2758 1430 2786 susurrat
1444 2752 1565 2793 Syrus.
