1966 3302
497 212 864 255 'ADELPHORUM
899 224 1007 254 Acr.
1032 224 1076 253 v.
1107 223 1175 254 sc.
1198 224 1272 254 111.
1524 215 1611 257 769

158 317 366 360 Nostin’?
426 318 518 360 DE.
547 318 651 361 Jam
689 320 833 362 scibo.
906 319 990 360 SY.
1022 319 1144 370 Quid
1181 319 1307 372 agis?
1351 331 1441 373 quo
1477 320 1575 361 abis
1589 322 1608 361 ’ἒ

327 386 418 428 DE.
450 386 579 428 Mitte
597 400 683 427 me.
1582 389 1611 428 5

155 454 240 497 SY.
273 453 396 504 Noli,
414 455 606 507 inquam.
666 454 757 496 DE.
790 454 894 495 Non
915 467 1090 495 manum
1112 454 1323 504 abstines,
1340 454 1578 507 mastigia?

156 521 231 562 An
251 523 335 563 tibi
347 522 443 576 jam
463 523 606 564 mavis
627 523 852 564 cerebrum
873 522 1061 575 dispergi
1080 522 1151 562 hic
1167 523 1186 562 Ἰ
1248 521 1332 563 SY.
1364 521 1483 564 Abit.

155 588 349 643 AEdepol
369 590 745 631 commissatorem
765 589 887 630 haud
907 602 1012 630 sane
1033 589 1323 639 commodum,

155 657 406 701 Praesertim
429 658 721 711 Ctesiphoni:
753 658 859 711 quid
879 671 960 711 ego
981 671 1095 698 nunc
1117 659 1279 709 agam?

152 725 274 775 Nisi,
294 725 397 766 dum
417 727 486 767 hae
509 726 724 781 silescunt
743 726 904 775 turbae,
925 726 1091 766 interea
1112 725 1157 765 in
1178 724 1384 778 angulum
1550 727 1606 769 10

153 792 322 847 Aliquo
344 794 513 843 abeam,
534 797 665 847 atque
685 793 976 851 edormiscam
998 793 1081 833 hoc
1102 792 1193 833 villi
1211 806 1223 834 ε
1255 792 1318 833 sic
1339 805 1479 845 agam.
1541 788 1543 790 ¹

1123 852 1163 863 ..-

153 912 222 943 dem
236 913 372 945 nominis
385 914 557 954 parasitum
572 915 732 954 parvulum
744 924 755 944 .·
778 923 876 944 nonne
890 912 949 944 tibi
964 918 1054 944 notus
1070 917 1115 944 est
1127 917 1139 944 ,⁹
1171 913 1238 944 DE.
1256 913 1336 944 Mon:
1348 914 1463 944 discam
1477 914 1545 953 quis
1554 913 1607 944 sit.

152 955 215 987 SY.
240 956 324 992 Quid
349 957 432 996 agis,
463 957 602 988 Demea?
623 968 680 996 quo
707 957 774 988 abis
786 960 799 987 ?
843 957 912 987 DE.
943 957 995 987 Ne
1021 967 1067 987 me
1088 957 1201 987 detine.
1246 956 1306 988 SY.
1330 957 1382 987 Ne
1402 956 1503 996 abeas,
1528 956 1608 987 dico.

155 997 228 1029 DE.
253 999 329 1031 Non
344 1010 498 1031 manuma
514 1010 559 1030 me
575 1000 669 1040 tollis,
685 1004 714 1031 et
730 999 847 1030 desinis
862 1009 909 1029 me
926 1003 1039 1037 tenere,
1055 999 1194 1031 verbero
1188 1003 1200 1023 ⁷
1230 1000 1282 1030 An
1298 1000 1419 1037 tisjum
1436 1000 1495 1030 eibi
1516 1002 1607 1040 caput

154 1041 318 1090 disrumpi,
332 1046 362 1073 et
371 1043 491 1074 cei-’ebro
507 1043 587 1073 riam
599 1043 723 1083 spargi
718 1046 730 1066 ⁹
767 1043 831 1073 SY.
852 1043 904 1072 Eu
917 1023 1068 1074 discessit.
1109 1043 1245 1073 Conviva
1260 1045 1343 1073 certe
1355 1043 1405 1074 hic
1420 1053 1453 1073 er
1457 1043 1481 1073 it
1494 1053 1514 1082 1²
1505 1051 1554 1072 και
1557 1052 1607 1072 um

144 1083 314 1123 jucundus,
333 1086 488 1127 proecipue
507 1086 697 1126 Ctesiphoni.
743 1085 829 1120 Quid
850 1094 906 1123 ego
922 1095 1000 1116 nunc
1015 1088 1126 1124 ugmrm’
1148 1085 1211 1116 uisi
1230 1088 1303 1116 dum
1318 1086 1365 1116 leae
1380 1085 1479 1116 turbce
1493 1086 1608 1116 sedata»

144 1125 283 1166 suerint,
299 1129 419 1160 interea
440 1130 473 1159 in
488 1130 635 1168 angulum
649 1128 782 1169 aliquem
796 1138 844 1159 me
859 1128 970 1159 abdam
986 1131 1013 1159 et
1027 1138 1085 1169 per·
1099 1138 1237 1159 somnum
1251 1128 1305 1158 hoc
1321 1128 1398 1165 tilii,
1415 1129 1527 1170 quod
1515 1132 1607 1169 caput

151 1172 267 1211 tentat,
281 1173 453 1212 decoquam.

778 1244 1018 1256 «beurene-evo

153 1309 357 1343 confirmans
375 1319 475 1350 porro
491 1310 582 1342 vocis
609 1320 713 1342 usum.
757 1311 824 1342 Sed
847 1317 883 1343 et
907 1320 1029 1352 magua
1044 1311 1128 1342 Mss.
1146 1320 1223 1351 pars
1250 1311 1331 1349 legit
1354 1313 1508 1352 paululus,
1525 1322 1606 1352 quo·

152 1363 226 1385 rum
239 1353 418 1385 duodecim
432 1353 547 1384 laudat
561 1353 729 1395 Guyetus.
749 1356 846 1386 West.
893 1355 1011 1386 Nostri
1029 1355 1183 1395 plerique
1200 1365 1315 1385 omnes
1329 1357 1480 1394 paululus.
1505 1355 1609 1387 Bent-

152 1397 210 1428 Ita
237 1403 272 1427 et
297 1397 356 1428 ΒΓ.
382 1396 475 1428 Peri.
500 1396 603 1427 Both.
630 1397 710 1438 Bip.
742 1403 777 1430 et
804 1398 872 1429 Ms.
895 1398 938 1429 R.
955 1403 990 1429 et
1006 1402 1075 1429 vet.
1101 1398 1178 1428 cod.
1206 1408 1259 1438 ap.
1287 1398 1385 1428 Lind.
1414 1398 1607 1439 probatque

152 1439 397 1472 Ruhnken.—7
425 1439 592 1470 Cen-ebrum
605 1440 754 1480 dispergi.
798 1440 853 1471 Ita
870 1446 923 1472 est
939 1441 972 1472 in
990 1441 1164 1482 plerisque
1181 1441 1336 1471 omnibus
1354 1442 1438 1472 Mss.
1456 1447 1491 1472 et
1507 1441 1607 1472 editis

151 1482 316 1523 antiquis,
331 1483 430 1513 etiam
447 1483 642 1523 Juntarum‚
655 1483 749 1522 Aldi,
767 1484 853 1515 Rob.
874 1484 1058 1525 Stephani;
1083 1483 1198 1524 itaque
1226 1483 1389 1520 legebant
1405 1484 1607 1516 Gambarel-

150 1526 203 1557 lus
231 1530 267 1556 et
295 1525 444 1557 Fabi-ini.
488 1525 618 1556 Faerno
647 1531 759 1557 tamen
788 1526 978 1567 dispergam,
994 1526 1083 1568 quod
1111 1533 1163 1557 est
1187 1526 1220 1556 in
1248 1527 1389 1558 Donato
1419 1533 1453 1558 et
1479 1528 1608 1559 Codice

150 1568 331 1607 Bembino,
347 1568 509 1599 minacius
531 1569 684 1608 videtur3
710 1570 804 1610 cujus
820 1570 867 1600 rei
884 1570 1050 1601 rationem
1072 1579 1136 1600 non
1163 1570 1274 1600 video.
1318 1570 1370 1601 De
1388 1580 1424 1601 re
1440 1572 1512 1610 ipsa
1528 1571 1607 1602 vide

154 1621 257 1652 supra
279 1620 338 1642 111.
361 1615 394 1643 2.
412 1613 464 1643 19.
481 1620 532 1641 lv.
549 1614 579 1642 2.
605 1614 657 1643 32.
684 1617 719 1642 et
741 1614 827 1645 Eun.
855 1616 950 1643 lv.7.
981 1615 1034 1644 33.
1080 1613 1119 1643 ln
1148 1622 1269 1652 magna
1298 1619 1410 1644 autem
1443 1614 1606 1645 librorum

152 1660 252 1695 parte
277 1653 314 1684 τὸ
325 1653 396 1692 jam
418 1663 484 1684 non
501 1659 687 1695 companet.
716 1655 817 1686 West.
852 1655 906 1686 An
923 1655 981 1686 tibi
1004 1655 1101 1686 maris
1115 1656 1270 1686 cerebrum
1286 1657 1425 1696 dispergi
1441 1657 1510 1687 hic?
1544 1657 1606 1688 Sv.

150 1697 242 1729 abiit.
279 1697 383 1728 Multi
400 1697 423 1728 l.
445 1707 472 1727 s.
495 1703 570 1737 post
586 1698 645 1728 tibi
661 1698 788 1728 habent
804 1698 986 1730 dictionem
995 1698 1075 1736 Jam.
1115 1698 1303 1730 Bembiuus
1321 1700 1369 1729 ita
1387 1706 1492 1730 totum
1518 1700 1606 1731 huuc

151 1749 286 1772 versum
302 1739 419 1778 habet,
435 1740 486 1770 Δη
502 1739 638 1780 tibijam
653 1742 751 1772 mavis
765 1742 921 1772 cerebrum
941 1741 1119 1782 dispergam
1134 1742 1205 1773 hic?
1226 1742 1287 1773 Sy,
1307 1742 1396 1773 Abit.
1433 1743 1521 1774 Sane
1546 1743 1607 1773 (Iis-

152 1793 282 1824 pergam
301 1783 464 1814 minacius
489 1783 571 1814 mihi
586 1783 734 1823 videtur,
749 1794 846 1824 quain
863 1785 1023 1825 dispergi;
1045 1784 1136 1823 Abit,
1151 1795 1253 1825 quam
1276 1785 1368 1823 abiit,
1384 1787 1606 1817 numerosius.

151 1826 212 1858 Fa.
237 1826 346 1857 Recte
357 1826 412 1857 hic
425 1825 624 1857 Bembinus.
663 1826 759 1857 Unus
774 1832 906 1858 tantum
923 1837 965 1858 ex
979 1827 1192 1866 nostrisjam‚
1205 1837 1319 1858 omnes
1331 1829 1480 1869 dispergi.
1503 1829 1607 1861 Bent,

150 1869 342 1910 Dispergam
371 1869 454 1899 dant
485 1869 564 1908 Bip.
585 1869 687 1900 Both.
717 1870 756 1900 Z.
783 1870 876 1901 Peri.
908 1870 1037 1910 Delph.
1068 1871 1109 1901 Τὸ
1129 1871 1198 1909 jam
1226 1871 1324 1902 abest
1346 1872 1402 1902 ΒΓ.
1428 1872 1543 1903 Guelf.
1575 1875 1605 1903 3.

150 1912 244 1943 Abiit
268 1912 353 1943 dant
369 1912 473 1942 iidem
495 1921 570 1942 cum
597 1911 715 1944 Guelf
734 1915 830 1944 1.-8
854 1913 945 1953 Guy.
963 1912 1117 1944 defendit
1143 1924 1237 1944 suum
1261 1915 1483 1951 comnzssesuto,r
1501 1925 1540 1945 ne
1565 1913 1606 1945 τὸ

151 1955 162 1971 ‘
179 1954 344 1995 AEdepol'
361 1961 458 1995 regat
474 1956 719 1992 accusativum,
733 1956 879 1987 scilicet
909 1956 953 1987 Π
952 1959 1007 1987 est.
1010 1959 1073 1987 —9
1102 1957 1186 1996 Ergo
1202 1967 1264 1997 pro
1280 1968 1336 1996 ego
1353 1957 1470 1989 Guelf.
1487 1961 1507 1988 )
1511 1961 1605 1991 -.10

149 1997 232 2029 Hoec
248 2007 310 2038 pro
324 1998 486 2029 haessoth.
503 2008 545 2029 ex
559 1998 625 2030 Gn.
641 2001 671 2030 1.
703 1999 762 2030 ΒΓ.
777 1999 810 2030 in
824 2001 973 2038 angulum
984 2000 1097 2039 aliqum
1101 2003 1184 2031 —11
1209 2000 1294 2031 Mss.
1308 2001 1442 2041 quidam
1460 2007 1494 2031 et
1509 2001 1607 2038 editi,

148 2040 209 2071 hoc
217 2041 295 2072 vini.
318 2041 427 2072 West.
454 2041 488 2071 in
515 2041 675 2072 Addend.
691 2042 916 2073 memoratG.
934 2047 970 2073 et
986 2043 1066 2074 EM.
1110 2042 1186 2074 Vini
1207 2042 1334 2075 habent
1359 2044 1446 2076 Mss.
1463 2044 1553 2076 Pau.
1570 2049 1606 2076 et

151 2082 261 2115 Paris.
295 2083 383 2116 GM.
399 2083 473 2115 GC.
500 2084 560 2115 Br.
604 2084 672 2116 Ms.
689 2084 732 2116 R.
749 2090 784 2116 et
801 2092 868 2116 vet.
887 2084 962 2116 cod.
978 2095 1033 2126 ap.
1050 2085 1146 2117 Lind.

807 2165 947 2198 NOTAE

165 2233 204 2264 11
228 2229 300 2263 Hoc
308 2229 392 2271 viui]
412 2229 461 2261 Ut
472 2229 577 2272 Syrus
589 2239 626 2262 se
637 2230 823 2271 Syriscum‚
833 2230 882 2262 ita
897 2231 1011 2263 vinum
1027 2231 1156 2273 villum,
1170 2232 1333 2274 appellat,
1345 2233 1594 2275 ὑποκοριστικῶς.

530 2493 734 2536 ACTUS
767 2496 826 2538 V.
886 2494 1096 2538 SCENA
1128 2495 1218 2538 ΙΙΙ.

667 2607 824 2638 Μιοιο.
885 2608 1078 2638 DEMEA.

150 2670 236 2713 Ml.
267 2671 377 2714 PAR
387 2684 482 2714 ΑΤΑ
506 2687 534 2715 a
552 2676 682 2716 nobis
702 2679 819 2726 sunt,
841 2679 889 2717 ut
910 2676 1018 2728 dixi,
1041 2677 1259 2728 Sostrata,

194 2777 260 2810 Mr.
286 2777 409 2810 Parata
427 2791 446 2811 a
461 2780 547 2812 nobis
560 2784 631 2813 sunt
647 2782 761 2824 omnia,
777 2781 935 2821 Sostrata,
949 2782 1003 2814 ubi
1015 2782 1074 2825 vis,
1087 2781 1304 2824 nuptiaefient.
1350 2781 1412 2816 Sed
1428 2783 1569 2824 quisnam
1582 2797 1596 2817 ρ

238 2832 353 2874 ΒεΙρΙι.
365 2837 394 2865 ee
408 2833 437 2866 V
436 2844 481 2866 ar.
497 2834 581 2867 Clas.
815 2836 940 2868 Terent.
1446 2840 1464 2868 3
1489 2838 1515 2868 C
