1966 3302
507 227 855 260 ADELPHORUM
890 228 1000 259 Ac'r.
1036 229 1077 258 v.
1109 229 1177 259 sc.
1212 230 1286 259 ιιι.
1542 219 1628 259 775

172 327 325 370 Hodie
347 325 477 368 modo
493 325 686 377 hjlarum
706 324 778 366 fac
801 328 861 366 te.
922 324 1013 364 DE.
1046 323 1103 366 Et
1124 324 1255 365 istam
1276 323 1511 378 psaltriam

172 395 277 436 Una
297 396 400 436 illuc
421 407 594 435 mecum
613 389 711 434 hinc
734 392 1002 434 abstraham.
1062 392 1149 433 Mt.
1182 392 1471 445 Pugnaveris.

171 463 240 504 Eo
260 470 392 517 pacto
412 474 610 516 prorsum
633 461 725 502 illic
748 461 945 513 alligaris
967 461 1101 501 filium
1121 475 1131 502 :

759 511 877 522 *⁹5*-

172 530 311 571 Modo
330 529 484 578 facito,
506 533 555 570 ut
575 528 696 569 illam
718 541 886 569 serves.
947 528 1036 569 DE.
1069 529 1164 581 Ego
1186 528 1301 569 istuc
1325 528 1471 569 videro
1491 541 1499 569 :

169 597 322 651 Atque
344 598 422 647 ibi,
443 597 605 638 favillae
625 596 767 649 plena,
789 596 914 646 fumi,
936 609 988 637 ac
1009 597 1207 650 pollinis,
1522 600 1525 603 ’
1571 597 1627 637 et>

171 661 415 718 Coquendo
438 664 496 704 sit
517 663 639 712 faxo,
660 668 703 703 et
723 664 950 719 molendo:
984 669 1147 717 praeter
1167 664 1263 704 haec
1320 673 1334 711 j
1357 685 1360 688 >

170 722 358 773 ffiffidie
375 733 475 786 ipso
495 731 669 780 faciam,
691 735 741 770 ut
761 731 971 784 stipulam
992 731 1199 784 colligat:

167 788 277 842 Tam
300 804 531 841 excoctam
553 798 749 848 reddam,
767 804 901 852 atque
924 804 1077 849 atram,
1095 812 1229 854 quam
1252 800 1386 840 carbo
1407 798 1475 839 ἐή..
1538 799 1627 841 M1.

339 868 522 908 Placet:

168 937 213 979 N
217 949 300 978 unc
320 935 427 977 mihi
448 935 595 976 videre
618 947 772 988 sapere
792 948 802 982 ;
836 940 967 988 atque
988 934 1191 989 equidem
1212 934 1347 975 filium

164 1067 290 1097 quoque,
314 1058 341 1088 si
366 1057 453 1096 libet,
479 1057 639 1088 dummodo
663 1056 743 1087 hunc
769 1056 851 1087 diem
871 1056 1014 1087 hilariter
1031 1056 1200 1094 transigas.
1248 1056 1315 1086 DE.
1342 1057 1386 1087 Et
1401 1057 1496 1087 istam
1511 1066 1626 1097 quoque

155 1099 322 1140 fidicinam
338 1111 453 1131 mecum
467 1100 538 1131 hinc
552 1100 710 1130 abducam.
757 1100 821 1129 Μι.
848 1100 1039 1130 Praecluram
1062 1108 1126 1128 rem
1139 1099 1258 1136 feceris
1273 1110 1281 1134 ;
1305 1098 1351 1129 ita
1367 1100 1431 1130 illic
1447 1100 1555 1140 filium
1571 1101 1627 1130 ‹ul-

163 1143 283 1174 dixeris
305 1147 396 1184 atque
419 1143 572 1184 affixeris:
594 1144 646 1173 secl
672 1143 742 1173 vide
767 1146 800 1172 ut
823 1142 910 1172 illam
933 1142 1069 1172 studiose
1084 1152 1253 1173 conset-res.
1299 1142 1369 1172 DE.
1394 1143 1486 1173 Dabo
1501 1153 1624 1182 operum

163 1189 200 1216 ut
212 1186 296 1217 istud
301 1186 377 1228 fiat.
402 1186 545 1227 Efficiam
560 1189 596 1216 ut
611 1185 687 1223 illic,
705 1185 736 1216 in
751 1185 837 1223 villa,
846 1184 981 1223 favillis,
992 1185 1097 1222 fumo,
1112 1195 1147 1214 uc
1157 1185 1408 1224 pulveresmz'noe
1422 1186 1624 1216 subtilissimo

164 1228 330 1268 impleatur
351 1230 515 1269 coquendo,
536 1239 572 1259 ac
597 1229 756 1258 molendo.-
776 1232 929 1267 proeterea
944 1227 1069 1258 ardenti
1085 1228 1226 1257 meridiei
1242 1229 1316 1258 horu
1333 1228 1399 1268 ipsa
1420 1238 1487 1259 eam
1502 1228 1626 1259 mittam

163 1271 198 1301 in
213 1281 337 1311 agrum,
358 1276 394 1303 ut
408 1272 540 1312 stipulas
554 1271 683 1310 colligat
696 1280 707 1307 ;
729 1274 792 1300 tam
809 1274 922 1301 tostam
937 1280 1005 1301 eom
1019 1272 1161 1307 reddam,
1175 1274 1205 1300 et
1220 1270 1343 1309 nigram
1355 1281 1447 1311 quum
1461 1273 1551 1302 carbo
1567 1275 1624 1302 est.

161 1314 226 1346 Mt.
251 1315 291 1346 Id
314 1314 391 1345 mihi
403 1314 577 1353 jucundum
599 1317 658 1345 est.
704 1315 796 1345 Nunc
819 1317 848 1344 te
867 1313 979 1352 judico
1001 1324 1067 1344 esse
1094 1313 1273 1354 sapientem.
1318 1315 1361 1344 Et
1387 1314 1524 1355 profecto
1539 1319 1627 1345 tecum

768 1399 807 1411 Ν
810 1399 1005 1411 enmono

163 1464 244 1497 bini.
270 1465 330 1496 Fa.
376 1465 456 1495 Cum
473 1465 574 1506 primo
590 1466 659 1496 lucu
675 1465 722 1496 ibo
739 1465 821 1498 hinc.
866 1467 916 1497 M.
943 1467 991 1497 De
1005 1469 1094 1497 nocte
1107 1476 1222 1497 censeo.
1268 1466 1325 1497 Sic
1352 1476 1370 1497 a
1400 1466 1530 1497 Faerno
1558 1472 1622 1498 est.

161 1507 207 1545 Et
224 1509 278 1538 vel
295 1508 350 1539 bic
367 1506 468 1540 facile
485 1508 720 1548 deprehendas
736 1509 938 1540 correctoris
959 1508 1116 1540 Bembini
1144 1510 1338 1550 vestigium.
1386 1509 1502 1540 Nostri
1529 1510 1623 1540 codi-

162 1560 218 1581 ces
235 1551 382 1581 universi
400 1551 448 1582 sic
464 1550 601 1589 habent,
629 1552 708 1582 Cum
733 1552 834 1590 prima
858 1553 923 1583 luce
939 1552 987 1582 ibo
1010 1552 1105 1583 ltine:
1138 1552 1186 1583 M.
1212 1553 1310 1583 Immo
1334 1553 1371 1583 de
1395 1556 1483 1583 nocte
1508 1562 1625 1584 censeo.

162 1593 273 1630 Quem
291 1603 421 1624 versum
440 1603 516 1624 cum
534 1594 598 1625 iste
616 1594 825 1634 intelligeret
845 1595 1031 1635 longiorem
1053 1595 1149 1634 justo
1178 1605 1265 1633 esse,
1289 1595 1425 1626 reduxit
1439 1595 1481 1625 ad
1497 1597 1623 1626 senarii

159 1645 368 1677 mensuram,
384 1636 553 1676 ejiciendo
571 1637 680 1668 Ιιηηιο.
728 1638 845 1679 Atqui,
869 1648 888 1669 o
906 1640 983 1677 iste,
1007 1638 1091 1668 illud
1109 1638 1207 1668 Immo
1223 1638 1439 1668 retinendum
1455 1643 1539 1677 erat,
1555 1649 1623 1679 quo

163 1679 219 1709 vix
234 1689 352 1710 carere
370 1683 484 1719 potest
497 1680 692 1717 sententia3
717 1680 886 1720 ejicienda
903 1687 1017 1711 autem
1033 1681 1081 1711 ibo
1098 1681 1180 1720 hinc,
1205 1682 1326 1722 quibus
1353 1681 1500 1711 libenter
1516 1689 1622 1712 caret.

160 1721 316 1762 Repone‚
340 1723 420 1753 Cum
434 1722 535 1762 primo
553 1723 625 1754 luci.
672 1723 719 1753 M.
743 1724 841 1754 Ιηιιηο
857 1725 894 1754 (Ie
910 1728 999 1755 nocte
1014 1734 1128 1755 censeo,
1176 1725 1292 1764 Longe
1311 1724 1422 1764 aptius
1440 1731 1474 1754 et
1492 1724 1625 1756 iracun-

160 1764 237 1802 dius
254 1771 320 1804 est,
342 1771 379 1796 ut
394 1765 442 1796 ibo
458 1766 529 1796 hinc
554 1765 855 1805 subintelligantur
882 1777 981 1807 quam
1003 1767 1248 1807 exprimantur.
1295 1768 1339 1798 Et
1367 1767 1415 1797 sic
1443 1767 1621 1799 Donatus:

163 1807 243 1838 Cum
256 1809 358 1848 primo
373 1809 441 1839 luca
452 1820 462 1840 .·
481 1808 699 1845 ἀποσιώπησις.
715 1810 784 1839 lucu
803 1810 936 1849 quidem
956 1819 1044 1840 nunc
1060 1810 1150 1849 apud
1168 1810 1340 1841 Donatum
1356 1809 1535 1841 scribitur:
1561 1811 1621 1842 sed

159 1849 293 1882 rectum
309 1857 360 1882 est
377 1851 450 1889 luci,
474 1857 511 1881 ut
528 1852 637 1882 codex
654 1852 698 1882 G.
725 1853 872 1884 Fabricii
897 1853 949 1884 bic
974 1853 1007 1883 in
1026 1858 1123 1884 textu
1141 1853 1271 1885 habuit.
1317 1853 1372 1884 Ita
1389 1852 1562 1884 Charisius
1579 1865 1622 1885 ex

160 1893 306 1924 Sisenna
331 1893 449 1925 laudat
473 1895 534 1925 tuci
549 1894 748 1926 adverbium
764 1896 776 1925 z·
793 1896 890 1926 litera
907 1895 1140 1935 terminatum,
1162 1900 1200 1926 ut
1224 1897 1232 1912 ‘
1249 1895 1368 1927 mani:²
1393 1902 1429 1926 et
1454 1897 1501 1927 sic
1528 1907 1621 1937 saepe

158 1937 248 1976 apud
270 1937 452 1974 Plautum3
475 1946 644 1979 nunquam
663 1942 776 1968 autem
793 1940 872 1969 lucu.
897 1939 999 1969 Bent.
1046 1939 1146 1976 Vulg.
1166 1940 1244 1969 Cum
1265 1940 1364 1979 primo
1381 1939 1450 1970 lucu
1468 1941 1518 1970 vel
1545 1941 1622 1979 luci,

160 1985 199 2010 ut
215 1979 316 2011 Bent.
333 1980 392 2011 sed
409 1979 484 2011 cod.
502 1980 540 2011 C.
566 1980 678 2011 Prima
701 1990 770 2011 cum
793 1983 870 2018 luce,
887 1981 1026 2021 egregie
1053 1983 1221 2012 collocato
1250 1983 1354 2012 verbo
1371 1982 1496 2013 Prima.
1520 1983 1622 2015 Both.

159 2023 216 2061 qui
243 2024 303 2054 dat
331 2023 437 2054 Primo
463 2033 530 2053 cum
554 2023 625 2054 luci.
672 2024 770 2054 Immo
785 2026 822 2054 de
838 2027 924 2055 nocte
938 2035 1054 2056 censeo.
1101 2026 1158 2055 Ilm
1173 2025 1245 2055 Ιιὶηι·
1261 2025 1484 2056 omittendum
1503 2034 1622 2058 censet

159 2065 240 2105 Bip.
266 2066 344 2097 Cum
357 2066 460 2105 prima
476 2067 540 2097 luce
556 2066 605 2097 ibo
620 2066 702 2096 hinc.
748 2067 799 2098 De
813 2072 901 2099 nocte
916 2077 1020 2098 censeo
1038 2068 1095 2098 Br.
1143 2070 1222 2098 Cum
1233 2069 1336 2109 primia
1352 2069 1418 2099 tuce
1436 2068 1524 2100 GM.
1543 2070 1618 2101 GC.

159 2107 234 2140 Pal.
250 2112 370 2139 5.-56
394 2109 486 2148 Lege
503 2119 544 2139 ex
562 2109 669 2139 tribus
686 2111 810 2140 uostris
827 2111 961 2141 hilarum
987 2114 1016 2140 te
1031 2111 1126 2149 suem
1155 2111 1262 2141 ceteri
1290 2114 1319 2141 te
1336 2111 1405 2150 fiw.
1430 2111 1530 2143 Bent.
1580 2113 1622 2144 Te

147 2149 223 2188 sace
238 2151 340 2182 Both.
355 2151 434 2191 Bip.
454 2151 578 2190 Delpb.
597 2152 687 2183 I’erl.
736 2154 778 2183 Te
793 2153 851 2191 sac
868 2154 929 2184 ΒΓ.
974 2153 1128 2194 Ilylurem
1144 2153 1257 2185 Gueit'.
1274 2157 1392 2185 3.—-57
1420 2155 1530 2185 Abest
1546 2157 1619 2188 illuc

157 2195 200 2225 ab
214 2194 433 2225 eodem.-—58
456 2194 597 2234 Legitur
609 2199 644 2225 et
656 2195 738 2230 illuc,
751 2201 785 2226 et
796 2196 843 2226 illi
855 2195 1109 2227 adverbialiter.
1145 2196 1294 2228 Videtur
1309 2201 1421 2228 autem
1438 2199 1549 2235 potius
1566 2209 1620 2230 rus

155 2237 359 2277 intelligere,
375 2246 477 2277 quam
495 2237 689 2268 Psaltriam.
711 2239 812 2270 PVest.
852 2239 907 2270 Illi
923 2239 1026 2270 Bent.
1042 2239 1142 2269 Both.
1158 2240 1240 2279 Bip.
1274 2240 1412 2270 Prorsus
1427 2240 1476 2270 illi
1493 2242 1618 2282 Delpb.

155 2283 242 2312 -59
266 2281 336 2319 Ego
350 2280 430 2311 istuc
444 2281 562 2311 videro.
595 2280 733 2312 Viderit
759 2281 928 2322 Gnyetus‚
952 2281 1008 2322 qni
1032 2281 1070 2312 τὸ
1096 2283 1166 2321 Ego
1193 2289 1401 2322 expunctum
1428 2285 1511 2322 vult,
1538 2295 1619 2317 num

155 2324 165 2358 f
186 2323 304 2354 videro
320 2324 328 2337 '
341 2328 378 2354 et
398 2324 406 2340 ‘
424 2323 547 2354 videris
559 2322 568 2336 '
584 2324 657 2355 sine
675 2325 872 2363 pronomine
890 2325 1064 2365 prae—misso
1081 2325 1231 2356 dixerint
1245 2332 1391 2357 veteres.
1425 2325 1515 2358 And.
1532 2337 1571 2359 ιι.
1588 2332 1618 2360 ὃ.

154 2368 208 2400 25.
230 2366 239 2383 ‘
253 2366 325 2407 Ego
341 2366 439 2397 istaec
453 2371 558 2402 recte,
574 2372 612 2397 ut
628 2366 722 2406 fiant,
740 2366 878 2398 videro.'
927 2368 1037 2399 Plaut.
1058 2368 1161 2398 Mese.
1180 2377 1218 2398 11.
1236 2370 1266 2400 3.
1287 2371 1360 2399 111.
1384 2370 1393 2385 ‘
1409 2369 1524 2400 lstanc
1546 2381 1617 2402 rem

155 2417 218 2448 ego
235 2416 329 2441 recte
345 2408 484 2440 videro?
511 2410 695 2441 West.—60
721 2411 790 2450 Ego
803 2410 883 2441 istuc
899 2410 1018 2448 videro,
1036 2412 1138 2451 Atque
1154 2411 1201 2442 illi
1218 2411 1342 2449 favillae
1361 2412 1464 2451 plenu,
1473 2412 1571 2452 fumi,
1588 2419 1617 2446 et

150 2452 290 2491 pollinis.
322 2452 438 2483 Codex
455 2459 570 2483 noster
588 2452 786 2484 veterrimus
803 2463 877 2484 cum
894 2455 1001 2484 altero
1020 2454 1142 2494 Regni,
1157 2455 1258 2494 Atque
1284 2454 1329 2485 ibi
1346 2455 1485 2492 fiwillae.
1531 2457 1614 2488 Cum

155 2500 269 2526 autem
287 2496 395 2526 ceteri
413 2504 528 2525 omnes
551 2494 702 2526 habeant
718 2497 766 2526 illi
785 2497 838 2526 vel
853 2496 931 2534 illic,
947 2506 1157 2536 apponemus
1176 2497 1288 2535 potius
1304 2497 1407 2538 Atque
1424 2499 1527 2537 priori
1543 2510 1616 2529 ver-

154 2538 219 2577 sui,
241 2538 289 2569 sic
304 2544 342 2569 ut
357 2538 402 2569 At
417 2538 522 2578 priori
535 2538 648 2577 detur,
663 2548 719 2578 que
736 2540 926 2578 posteriori.
974 2540 1042 2578 Ego
1059 2541 1139 2570 istuc
1154 2541 1272 2578 vitlem),
1289 2544 1382 2580 atque
1403 2541 1460 2572 Illi
1476 2542 1613 2580 fiwilloe.

152 2579 210 2612 Sic
238 2581 318 2612 alibi
343 2586 395 2612 ter
419 2587 621 2621 quaterque.
668 2581 782 2621 Atque
808 2583 870 2613 hoc
897 2583 996 2621 longe
1023 2583 1157 2619 melius,
1184 2593 1281 2623 quam
1308 2589 1345 2613 ut
1375 2584 1560 2616 secundam
1579 2587 1612 2617 in

148 2622 272 2659 sat-illae
288 2624 524 2663 corripiamus,
551 2623 639 2663 quod
658 2624 794 2663 qnidam
811 2625 907 2655 facit.
932 2626 1027 2655 Bent.
1075 2625 1175 2656 Both.
1204 2626 1431 2662 legitvide1·o;
1455 2631 1484 2658 et
1511 2629 1566 2660 Illi
1581 2630 1613 2667 f.

155 2667 259 2706 Atque
274 2666 322 2697 illi
336 2666 393 2696 ΒΓ.
408 2667 446 2697 Ζ.
466 2666 559 2696 Peri.
610 2666 743 2701 Videro;
765 2672 859 2706 atque
876 2668 925 2697 Ibi
952 2667 1078 2705 Delph.
1126 2667 1187 2698 Illa
1212 2668 1379 2699 GM.——(31
1408 2669 1533 2700 Praeter
1558 2672 1615 2702 hac

155 2708 344 2739 Both.—62
370 2710 451 2740 Par.
470 2718 530 2748 pro
547 2718 616 2738 var.
633 2709 772 2747 stipulas.
797 2709 975 2740 perr-433
995 2710 1109 2741 Malim
1126 2711 1259 2741 Places:
1284 2717 1320 2741 ut
1337 2721 1430 2751 saepe
1446 2713 1525 2743 alibi
1542 2714 1613 2746 lraec

155 2756 407 2790 permutantur.
432 2752 529 2782 Bent.
574 2751 631 2781 Ita
649 2757 684 2781 et
710 2752 812 2783 Both.
846 2752 926 2783 Par.
950 2761 1011 2793 pro
1029 2763 1098 2783 var.
1114 2764 1204 2793 quam
1219 2753 1398 2784 carbonem:
1423 2764 1486 2786 non
1506 2764 1612 2788 recte.

157 2793 332 2826 Peru-64
355 2794 422 2826 Un.
440 2794 508 2826 Ms.
526 2794 614 2825 Pau.
640 2794 724 2825 Tunc
741 2804 932 2835 perperam.
967 2795 1162 2828 Dictionem
1176 2800 1266 2837 atque
1282 2804 1317 2828 et
1334 2807 1409 2838 quan
1425 2806 1611 2840 sequuntur
