1966 3302
313 223 399 267 572
810 235 849 265 P.
883 233 1127 266 'rERnN'ru
1159 235 1276 267 Arm

316 329 453 381 Quod
493 335 636 373 tamen
670 342 787 372 nunc
820 329 1011 372 faciam:
1041 333 1147 381 tum,
1178 342 1279 371 cum
1315 334 1488 383 gratum
1525 331 1633 372 mihi
1678 343 1775 372 esse

487 400 646 453 potuit,
675 399 810 440 nolui.

315 465 463 508 Nemo
495 471 565 507 est
593 467 796 508 miserior
823 478 905 506 me.
966 465 1049 507 SY.
1083 464 1175 507 Hic
1206 465 1262 507 de
1290 466 1449 507 nostris
1485 466 1631 507 verbis
1663 471 1779 510 errat

489 534 717 585 videlicet,

318 600 434 652 Quae
454 601 528 643 hic
549 615 704 643 sumus
727 601 879 643 locuti.
941 600 1102 653 Clinia,
1125 601 1256 643 aliter
1273 604 1396 642 tuum
1419 613 1624 652 amorem,
1645 605 1779 656 atque

490 673 573 721 est,
596 671 790 724 accipis:

318 737 442 779 Nam
463 742 508 780 et
526 738 619 779 vita
637 742 707 778 est
727 737 897 787 eadem,
918 741 962 779 et
983 738 1155 778 animus
1177 742 1222 779 te
1245 750 1346 790 erga
1366 737 1498 788 idem,
1520 750 1575 778 ac
1594 737 1703 788 fuit;

319 804 549 856 Quantum
569 819 626 847 ex
646 805 748 859 ipsa
767 819 813 846 re
834 805 1133 859 conjecturam
1153 807 1369 859 cepimus.
1723 805 1783 846 25

320 874 464 915 ΟΜΝ.
495 873 616 924 Quid
646 877 728 924 est,
760 875 947 916 obsecro
961 875 981 915 ¹?
1012 887 1114 916 nam
1134 873 1243 915 mihi
1263 886 1382 915 nunc
1401 872 1511 914 nihil
1529 885 1670 914 rerum
1691 885 1782 913 om-

491 942 614 983 nium
638 941 695 984 'st

321 1010 459 1062 Quod
480 1011 648 1060 malim,
676 1023 811 1064 quam
830 1023 898 1051 me
918 1010 1000 1051 hoc
1020 1009 1135 1051 falso
1156 1009 1440 1064 suspicarier.

322 1079 406 1120 SY.
437 1078 543 1120 Hoc
564 1079 766 1133 primum,
788 1084 834 1120 ut
854 1092 909 1119 ne
932 1078 1037 1133 quid
1056 1079 1186 1134 hujus
1207 1092 1348 1120 rerum
1368 1078 1572 1131 ignores3
1604 1090 1717 1118 anus

323 1145 441 1196 Quae
464 1151 536 1188 est
556 1146 680 1188 dicta
698 1151 839 1188 mater
861 1159 964 1187 esse
994 1147 1036 1187 ei
1057 1147 1259 1196 antehac,
1281 1160 1367 1187 non
1386 1145 1497 1187 fuit:

322 1214 392 1255 Ea
413 1213 523 1256 obiit
541 1218 747 1256 mortem:
777 1215 860 1256 hoc
881 1214 987 1268 ipsa
1005 1215 1051 1255 in
1071 1213 1226 1255 itinere
1249 1215 1400 1256 alterae
1728 1214 1786 1255 30

324 1347 477 1379 Attamen
490 1357 571 1379 nunc
586 1347 624 1378 ab
639 1357 675 1378 ea
697 1357 745 1378 me
768 1347 957 1385 abstrahant,
979 1347 1032 1387 qui
1058 1350 1143 1385 tunc,
1169 1357 1237 1378 cum
1259 1347 1337 1378 mihi
1356 1346 1458 1388 patris
1478 1346 1618 1386 gratiam
1632 1347 1793 1378 conciliare

322 1391 425 1431 potui,
453 1401 519 1422 eam
548 1390 719 1431 relinquere
741 1391 836 1422 nolui.
883 1391 984 1421 Nemo
1005 1390 1086 1421 vivit
1108 1400 1155 1421 me
1177 1390 1342 1429 infelicior.
1387 1391 1448 1421 SY.
1474 1390 1541 1421 Hic
1572 1391 1678 1422 Clinia
1705 1393 1792 1421 errat

322 1437 451 1474 propter
466 1433 571 1474 verba,
587 1444 654 1474 quae
670 1434 721 1464 hic
735 1434 828 1464 locuti
843 1444 958 1464 sumus.
1006 1434 1035 1464 O
1055 1433 1186 1465 Clinia!
1207 1434 1244 1464 de
1259 1438 1312 1465 tuo
1327 1434 1421 1464 aliter
1433 1433 1561 1471 ‚iudicas
1574 1443 1688 1473 amore,
1701 1442 1793 1474 quam

325 1487 448 1517 (equum
465 1480 535 1508 est:
558 1487 630 1508 nam
645 1478 752 1507 modus
773 1477 900 1508 vivendi
922 1476 1014 1515 hujus
1038 1477 1151 1517 puellae
1174 1477 1256 1508 idem
1280 1479 1340 1515 est,
1365 1480 1397 1508 et
1419 1476 1542 1507 unimus
1563 1476 1627 1516 qius
1642 1476 1723 1508 idem
1746 1480 1794 1507 est

327 1530 403 1559 erga
420 1524 462 1559 te,
479 1530 515 1551 ac
526 1520 616 1560 prius
634 1519 704 1558 fuit
716 1530 729 1556 ‚·
752 1523 897 1560 quantum
912 1529 952 1550 ex
966 1519 1036 1559 ipsa
1050 1529 1084 1550 re
1097 1519 1282 1558 conjiciendo
1292 1520 1372 1551 scire
1384 1520 1551 1560 potuimus.
1597 1519 1660 1550 CL.
1679 1520 1793 1555 Quoeso

327 1563 400 1604 quid
416 1567 462 1594 est
478 1565 556 1603 quod
571 1563 671 1595 dicis?
697 1562 790 1594 Nihil
804 1563 885 1594 enim
899 1566 947 1594 est
960 1572 1000 1594 ex
1015 1562 1152 1593 omnibus
1171 1563 1275 1602 rebuS,
1296 1563 1376 1604 quod
1401 1562 1481 1593 mihi
1502 1562 1628 1601 gratius
1642 1562 1686 1593 sit
1700 1572 1793 1602 quam

328 1617 375 1637 me
391 1606 424 1637 in
431 1607 551 1645 falsam
564 1606 769 1647 suspicionem
783 1606 911 1637 venisse.
955 1606 1017 1636 SY.
1043 1605 1192 1646 Inprimis
1213 1606 1268 1637 hoc
1292 1609 1324 1637 te
1347 1606 1426 1637 scire
1448 1605 1552 1644 velim,
1575 1615 1613 1636 ne
1632 1606 1793 1646 quicquam

328 1659 432 1681 rerum
446 1650 621 1689 Antiphilae
635 1649 782 1689 ignores:
806 1650 907 1680 vetula
922 1649 977 1680 illa
991 1649 1116 1687 mulier,
1143 1659 1210 1690 quae
1232 1652 1303 1680 ante
1325 1648 1380 1680 hoc
1402 1653 1521 1690 tempus
1535 1648 1654 1679 credita
1667 1652 1711 1679 est
1728 1647 1794 1687 ejus

328 1697 441 1735 mater,
456 1693 616 1731 nonfuit:
637 1703 674 1724 ea
688 1694 792 1725 vetula
805 1696 928 1724 mortua
943 1696 1000 1723 est.
1047 1692 1117 1723 Hoc
1131 1692 1273 1723 inaudivi
1290 1692 1392 1732 forte,
1409 1693 1482 1722 dum
1497 1691 1564 1733 ipsa
1580 1691 1747 1733 Antiphila
1762 1691 1796 1722 id

951 1777 1193 1790 NW‘ON‘N

333 1845 458 1887 passim
472 1845 574 1877 habes
589 1856 596 1875 :
614 1845 798 1886 Expellere
815 1845 857 1876 ab
878 1845 987 1876 amica
1002 1855 1182 1886 nusquam.
1216 1844 1345 1875 Credas
1363 1842 1477 1884 potius
1494 1842 1536 1874 ab
1551 1846 1692 1874 auctore
1708 1852 1798 1883 esse,

335 1890 373 1921 ab
388 1890 505 1920 hacine
521 1889 662 1920 avellere.
707 1888 774 1919 Sed
801 1894 837 1919 et
863 1889 927 1919 hoc
955 1889 1200 1929 Magistrorum
1222 1886 1354 1918 facinus
1382 1891 1448 1926 est,
1473 1886 1530 1925 qui
1555 1885 1660 1917 verba
1686 1886 1798 1916 onmia

335 1933 485 1973 antiquae
503 1931 626 1963 indolis
642 1931 837 1962 eTerentio
851 1932 966 1972 ejecta
991 1932 1188 1972 cupiebant.
1231 1931 1281 1961 Tu
1309 1939 1448 1970 repone,
1472 1929 1633 1960 Monuisse
1648 1928 1798 1967 frustra.-

335 1986 430 2016 neque
440 1985 509 2006 eum
521 1974 660 2016 potuisse
673 1984 808 2015 unquam
824 1974 862 2004 ab
876 1975 935 2005 hac
947 1984 994 2006 me
1017 1973 1187 2016 uspellere!
1211 1973 1315 2004 Beni.
1357 1973 1558 2013 ‘Expeller-e.
1603 1972 1672 2002 Hic
1694 1972 1799 2002 iuter-

337 2018 522 2059 rogationis
538 2021 653 2049 notam
677 2017 758 2058 poni
783 2017 855 2048 vult
871 2018 962 2058 Guy.
985 2018 1207 2058 miraturque,
1230 2016 1399 2047 neminem
1427 2020 1507 2046 ante
1536 2024 1572 2046 se
1597 2014 1633 2045 id
1660 2014 1799 2045 vidisse.

335 2063 464 2094 Verum
489 2062 538 2092 ita
566 2070 677 2102 neque
706 2061 863 2100 proxime
892 2061 1104 2100 praecedens,
1128 2069 1237 2100 neque
1263 2068 1409 2099 sequens
1437 2068 1486 2090 vs.
1515 2058 1599 2089 satis
1627 2056 1802 2088 cohaeret!

342 2105 444 2145 West.
489 2104 590 2135 Both.
604 2103 740 2144 potuisse
754 2113 802 2134 me
816 2114 953 2144 unquam
973 2104 1011 2134 ab
1032 2104 1065 2135 Ιι.
1092 2103 1256 2144 expellere.
1291 2100 1408 2133 Guelf.
1433 2104 1464 2132 3.
1489 2101 1528 2132 ab
1550 2101 1608 2132 hac
1630 2109 1676 2132 re.
1721 2101 1801 2141 Bip.

334 2148 469 2190 potuisse
484 2157 552 2178 eum
567 2157 703 2187 unquam
717 2156 764 2177 me
778 2146 816 2177 ab
829 2146 886 2177 hac
900 2149 1059 2186 exp.-—2l
1084 2146 1175 2186 Guy.
1189 2147 1277 2177 citra
1292 2145 1459 2176 rationem
1483 2143 1573 2175 huuc
1598 2153 1646 2175 vs.
1670 2152 1802 2184 expun-

339 2191 402 2229 git.
448 2191 487 2221 In
502 2190 702 2231 quibusdam
717 2189 801 2220 libb.
818 2194 894 2221 est:
922 2190 962 2225 Q.
979 2191 1102 2221 tandem
1117 2199 1197 2220 nunc
1209 2187 1343 2227 sociam,
1365 2197 1466 2219 sensu
1487 2186 1592 2218 nihilo
1618 2186 1802 2218 deteriore.

342 2233 443 2265 West.
488 2232 498 2249 ‘
509 2233 610 2273 Vulg.
626 2232 768 2273 legitur,
786 2233 876 2268 Quod
890 2236 994 2264 tamen
1010 2242 1113 2269 ηιιησς
1137 2231 1197 2263 sed
1213 2231 1341 2272 opponi
1357 2229 1559 2268 debentjam
1574 2239 1656 2260 nunc
1669 2233 1703 2261 et
1719 2232 1805 2266 tuuc,

340 2286 450 2317 neque
466 2275 764 2314 committendum,
785 2281 823 2306 ut
838 2286 919 2306 nime
934 2276 1042 2307 lateat
1059 2276 1091 2306 in
1109 2275 1207 2306 thesi.
1230 2273 1284 2306 Cf.
1309 2273 1394 2305 324!
1417 2274 1514 2304 Both.
1543 2273 1601 2314 qui
1626 2272 1685 2303 dat
1713 2272 1804 2307 Quod

339 2319 403 2350 iam
419 2319 623 2358 nuncf.—25
651 2318 808 2358 Cepimus.
855 2319 954 2350 Hanc
971 2320 1051 2350 lect.
1069 2323 1184 2349 tuetur
1200 2317 1278 2349 Riv.
1303 2321 1424 2348 contra
1449 2316 1591 2347 aliorum
1616 2315 1703 2346 Mss.
1718 2314 1803 2353 feci-

341 2373 429 2394 mus.-
452 2361 544 2403 quod
562 2366 638 2402 post
651 2362 711 2393 Fa.
728 2362 846 2392 laudat
860 2361 951 2402 Guy.
967 2362 1000 2392 in
1018 2361 1139 2402 glossis
1155 2361 1239 2392 Mss.
1282 2360 1323 2391 In
1340 2360 1405 2391 Ms.
1421 2360 1514 2399 Lips.
1541 2362 1595 2390 est
1621 2357 1804 2398 accepimus.

344 2406 455 2436 West.
500 2405 510 2422 ‘
527 2405 625 2436 Solus
641 2405 738 2436 Bem.
753 2404 918 2442 fecimus5
941 2414 1057 2436 omnes
1072 2405 1130 2435 alii
1156 2407 1325 2445 quotquot
1349 2406 1442 2442 sunt,
1462 2400 1616 2442 cepimus:
1640 2410 1741 2442 quam
1768 2406 1805 2431 et

343 2458 459 2479 veram
487 2448 571 2478 lect.
593 2447 760 2478 arbitror:
785 2448 868 2478 licet
895 2451 932 2478 et
959 2447 1017 2478 illa
1043 2448 1152 2478 altera
1176 2451 1267 2478 stare
1295 2443 1426 2486 possit!
1454 2444 1510 2475 Fa.
1555 2443 1717 2475 ‘Deserit
1743 2443 1805 2474 hic

345 2491 444 2522 Bem.
474 2499 570 2522 suum
598 2491 658 2522 Fa.
702 2491 777 2530 Ego
804 2499 886 2521 vero
913 2499 955 2520 ex
980 2490 1039 2521 illo
1053 2489 1189 2528 fecimus
1212 2489 1362 2528 ascisc03
1389 2486 1541 2528 quamvis
1565 2486 1674 2518 nostri
1701 2487 1805 2517 etiam

346 2543 464 2564 omnes
500 2533 647 2573 cepimus.
693 2533 868 2573 Nusquam
898 2533 997 2563 aliter
1026 2532 1180 2564 Noster.’
1214 2532 1311 2563 Bent.
1359 2530 1440 2562 Hel.
1466 2528 1615 2568 facimus.
1662 2528 1806 2569 Cepimus

347 2576 432 2607 dant
447 2576 506 2607 Br.
521 2576 622 2607 Both.
638 2575 678 2606 Z.
723 2576 866 2606 Fecimus
882 2575 962 2615 Bip.
989 2576 1171 2606 Peri—26
1194 2575 1296 2606 Both.
1324 2574 1410 2609 Quid
1435 2574 1469 2603 id
1494 2572 1627 2611 obsecro,
1654 2573 1807 2603 cst?-—28

348 2619 439 2650 Scias
454 2624 532 2659 post
542 2619 679 2659 primum
696 2617 811 2649 Guelf.
826 2621 858 2650 3.
901 2620 910 2635 ‘
927 2618 1070 2649 Primum
1085 2619 1188 2649 dicam
1202 2618 1269 2649 Ms.
1292 2616 1387 2648 Par!
1413 2615 1497 2647 Perl-
1540 2616 1550 2632 ‘
1566 2615 1643 2646 Non
1669 2613 1808 2644 audien-

350 2662 413 2692 dus
437 2662 529 2701 Guy.
557 2670 754 2701 expungens
775 2660 814 2691 τὺ
837 2660 963 2692 rerum?
987 2662 1182 2692 West.—30
1207 2661 1277 2691 Hoc
1302 2660 1370 2701 ipsa
1393 2659 1428 2690 in
1450 2658 1564 2689 itinere
1588 2658 1706 2689 alteroe.
1749 2656 1807 2687 Sic

349 2705 455 2735 habet
478 2710 513 2735 et
530 2704 726 2734 Priscianus
743 2713 776 2743 p.
791 2706 867 2735 678.
909 2705 1037 2735 Tamen
1053 2704 1126 2735 haec
1142 2714 1161 2735 a
1177 2703 1355 2744 Magistris
1377 2700 1586 2741 interpolata
1611 2709 1684 2730 esse
1707 2699 1809 2730 velie·

351 2757 447 2778 mens
462 2746 609 2787 suspicio
626 2751 691 2777 est.
740 2747 798 2777 Bis
814 2751 947 2777 tantum
963 2747 1026 2777 iter
1043 2747 1074 2777 in
1092 2757 1171 2778 casu
1186 2747 1324 2787 obliquo
1335 2746 1464 2777 Noster
1478 2748 1630 2783 usurpat,
1652 2743 1706 2773 hic
1722 2746 1757 2773 et
1774 2742 1807 2772 in

353 2790 571 2822 Phormione.
617 2789 699 2829 Hic,
716 2793 753 2821 et
769 2789 867 2821 CCC.
883 2794 919 2821 et
935 2799 978 2821 ex
993 2790 1109 2831 Regiis
1125 2799 1210 2822 unus
1229 2799 1268 2821 esc
1283 2790 1351 2830 ipsa
1365 2787 1510 2819 liabent:
1535 2791 1704 2827 praeterea
1722 2786 1807 2825 Reg.
