1966 3302
287 268 400 312 loe-2
779 275 821 304 Ρ.
854 271 1093 302 ΤΕΕΕΝΤιι
1129 271 1244 302 Arm

289 377 380 419 Sed
410 387 491 429 ego
520 385 630 413 nunc
666 369 770 411 mihi
803 380 945 418 cesso,
981 368 1059 421 qui
1086 380 1171 408 non
1202 367 1430 408 humerum
1463 367 1577 408 hunc
1608 379 1743 408 onero

495 440 618 488 allio,

291 512 443 566 Atque
461 457 682 550 {ominem
702 502 886 559 propero
908 502 1113 552 invenire,
1144 510 1193 543 ut
1212 502 1324 552 haec,
1348 514 1449 556 quae
1469 501 1746 554 contigerint,

465 577 581 618 sciat
594 575 612 615 ’ἒ
1717 570 1746 609 5

292 649 387 692 AN.
420 645 541 688 Num
561 647 606 684 tu
627 640 849 694 intelligis,
869 639 940 680 hic
961 638 1068 692 quid
1089 639 1266 680 narret?
1327 638 1489 680 PHoR.
1521 636 1645 680 Num
1664 636 1746 677 tu?

464 712 561 755 AN.
595 710 730 752 Nihil.
791 707 950 748 PHOR.
979 706 1274 748 Tantumdem
1297 719 1391 759 ego.

293 785 382 826 GE,
415 781 488 824 Ad
524 781 724 821 lenonem
755 776 854 817 hino
892 777 953 816 ire
990 788 1197 829 pergam:
1230 775 1293 816 ibi
1328 786 1446 815 nunc
1482 776 1594 815 sunt.
1653 771 1747 812 AN.

464 849 596 891 Heus
618 845 767 887 Geta!
827 844 918 886 GE.
951 844 1068 885 Hem
1089 844 1194 885 tibi!

294 921 417 963 Num
435 918 608 965 mirum,
631 918 708 956 aut
726 925 888 954 novum
910 916 991 962 est,
1012 911 1223 962 revocari,
1247 922 1427 952 cursum
1447 922 1547 951 cum
1575 908 1748 951 institu-

466 985 587 1026 eris?
648 982 740 1024 AN.
774 980 903 1022 Geta.
1472 1016 1475 1019 ,

297 1057 455 1099 PHOR.
488 1051 639 1105 Pergit
659 1049 819 1091 hercle.
880 1047 969 1089 GE.
1003 1046 1250 1100 Nunquam
1271 1050 1320 1087 tu
1340 1045 1444 1087 odio
1466 1048 1541 1087 tuo
1564 1059 1634 1086 me
1657 1045 1751 1086 vin-

468 1134 556 1164 ces.
616 1118 712 1160 AN.
746 1118 850 1159 Non
869 1116 1057 1157 manes?

295 1193 388 1236 GE.
409 1189 678 1244 Vapulabis.
739 1185 835 1228 AN.
858 1185 912 1227 Id
935 1183 1115 1238 quidem
1137 1182 1218 1224 tibi
1232 1181 1330 1237 jam
1349 1182 1438 1233 fiet,
1457 1181 1544 1223 nisi
1566 1181 1753 1232 resistis,

467 1255 677 1300 verbero!
1697 1250 1754 1290 10

297 1360 371 1401 quid
385 1369 441 1399 ego
454 1361 580 1390 cunctor
595 1360 626 1387 et
640 1365 722 1387 cesso
733 1356 765 1386 in
781 1354 877 1396 officio
889 1363 967 1390 meo,
977 1351 1030 1393 qui
1046 1361 1106 1382 non
1113 1351 1244 1392 pallium
1259 1350 1382 1390 colligo,
1393 1349 1469 1380 etin
1484 1349 1625 1380 humeros
1638 1347 1759 1388 rejicio,

295 1399 539 1443 (Antiphonem)
550 1400 741 1439 festinanter
767 1407 881 1438 quaero,
900 1400 935 1427 ut
950 1396 1016 1426 haec
1030 1405 1098 1436 quae
1112 1394 1281 1425 acciderint
1296 1393 1422 1431 resciat,
1437 1395 1554 1423 noscat.
1599 1391 1669 1422 AN.
1693 1391 1758 1421 Ec-

297 1447 370 1486 quid
387 1449 487 1476 mente
501 1443 644 1484 percipis,
661 1452 728 1483 quae
746 1442 829 1471 Gela
852 1441 912 1470 iste
933 1441 1172 1469 commemorat?
1217 1437 1286 1467 Pu.
1312 1435 1436 1476 Ecquid
1457 1438 1517 1466 tu?
1559 1432 1630 1465 ΑΝ.
1653 1433 1757 1465 Nihil.

299 1490 372 1520 Pu.
400 1489 591 1519 Tantundem
615 1496 682 1525 ego.
728 1484 794 1515 GE.
817 1483 869 1514 Aa
891 1484 1029 1513 lenonem
1055 1481 1127 1512 hinc
1148 1489 1277 1520 pergere
1299 1480 1376 1510 volo.
1421 1478 1474 1509 Ibi
1495 1477 1530 1508 in
1552 1476 1618 1516 ejus
1638 1476 1758 1508 aedz'bus

298 1542 379 1562 1111ηο
393 1535 464 1562 suut
476 1542 486 1561 .·
508 1530 627 1561 scilicet
642 1528 794 1568 Antipho,
809 1530 840 1557 et
858 1525 1020 1556 Phaedria.
1044 1523 1115 1555 ΑΝ.
1141 1523 1230 1554 Heus
1248 1522 1346 1560 Geta,
1359 1521 1444 1553 audi.
1488 1520 1555 1552 GE.
1579 1520 1666 1551 Hem
1679 1519 1757 1551 tibi:

298 1585 358 1606 non
375 1575 500 1613 mirum,
517 1576 570 1604 aut
587 1572 743 1602 insolitum
759 1573 816 1610 est,
832 1579 887 1600 nos
903 1568 972 1599 sisti
988 1571 1018 1598 et
1032 1566 1174 1606 retineri,
1189 1575 1258 1596 cum
1265 1565 1422 1603 festinare
1437 1563 1641 1595 instituimus.
1686 1561 1760 1594 ΑΝ.

302 1618 398 1649 Geta.
436 1618 508 1647 Pu.
535 1617 601 1646 Per
618 1614 789 1645 Herculem
814 1621 937 1643 cursum
952 1612 1122 1641 continuat.
1167 1609 1235 1641 GE.
1259 1608 1375 1648 Pergit
1388 1617 1472 1644 sune,
1487 1616 1642 1646 nunquam
1657 1608 1759 1636 tamen

300 1665 355 1691 tua
384 1659 620 1700 importunitate
648 1656 851 1696 consequeris,
880 1658 915 1686 ut
944 1663 1066 1684 cursum
1091 1652 1310 1684 intermittam.
1355 1649 1425 1682 ΑΝ.
1460 1650 1535 1681 Non
1564 1649 1616 1680 hic
1643 1658 1761 1688 manes,

303 1704 409 1734 Geta?
453 1703 519 1733 GE.
549 1703 673 1735 Quaeris
695 1699 835 1730 verbera.
881 1696 1090 1728 Proculdubio
1111 1705 1190 1726 unus
1211 1698 1258 1726 est
1281 1705 1320 1726 ex
1342 1693 1511 1725 curialibus
1534 1692 1607 1723 istis
1626 1692 1760 1723 servulis

300 1748 353 1787 qui
368 1757 415 1778 me
429 1749 528 1777 cocat.
573 1743 644 1776 AN.
670 1744 811 1784 Idipsum
826 1741 947 1782 quidem
962 1740 1024 1771 nisi
1046 1739 1134 1770 sistis
1153 1740 1300 1779 gradum,
1317 1741 1384 1769 tute
1404 1735 1610 1777 consequeris,
1624 1734 1761 1777 flagrio.

912 1835 1152 1849 eeeeeeeeeeee

303 1909 385 1939 Wit.
408 1907 482 1948 quin
504 1916 584 1938 nnnc
606 1906 767 1937 humerum
788 1913 888 1935 onero.
923 1904 932 1920 ‘
946 1904 1014 1935 Gu.
1029 1905 1058 1934 1.
1074 1907 1110 1933 et
1129 1901 1208 1933 Hel.
1227 1908 1360 1932 est-onero
1382 1897 1545 1933 dilucide,
1569 1900 1608 1928 ut
1632 1895 1758 1928 dudum

303 1951 387 1992 legit
403 1951 505 1982 etiam
532 1949 640 1981 Glar!
666 1949 828 1979 Bam—5
856 1947 923 1978 Hic
945 1947 1116 1978 Rom—6
1141 1946 1264 1975 Narrat
1279 1940 1392 1974 Guelf.
1406 1944 1437 1972 3.
1473 1939 1596 1971 Boend.
1611 1940 1684 1971 ΕΡ.
1701 1949 1761 1970 non

303 1995 336 2025 111
356 2000 502 2034 utroque
518 1993 593 2024 loco
611 2002 671 2033 pro
687 2002 758 2022 mim
772 2002 782 2021 .·
806 2000 882 2022 111οΧ
899 1990 949 2020 hic
963 1990 1036 2030 quid
1052 1989 1102 2019 hic
1115 1989 1278 2018 Ben1.——7
1302 1985 1354 2016 Ire
1369 1984 1461 2014 delet
1477 1983 1644 2014 Both.-s
1668 1983 1762 2023 Lege

305 2037 422 2068 ordine
440 2038 574 2067 inverso
588 2044 699 2066 notum
712 2037 765 2064 aut
782 2033 906 2072 mirum,
923 2041 1063 2062 numero
1077 2031 1229 2061 meliore.
1274 2029 1384 2059 Recte
1397 2028 1500 2058 etiam
1517 2026 1608 2065 Guy.
1625 2035 1668 2057 ex
1684 2024 1762 2056 cod.

305 2081 444 2121 scriptis
462 2079 637 2110 Institeris:
659 2087 757 2108 versu
787 2076 990 2115 abnegante.
1014 2075 1111 2105 Bent.
1158 2077 1166 2090 ‘
1183 2074 1265 2104 Mss.
1290 2075 1326 2102 et
1350 2069 1505 2110 impressi
1529 2068 1665 2110 quidam
1688 2068 1763 2099 Non

307 2122 443 2154 mirum!
468 2123 576 2153 West.
602 2122 686 2152 Mox
703 2120 858 2151 institeris
884 2119 972 2150 Bod.
994 2117 1076 2157 Bip.
1099 2116 1255 2147 restiteris
1273 2114 1340 2145 Gu-
1357 2116 1454 2144 1.-—9
1479 2112 1547 2144 Hic
1562 2121 1678 2142 versus
1694 2120 1764 2142 om-

305 2168 355 2198 nis
372 2167 404 2197 in
424 2165 533 2197 Codd.
551 2164 751 2206 quibusdam
771 2162 934 2193 tribuitur
960 2159 1161 2201 Antiphoni.
1205 2158 1246 2189 In
1274 2157 1349 2187 aliis
1374 2157 1485 2187 aliter.
1531 2155 1708 2196 Numquam
1728 2157 1764 2185 tu

304 2210 374 2243 odio
389 2214 440 2240 tuo
455 2219 503 2239 me
513 2207 628 2248 vinces]
663 2206 820 2238 Gifanius
837 2206 869 2235 in
887 2204 964 2236 Ind.
981 2205 1119 2234 Lucret.
1137 2212 1170 2234 v.
1191 2201 1308 2232 Odiosa
1325 2200 1428 2231 verba
1443 2200 1516 2230 haec
1533 2199 1637 2229 etiam
1658 2197 1763 2228 Phor-

306 2253 408 2283 mioni
426 2252 567 2283 tribuit:
585 2251 675 2292 quod
694 2256 725 2281 et
740 2250 825 2280 Mss.
841 2254 876 2279 et
891 2247 1050 2287 impressi
1066 2245 1201 2288 quidam
1217 2244 1361 2275 faciunt.
1389 2243 1484 2273 West.
1518 2242 1632 2280 Pergit
1646 2240 1766 2272 hercle.-

305 2305 471 2335 numquam
485 2299 521 2326 tu
536 2298 588 2326 tuo
600 2294 668 2324 odio
683 2294 786 2324 vinces
801 2291 862 2332 me]
879 2290 948 2322 Alii
965 2291 987 2321 1.
1005 2300 1032 2321 s,
1044 2289 1167 2330 pergin,
1181 2289 1277 2319 Bem.
1290 2286 1396 2327 pergit
1410 2286 1530 2316 habet:
1549 2285 1626 2324 lego
1639 2288 1767 2322 autem,

305 2340 413 2379 pergis
439 2339 549 2376 hercle,
576 2338 781 2377 conjuncte:
807 2340 844 2366 ut
871 2339 906 2365 et
931 2334 964 2364 in
990 2333 1228 2364 Heautontim.
1251 2331 1260 2347 ‘
1282 2330 1372 2362 Quin
1400 2329 1481 2360 1111111
1507 2328 1685 2358 molestum
1703 2330 1766 2358 est.

308 2382 431 2421 Pergis
448 2380 584 2412 hercle!
608 2390 683 2421 quae
710 2388 790 2410 vero
816 2381 1016 2416 sequuntur,
1038 2385 1152 2407 omnes
1178 2373 1257 2405 libri
1280 2373 1331 2403 ita
1354 2372 1538 2408 collocant,
1560 2379 1716 2410 nunquam
1731 2372 1767 2399 tu

308 2426 377 2455 odio
393 2428 446 2456 tuo
460 2434 508 2455 me
523 2424 634 2454 vinces.
651 2423 710 2453 Fa.
746 2421 864 2453 Nostri
882 2420 1036 2460 plerique
1054 2418 1178 2457 Pergit.
1210 2417 1306 2448 Unus
1321 2412 1469 2454 Pergin?
1491 2414 1601 2446 hercle.
1636 2414 1765 2444 Recte:

310 2473 413 2508 atque
431 2468 479 2498 ita
496 2466 692 2507 legendum,
708 2465 832 2496 Heant.
849 2473 904 2494 111.
923 2466 954 2494 3.
971 2465 1023 2494 21.
1045 2471 1111 2492 non
1134 2461 1250 2499 Pergis
1273 2459 1387 2490 hercle.
1432 2458 1543 2488 Porro
1561 2465 1622 2497 pro
1646 2459 1683 2487 tu
1695 2454 1767 2486 odio

310 2511 420 2541 codex
442 2509 671 2542 Academicus
697 2508 787 2539 hodie
814 2506 928 2537 habet.
973 2505 1164 2544 Utrumque
1191 2503 1302 2533 retine
1330 2507 1365 2532 et
1392 2500 1441 2532 sie
1466 2509 1604 2541 repone,
1625 2498 1769 2538 Pergin?

311 2554 410 2584 hercle
425 2563 588 2593 numquam
605 2551 693 2582 hodie
705 2551 773 2581 odio
788 2553 821 2581 tu
835 2559 881 2580 me
896 2549 1012 2580 vinces.
1045 2548 1119 2578 Non
1134 2549 1258 2577 manes?
1280 2545 1380 2575 Bent.
1412 2544 1422 2560 ‘
1436 2543 1529 2584 cujus
1545 2542 1695 2573 rationes
1707 2539 1768 2571 mi-

312 2597 400 2627 uime
426 2595 683 2627 contenmendae
708 2592 892 2624 videntur!
919 2592 959 2622 R.
983 2592 1028 2621 D.
1076 2591 1141 2621 Tuo
1164 2589 1256 2619 delet
1276 2587 1464 2619 Banu—10
1493 2583 1676 2626 Vapulubis]
1712 2583 1769 2614 lta

312 2640 438 2670 diserte
454 2645 505 2669 est
521 2639 552 2669 in
570 2638 656 2669 Mss.
670 2636 789 2668 Leidd.
807 2636 968 2677 quinque,
983 2633 1082 2665 Bodl.
1096 2633 1156 2664 Tr.
1175 2632 1223 2664 Μ.
1240 2630 1363 2662 Boend.
1381 2634 1417 2661 et
1429 2629 1519 2670 Lips.
1531 2628 1592 2660 sed
1609 2625 1767 2668 Vapulabo

970 2720 1001 2752 N
1008 2718 1112 2751 OTAE

359 2792 399 2819 10
417 2788 434 2805 ’ἓ
450 2787 587 2819 Cur-iulis
599 2786 739 2826 vernula]
757 2785 851 2816 Servi
868 2784 1012 2815 curiales
1065 2781 1163 2815 mitia
1175 2779 1359 2815 celebratis
1375 2777 1626 2811 ministrabant.

314 2840 334 2871 ii
352 2844 449 2871 erant
466 2838 523 2880 qui
541 2839 574 2869 in
590 2837 694 2869 coenis
710 2842 789 2876 post
810 2836 944 2866 curiata
956 2844 1010 2866 co-
