1966 3302
545 217 769 249 nuNucffl
804 216 912 247 AcT.
937 216 984 246 v.
1015 215 1084 246 so.
1115 215 1202 245 vti.
1520 201 1606 244 521

156 315 427 370 Reliquom?
488 313 576 355 ΡΑ.
607 314 801 355 Tantum
824 316 907 353 est.
968 310 1054 351 LA.
1087 308 1230 351 Cesso
1262 308 1347 348 huc
1377 308 1586 349 introrum

324 382 457 438 pere?

155 452 245 494 ΡΑ.
277 451 380 493 Non
400 449 579 491 dubium
601 453 683 498 est,
706 448 809 502 quin
828 447 934 487 mihi
956 457 1163 498 magnum
1191 455 1250 484 ex
1269 442 1351 483 hac
1372 455 1418 482 re
1441 442 1497 483 sit
1516 455 1609 483 ma-

325 519 442 569 lum3

159 586 262 628 Nisi
283 587 389 640 quia
407 597 591 626 necesse
611 583 697 624 fuit
716 583 800 623 hoc
821 581 982 631 facere,
1005 581 1050 621 id
1073 578 1257 633 gaudeo,

158 654 346 707 Propter
365 666 434 693 me
454 653 578 693 hisce
601 650 770 704 aliquid
792 663 889 690 esse
910 654 1166 690 eventurum
1188 645 1308 687 mali.

159 721 277 763 Nam
292 720 386 775 jam
407 719 481 760 diu
503 719 697 772 aliquam
714 731 894 759 causam
917 718 1149 771 quaerebat
1171 727 1325 764 senem,
1555 712 1612 754 30

159 789 457 840 Quamobrem
477 788 649 840 insigne
669 786 835 839 aliquid
856 784 1020 827 faceret
1040 784 1122 826 his.
1183 782 1316 824 Nunc
1339 780 1516 835 reperit.

157 907 279 942 restat?
322 908 388 939 ΡΛ.
414 906 507 937 Nihil
521 910 671 947 preelerea
685 909 741 936 est.
790 906 853 936 LA.
879 904 964 940 Quid
981 913 1093 940 moror,
1116 902 1190 942 quin
1206 902 1288 932 intro
1303 901 1358 932 has
1373 900 1454 931 <edes
1469 901 1616 939 impetum

149 951 261 990 facim?
305 951 372 982 ΡΑ.
398 950 525 981 Certum
539 953 584 980 est
610 949 687 979 mihi
709 957 855 988 magnum
876 957 915 978 ex
940 947 996 978 hac
1020 956 1053 977 re
1080 946 1251 985 impendere
1274 944 1406 975 malum:
1430 944 1481 974 sed
1497 951 1615 973 necesse

150 995 220 1033 fuit
235 994 415 1033 hocsuctum
430 993 545 1031 referre
560 992 638 1029 seni,
655 996 689 1022 ut
694 992 767 1032 filio
782 1002 836 1022 suo
855 991 993 1021 Cliaereoe
1007 992 1207 1020 succurreret.
1252 988 1306 1018 Ex
1329 988 1383 1017 hoc
1396 988 1517 1025 gaudeo
1533 985 1614 1016 hisce

157 1037 378 1075 meretricibus,
391 1037 452 1066 mei
467 1045 571 1073 causa,
587 1035 710 1075 aliquod
728 1035 840 1065 mulum
847 1034 971 1072 factum
986 1033 1046 1063 iri.-
1075 1041 1146 1062 nam
1163 1032 1232 1069 jam
1250 1031 1370 1070 pridem
1392 1029 1527 1069 aliquam
1542 1038 1614 1058 cuu-

157 1090 223 1111 sam
236 1080 361 1120 optabat
375 1078 486 1110 habere
499 1089 605 1119 senex,
622 1082 657 1109 ut
670 1077 793 1118 aliquod
808 1077 931 1116 insigne
949 1076 1076 1115 facinus
1098 1074 1131 1105 in
1147 1073 1323 1105 meretrices
1345 1073 1421 1104 istas
1442 1073 1563 1103 ederet.-
1586 1070 1614 1101 is

157 1133 237 1155 nunc
251 1124 381 1154 invenit.

756 1182 937 1194 eeeeeeee
939 1182 997 1193 m

159 1247 311 1278 ius.—26
341 1246 444 1278 Forte
474 1245 639 1276 Reliclum.
676 1244 733 1276 Er.
777 1241 1025 1283 Introrumpere]
1073 1240 1140 1272 Alii
1167 1241 1251 1271 intro
1285 1240 1468 1280 irrumpere.
1525 1238 1617 1269 Non.

160 1290 371 1321 Marcellus:
399 1289 481 1319 intro
497 1297 647 1327 rumpere.
677 1287 721 1319 G.
741 1288 806 1318 Cur
820 1297 901 1317 cesso
915 1287 973 1316 huc
988 1286 1100 1317 intror.
1125 1283 1234 1316 West.
1267 1283 1442 1323 Reliquom.
1482 1281 1618 1312 Tantum

126 1361 133 1367 ,
158 1336 214 1364 est.
251 1333 344 1363 Cesso
356 1331 414 1362 huc
436 1331 517 1361 intro
533 1329 720 1370 irrumpere]
743 1330 840 1361 Bem.
858 1335 893 1360 et
910 1330 966 1360 Vi·
982 1334 1017 1360 et
1030 1328 1136 1368 aliqui
1151 1327 1220 1366 alii,
1235 1327 1474 1366 introrumpere.
1513 1324 1618 1355 Utro-

160 1384 225 1417 que
252 1375 351 1417 modo
382 1383 499 1405 versus
524 1378 604 1410 stat,
628 1375 655 1404 si
681 1373 714 1404 in
738 1374 747 1390 ‘
767 1373 871 1404 Cesso
891 1371 976 1403 hnc'
1008 1371 1206 1411 synaloepha
1235 1379 1301 1400 non
1328 1369 1401 1400 fiat.
1426 1368 1485 1400 Fa.
1540 1368 1620 1399 Non

159 1420 194 1450 in
209 1418 220 1436 ‘
237 1418 339 1449 Cesso
354 1417 420 1448 huc
432 1416 442 1430 '
459 1423 569 1448 cessat
585 1416 789 1457 Synaloepha
806 1427 813 1447 :
839 1415 899 1447 sed
926 1415 1087 1455 Reliquam
1103 1420 1155 1444 est
1178 1412 1469 1454 quadrisyllabum,
1484 1415 1522 1442 ut
1539 1410 1621 1441 alibi

159 1470 228 1492 non
245 1470 331 1492 raro.
376 1460 607 1500 Introrumpere
630 1464 742 1490 autem
766 1459 869 1490 etiam
896 1458 1028 1489 Nonius
1055 1457 1109 1488 hic
1138 1457 1221 1495 legit
1242 1465 1272 1487 v.
1301 1456 1485 1494 Rumpere.
1522 1454 1621 1484 Bent.

160 1503 318 1535 Relictum
334 1502 490 1534 defendit
506 1502 608 1534 Both.
636 1503 680 1534 ob
695 1508 888 1533 accentum.
935 1499 1057 1531 Cessim’
1084 1500 1210 1540 Delph.
1255 1498 1346 1529 Intro
1369 1498 1539 1536 irrumpere
1560 1497 1620 1528 Br.

160 1549 246 1578 —28
269 1545 415 1586 Necesse]
438 1546 575 1576 Donato
591 1550 815 1576 memoratum
831 1553 970 1576 necessus
988 1543 1145 1574 defendit
1162 1543 1204 1573 P.
1222 1541 1408 1579 Victorius,
1426 1540 1621 1580 legiturque

162 1589 197 1620 in
213 1590 384 1629 exemplo,
409 1599 475 1630 quo
504 1598 583 1619 usus
604 1593 658 1619 est
683 1589 852 1629 Guyetus,
880 1587 962 1618 edit.
992 1586 1153 1617 Heidelb.
1179 1587 1275 1616 1587.
1314 1584 1415 1615 West.
1460 1584 1500 1614 In
1522 1583 1621 1614 Bem.

161 1632 328 1673 scriptum
352 1637 406 1662 est
430 1641 582 1671 necessus,
606 1631 695 1673 quod
725 1637 759 1661 et
785 1632 853 1663 Do.
883 1630 1045 1662 admittit.
1069 1629 1129 1660 Fa.
1176 1629 1263 1659 Sane
1291 1628 1420 1667 syllaba
1447 1626 1549 1666 longa
1565 1625 1622 1656 hic

162 1682 296 1706 versum
323 1674 475 1715 adjuvat.
522 1674 588 1705 Sed
618 1684 772 1705 necessum
797 1675 852 1705 hic
882 1673 1009 1712 malim,
1034 1677 1072 1703 ut
1094 1681 1189 1711 saepe
1215 1671 1306 1711 apud
1334 1670 1506 1700 Plautum.
1551 1669 1624 1699 Do-

161 1723 263 1749 natus
285 1718 420 1759 qnidem
445 1717 600 1758 agnoscit
622 1727 773 1753 necessus,
797 1717 856 1748 sed
893 1726 1018 1757 genere
1054 1714 1239 1746 masculino
1269 1718 1308 1744 ut
1337 1713 1479 1744 necessis.
1518 1712 1624 1743 Bent-

164 1761 330 1792 Necessum
356 1760 434 1800 Bip.
476 1761 555 1791 Fuit
580 1770 735 1790 necessum
760 1761 862 1792 Both.
899 1759 973 1790 Fuit
997 1768 1137 1789 necessus
1168 1757 1350 1788 Per1.—29
1379 1756 1550 1787 Venturum
1574 1755 1626 1786 Μ.

168 1803 270 1836 West.
315 1804 372 1834 Me
383 1806 510 1843 propter
525 1804 567 1834 al.
584 1804 665 1833 hisce
681 1807 781 1834 event.
805 1803 880 1834 mali
895 1802 997 1833 Both.
1047 1801 1122 1831 Esse
1140 1800 1272 1831 omittit
1288 1803 1324 1830 et
1340 1799 1435 1830 Perl.
1453 1798 1509 1839 qui
1525 1802 1625 1829 notat

162 1846 198 1877 id
213 1847 336 1877 habere
351 1845 467 1878 Guelf.
483 1849 515 1877 2.
533 1848 649 1877 3.—3l
668 1846 762 1877 Editi
776 1845 993 1877 vetustissimi
1005 1843 1207 1886 fereomnes
1221 1852 1297 1873 cum
1312 1842 1398 1873 Mss.
1411 1841 1625 1882 quibusdam,

163 1889 218 1931 [ut
232 1889 308 1930 Bu]
323 1888 456 1927 faceret.
500 1889 535 1920 Is
549 1899 632 1919 nunc
656 1888 785 1929 reperit.
831 1889 946 1919 Minus
972 1892 1146 1918 accurate.
1192 1886 1249 1916 Ita
1271 1889 1385 1915 tamen
1412 1889 1447 1915 et
1473 1884 1571 1916 Junt.
1589 1889 1626 1915 et

163 1934 213 1964 st.
231 1931 365 1964 Aldinae
381 1931 527 1963 variant.
557 1931 658 1963 I'Vest.
707 1931 911 1967 Quamobrem
925 1932 1047 1970 insigne
1058 1929 1304 1970 aliquidfaceret
1320 1928 1377 1959 iz's:
1399 1937 1481 1958 nunc
1492 1926 1627 1967 reperit]

164 1975 259 2006 Unus
275 1980 405 2006 tantum
420 1984 461 2005 ex
478 1974 602 2005 nostris
618 1975 678 2005 hoc
691 1975 830 2006 ordine:
857 1974 924 2005 duo
935 1984 1009 2005 cum
1025 1976 1110 2004 vett.
1126 1970 1473 2010 Edd.insig·nefaceret
1487 1970 1623 2009 aliquid;

164 2018 332 2058 plerique,
347 2017 467 2058 aliquid
481 2017 747 2057 insignefaceret.
771 2018 914 2058 Repone
932 2017 1120 2048 certissime
1134 2026 1142 2046 :
1178 2014 1382 2050 Quamobrem
1398 2013 1516 2053 aliquid
1541 2022 1627 2052 (egre

157 2060 279 2099 faceret
294 2062 356 2097 iis,·
377 2071 458 2092 nuuc
473 2061 601 2100 reperit.
646 2061 778 2101 Aliquid
803 2061 877 2092 mali
903 2061 1026 2099 insigne
1055 2068 1097 2089 ne
1123 2058 1283 2089 Latinum
1311 2056 1447 2097 quidem
1475 2062 1537 2087 est.
1585 2055 1625 2086 In

165 2104 275 2134 altero
290 2113 426 2144 quoque
441 2103 560 2134 ordine
576 2104 691 2144 legere
707 2105 849 2144 poteris,
868 2103 1074 2139 Quamobrem
1091 2101 1300 2139 aegrefaceret
1312 2100 1432 2139 aliquid
1445 2100 1496 2130 iis.
1521 2099 1627 2131 Bent.

166 2146 214 2178 Iis
229 2146 266 2178 Z.
283 2147 412 2187 Delph.
438 2147 517 2187 Bip.
542 2146 644 2177 Both.
669 2152 706 2178 et
732 2147 824 2178 Perl.
841 2149 898 2188 qui
922 2150 1020 2177 notat
1042 2145 1076 2176 in
1100 2143 1218 2176 Guelf.
1241 2145 1272 2174 3.
1300 2152 1375 2173 esse
1402 2143 1429 2172 is
1454 2152 1534 2173 nunc
1559 2151 1627 2183 rep.

164 2199 297 2221 causam.

549 2422 752 2464 ACTUS
784 2421 842 2463 V.
897 2419 1104 2463 SCENA
1135 2421 1246 2463 VII.

625 2533 861 2563 PYTHIAS.
922 2534 980 2562 ΡΑ
994 2534 1059 2562 RM
1070 2533 1180 2562 ENO.

171 2605 261 2646 PY.
312 2601 574 2652 NUNQUAM
626 2600 803 2654 aedepol
837 2600 1079 2654 quicquam
1109 2599 1298 2653 jamdiu,
1333 2598 1450 2653 quod
1484 2598 1628 2651 magis

340 2671 503 2712 vellem
521 2669 709 2718 evenire,

216 2776 285 2807 ΡΥ.
313 2775 477 2815 Nunquam
491 2774 604 2814 aeclepol
618 2773 777 2814 quicquam
793 2772 975 2815 jucundius,
998 2774 1077 2814 quod
1100 2772 1202 2811 magis
1229 2771 1306 2803 mihi
1329 2774 1465 2812 optarem
1482 2770 1631 2808 accidere,
