1966 3302
278 204 365 244 664
772 215 812 244 P.
844 214 1088 246 TERENTH
1121 217 1238 249 Arm

281 308 389 350 Non
420 309 592 350 faciam.
654 309 752 351 ΜΕ.
785 309 847 351 At
878 310 924 351 id
954 324 1035 352 nos
1071 325 1157 354 non
1189 312 1394 356 sinemus.
1455 315 1538 357 CL.
1583 317 1631 358 Si
1662 331 1731 359 me

452 377 600 418 vivum
621 377 705 427 vis,
725 381 863 432 pater,

284 444 483 498 Ignosce.
543 446 620 486 So.
666 445 777 500 Age,
809 447 1018 490 Chremes
1050 449 1124 490 mi.
1195 447 1296 490 ME.
1333 448 1433 503 Age
1469 464 1639 505 quaeso,
1674 464 1730 493 ne

456 518 546 554 tam
566 513 748 556 obfirma
768 518 824 565 te,
848 514 1048 558 Chreme.

281 580 369 622 CH.
402 579 526 631 Quid
558 581 691 623 istic?
723 583 872 635 video,
900 597 986 627 non
1018 586 1166 637 licere,
1197 587 1244 627 ut
1271 597 1506 640 coeperam,
1527 585 1611 629 hoc
1633 599 1732 640 per-

449 650 646 692 tendere.

280 717 375 758 ME.
409 718 558 768 Facie,
590 722 638 759 ut
667 725 712 760 te
743 719 885 761 decet.
945 719 1032 761 CH.
1062 720 1130 762 Ea
1160 721 1255 774 lege
1287 720 1372 762 hoc
1402 720 1513 762 adeo
1543 720 1732 774 faciam;

449 787 486 827 si
506 786 627 836 facit,
1674 790 1731 830 10

278 853 413 905 Quod
433 867 513 907 ego
534 854 648 895 hunc
669 867 844 909 aequom
866 868 1040 897 censeo.
1101 856 1186 897 CL.
1217 856 1368 908 Pater,
1382 858 1531 900 omnia
1545 858 1733 900 faciam:

447 936 629 976 lmpera.

277 989 364 1031 CH.
397 989 595 1032 Uxorem
626 994 676 1032 ut
709 991 865 1033 ducaS.
925 991 1012 1034 Gi..
1054 992 1214 1036 Pater!
1275 993 1365 1036 CH.
1413 994 1538 1037 Nihil
1579 994 1732 1036 audio.

450 1058 549 1100 ΜΕ.
581 1058 653 1100 Ad
676 1073 745 1100 me
766 1060 965 1114 recipio:

280 1127 444 1168 Faciet.
504 1127 593 1169 CH.
625 1128 750 1169 Nihil
783 1128 916 1170 etiam
945 1128 1079 1171 audio
1112 1130 1274 1184 ipsum.
1333 1129 1418 1172 ΟΕ.
1449 1130 1592 1172 Perii!
1652 1131 1731 1172 So.

447 1194 520 1236 An
542 1196 738 1247 dubitas,
766 1196 991 1251 Clitipho?

277 1261 363 1305 CH.
397 1262 557 1314 Immo,
595 1269 734 1305 utrum
769 1266 874 1306 volt.
935 1265 1032 1306 ΜΕ.
1071 1265 1228 1308 Faciet
1261 1267 1422 1309 omnia.
1484 1267 1563 1308 So.
1597 1266 1731 1319 Haec,

449 1331 552 1373 dum
570 1332 781 1387 incipias,
803 1335 955 1386 gravia
976 1339 1091 1384 sunt,

276 1399 484 1454 Dumque
519 1401 718 1453 ignores:
769 1402 846 1443 ubi
888 1403 1106 1456 cognoris,
1153 1403 1320 1445 facilia.
1399 1402 1482 1444 CL.
1534 1403 1731 1454 Faciam,

445 1471 584 1521 pater.
1675 1473 1732 1515 15

263 1588 397 1626 faciam.
442 1588 516 1619 ME.
540 1588 584 1619 At
600 1598 656 1619 uos
679 1599 740 1620 non
760 1589 975 1630 permittemus
989 1599 1118 1631 quoque.
1163 1590 1223 1621 CI..
1250 1590 1279 1621 Ο
1305 1593 1409 1631 paler,
1428 1591 1469 1621 cla
1494 1589 1572 1621 mihi
1599 1590 1734 1631 veniam,

271 1632 299 1661 si
312 1631 359 1662 vis
372 1631 451 1662 mihi
463 1632 559 1662 vitam
574 1632 704 1672 [anplius
716 1642 883 1673 superesse.
915 1634 974 1664 So.
995 1633 1080 1672 Age,
1098 1633 1244 1664 Chremes
1259 1632 1377 1673 mi,f1w
1401 1634 1480 1674 quod
1505 1634 1636 1674 petitur.
1658 1633 1734 1666 ΜΕ.

277 1674 307 1704 Ο
326 1674 470 1713 Chreme,
485 1675 621 1713 ignosce,
647 1675 755 1706 nolite
770 1679 835 1707 tam
850 1677 1040 1707 obstinatum
1064 1677 1234 1708 ostendere.
1279 1676 1347 1708 CH.
1373 1677 1460 1711 Quid
1481 1676 1536 1707 hoc
1561 1676 1620 1707 sibi
1642 1677 1736 1708 vult?

271 1717 361 1748 video
372 1727 433 1748 uon
449 1718 526 1748 milti
547 1717 688 1758 permitti
701 1719 847 1761 perficere
859 1720 928 1759 lwc,
948 1721 1027 1760 quod
1041 1720 1227 1760 inceperam.
1275 1719 1349 1751 ΜΕ.
1375 1719 1478 1755 Facis,
1503 1722 1538 1750 ut
1553 1719 1610 1750 tibi
1625 1729 1731 1750 conve-

270 1760 332 1791 m't.
379 1760 446 1792 CH.
469 1762 520 1792 Ea
531 1761 716 1801 conditione,
745 1763 903 1801 ignoscam
932 1762 1118 1803 Clitiphoni,
1134 1763 1162 1792 sz'
1174 1765 1343 1803 exequatur
1358 1763 1437 1802 quod
1447 1772 1507 1801 vego
1522 1762 1658 1793 arbitror
1662 1762 1734 1801 jus-

272 1805 340 1833 tum
369 1814 435 1835 esse
460 1814 528 1835 eum
557 1805 678 1845 exequi.
726 1805 783 1836 C1..
812 1807 840 1835 0
864 1808 967 1846 pater,
983 1806 1103 1844 faciam
1129 1806 1260 1837 omnia:
1280 1805 1410 1845 impera.
1457 1806 1526 1836 CH.
1549 1805 1682 1846 Impero,
1697 1808 1734 1836 ut

272 1846 367 1877 ducas
376 1857 514 1879 uxorem.
558 1847 618 1878 CL.
646 1849 674 1878 Ο
686 1851 789 1888 pater,
804 1849 844 1879 «la
859 1848 936 1879 milti
952 1853 1070 1885 tempus
1086 1849 1126 1879 ad
1141 1849 1372 1880 deliberandum
1387 1850 1424 1879 de
1435 1858 1468 1878 re
1480 1850 1562 1879 tanti
1577 1849 1734 1880 momenti.

274 1889 346 1920 CH.
365 1890 495 1921 Nullam
510 1891 739 1922 excusationem
755 1892 859 1923 audio.
905 1892 980 1923 ΜΕ.
1005 1892 1084 1923 Rem
1109 1892 1143 1922 ’ἱη
1170 1902 1218 1922 me
1242 1891 1369 1932 recipio,
1393 1891 1601 1930 Clitiphonem
1622 1892 1732 1922 ductu-

272 1941 343 1962 rum
358 1940 521 1970 uxorem&
547 1934 615 1964 CH.
637 1934 730 1964 Nihil
745 1935 979 1974 respondentem
1003 1934 1095 1965 audio
1107 1934 1217 1975 ipsum.
1274 1935 1333 1966 CL.
1359 1934 1474 1964 Nullus
1497 1943 1574 1964 sum.
1617 1935 1676 1965 So.
1703 1934 1733 1964 O

276 1974 427 2016 Clitipho,
449 1986 489 2007 an
504 1977 621 2008 vereris
636 1987 764 2008 uxorem
777 1977 914 2018 accipere
928 1981 940 2008 ?
973 1978 1041 2009 CH.
1065 1978 1150 2013 Quin
1165 1977 1204 2008 ab
1220 1987 1253 2008 eo
1268 1978 1477 2017 qum-endum,
1490 1981 1593 2007 utrzmz
1605 1986 1733 2008 uxorem

273 2017 349 2048 velit
363 2020 485 2058 ducere,
501 2030 603 2050 necne.
652 2021 730 2052 ΜΕ.
754 2020 860 2051 Faciet
876 2021 992 2057 omnia,
1024 2030 1091 2061 qua:
1120 2020 1297 2061 imperabis.
1342 2020 1402 2050 So.
1429 2019 1600 2050 Consilium
1626 2029 1733 2060 cepere

273 2061 311 2091 de
324 2062 463 2093 ducenda
471 2072 580 2103 uxore,
597 2062 631 2093 iu
647 2063 798 2103 principio
814 2063 939 2105 difficile
955 2067 1000 2094 est
1014 2064 1055 2103 ei,
1071 2064 1124 2104 qui
1140 2063 1332 2094 matrimonii
1346 2062 1478 2101 ignarus
1492 2066 1560 2099 est,·
1573 2064 1638 2102 secl,
1650 2066 1736 2103 post·-

275 2113 404 2144 eaquam
420 2106 562 2144 cognoris
577 2106 652 2147 quid
666 2107 722 2147 sit,
739 2107 840 2145 facile
855 2102 886 2138 et
899 2110 1027 2147 gratum
1041 2106 1100 2138 tibi
1121 2107 1193 2148 fiet.
1238 2107 1298 2138 CL.
1323 2105 1466 2145 Faciam,
1486 2109 1588 2146 pater,
1615 2108 1650 2137 ut
1673 2105 1732 2137 vis.

880 2201 1124 2214 WNO‘OstNOO

273 2272 380 2301 exoret
394 2269 489 2309 legit.
537 2269 674 2300 Exorem
688 2269 878 2302 defendunt
893 2270 972 2311 Rip.
988 2271 1154 2302 Bot11.-7
1178 2269 1439 2304 Vetustissimus
1454 2273 1583 2308 noster,
1600 2271 1634 2299 et
1649 2267 1734 2299 alius

274 2322 294 2344 e
310 2311 429 2352 Regiis
447 2321 521 2342 cum
539 2313 668 2352 optimo
687 2312 809 2344 codice
836 2314 879 2345 G.
898 2314 1043 2345 Fabricii
1060 2323 1125 2344 non
1148 2319 1336 2353 agnoscunt
1352 2313 1396 2344 id.
1422 2313 1525 2343 Bent.
1573 2311 1651 2343 Non
1678 2321 1735 2351 ag-

273 2359 422 2387 noscunt
435 2355 493 2386 Br.
504 2355 582 2396 Bip.
595 2355 689 2386 Perl.
705 2357 874 2388 flotin—»8
898 2358 1043 2396 Ignosces
1056 2356 1171 2388 Guelf.
1188 2360 1220 2388 3.
1252 2357 1303 2387 Mi
1315 2356 1413 2386 abest
1430 2356 1556 2386 Bia-9
1579 2353 1736 2386 Guelf.2.

274 2399 354 2438 Bip.
377 2398 471 2429 istuc.
497 2399 547 2429 M.
575 2408 635 2429 non
660 2400 751 2429 licere
772 2400 859 2430 mihi.
907 2399 1025 2431 Guelf.
1053 2403 1084 2430 3.
1118 2402 1279 2440 prendere.
1319 2399 1372 2429 Al.
1395 2399 1599 2439 perpendere:
1631 2397 1734 2436 male,

268 2441 386 2481 judice
404 2442 585 2472 Perl.—10
609 2442 682 2473 ΕΡ.
696 2443 766 2473 ET.
784 2443 865 2474 EM.
883 2449 919 2473 et
935 2444 1020 2474 Mss.
1039 2443 1206 2483 plusculi:
1230 2443 1258 2472 sz'
1273 2442 1428 2480 ulfac-iat.
1472 2441 1541 2472 Alii
1557 2439 1675 2478 sisacit
1690 2439 1734 2470 id.

275 2485 386 2516 West.
433 2484 472 2515 St
490 2483 575 2522 facit
594 2485 719 2525 probat
743 2487 804 2517 Fa.
828 2488 836 2502 ‘
855 2486 982 2516 Omnes
997 2486 1114 2524 nostri,
1137 2486 1165 2516 si
1185 2486 1217 2516 id
1237 2485 1354 2522 faciat.
1398 2485 1491 2524 Lege
1515 2483 1628 2524 igitur,
1648 2482 1676 2513 si
1700 2482 1735 2514 id

266 2527 375 2565 facit!
422 2528 524 2558 Bent.
572 2527 628 2559 Ita
657 2534 691 2558 et
707 2529 811 2560 habet
829 2530 897 2560 Ms.
915 2531 956 2560 R.
973 2539 1028 2569 ap.
1049 2529 1147 2560 Liud.
1166 2529 1267 2560 Both.
1285 2532 1320 2559 et
1336 2528 1429 2558 Pei-l.
1462 2527 1521 2558 ΒΓ.
1535 2527 1563 2557 si
1575 2525 1734 2563 idfaciat.

274 2570 355 2611 Bip.
381 2575 415 2601 et
434 2570 556 2611 Delph.
573 2573 600 2601 ει·
616 2571 701 2609 fui-if
716 2573 846 2603 ‘im—12
876 2573 949 2603 Volo
967 2577 1042 2612 post
1058 2575 1093 2602 ut
1116 2573 1210 2602 ducas
1234 2569 1352 2603 Guelf.
1371 2573 1400 2601 3.
1417 2570 1501 2602 GM.
1517 2569 1606 2600 audio
1625 2568 1732 2599 etiam.

274 2616 359 2645 —13
385 2613 493 2645 Abest
518 2615 611 2645 etiam
639 2615 752 2647 Gnelf.
770 2619 887 2647 2.-—14
914 2616 962 2647 M.
988 2620 1023 2646 et
1050 2614 1121 2646 EA.
1149 2615 1319 2655 integrum
1349 2614 1556 2644 interserunt
1577 2621 1733 2644 versum:

274 2658 341 2689 Aut
356 2658 443 2689 illam
454 2657 597 2697 accipiet,
608 2662 661 2688 aut
675 2667 723 2689 me
736 2659 894 2689 inimicum
911 2659 1044 2690 habebit.
1088 2659 1140 2689 Ex
1158 2658 1292 2698 glossis,
1308 2662 1345 2688 ut
1360 2657 1504 2687 videtur.
1532 2655 1628 2686 West.
1653 2653 1734 2703 Hel.

275 2701 465 2739 interserit,
480 2701 597 2742 procui
625 2701 729 2733 dubio
746 2711 788 2733 ex
811 2702 873 2733 int.
909 2703 973 2732 Aut
996 2702 1082 2732 illam
1109 2701 1256 2741 accipiat,
1271 2704 1325 2732 aut
1346 2709 1394 2730 me
1415 2699 1576 2730 inimicum
1599 2696 1736 2745 uoluebat,

262 2747 381 2775 *utrum
407 2745 485 2775 volt.
510 2744 614 2775 Both.
629 2743 705 2776 EA.
726 2744 838 2784 gravia
863 2745 965 2775 onmia
984 2747 1152 2776 sunt.-—15
1179 2744 1229 2775 M.
1248 2743 1387 2779 Faciam,
1411 2745 1513 2782 pater,
1534 2741 1734 2772 omnem—16
