1966 3302
308 232 393 275 630
805 235 844 264 P.
877 231 1119 263 TERENTH
1153 230 1271 262 Arm

310 346 476 389 Verum
497 347 545 386 ut
565 342 811 384 simulares,
873 338 962 380 CH.
995 337 1100 379 Non
1121 350 1219 378 mea
1238 335 1292 377 ’st
1312 333 1549 376 simulatio.

313 415 385 457 Ita
405 418 453 456 tu
472 412 602 453 istaec
625 414 699 451 tua
717 407 914 458 misceto,
936 418 992 446 ne
1013 418 1082 445 me
1101 403 1365 446 admisceas.
1563 423 1570 426 -
1706 399 1765 442 35

314 478 454 535 Egon’
476 478 547 520 eui
569 477 752 519 daturus
771 486 856 515 non
876 486 990 523 sum,
1011 477 1062 514 ut
1083 471 1125 514 ei
1145 470 1484 525 despondeam‘?

316 550 402 592 SY.
433 545 691 588 Credebam.
752 540 840 583 CH.
872 540 1072 581 Minime.
1132 539 1217 581 SY.
1249 538 1368 579 Scite
1385 540 1555 592 poterat
1573 535 1684 578 fieri.

317 617 376 659 Et
392 628 474 669 ego
493 614 593 663 hoc,
610 612 718 666 quia
739 609 904 652 dudum
926 613 976 650 tu
996 612 1225 662 tantopere
1240 607 1459 661 jusseras,

318 684 386 726 Eo
424 681 556 735 coepi.
635 678 723 720 CH.
774 676 930 719 Credo.
1010 677 1094 718 SY.
1145 674 1355 717 Ceterum
1401 672 1605 727 equidem
1637 672 1769 720 istuc,

496 749 694 797 Chreme,

322 818 460 873 AEqui
478 816 673 868 bonique
693 813 827 854 facio.
888 810 976 854 CH.
1008 810 1148 865 Atqui
1171 823 1269 852 cum
1293 820 1498 850 maxume
1685 827 1688 831 ⁴
1716 804 1774 848 40

318 887 443 929 Volo
466 890 509 926 te
531 883 635 924 dare
652 894 848 935 operam,
869 885 919 920 ut
939 879 1033 929 fiat,
1051 891 1200 920 verum
1217 877 1306 918 alia
1329 877 1414 918 via.

323 955 409 997 SY.
441 953 568 995 Fiat:
600 952 821 1004 quaeratur
843 947 987 989 aliud:
1020 946 1098 989 sed
1122 945 1246 995 illud,
1270 945 1387 999 quod
1408 944 1489 985 tibi

323 1022 436 1065 Dixi
458 1020 512 1062 de
535 1023 727 1072 argento,
749 1016 868 1071 quod
887 1016 975 1057 ista
994 1014 1126 1055 debet
1147 1012 1379 1063 Bacchidi,

326 1091 383 1133 Id
403 1102 521 1130 nunc
542 1085 810 1128 reddendum
831 1083 887 1125 'st
907 1083 973 1124 illi
991 1096 1000 1124 ε
1031 1094 1174 1135 neque
1196 1086 1244 1122 tu
1266 1080 1436 1121 scilicet

326 1159 395 1201 Eo
417 1169 534 1198 nunc
553 1152 806 1206 confugies:
838 1150 960 1202 Quid
979 1149 1108 1191 mea't
1141 1162 1247 1190 num
1263 1148 1412 1189 datum
1433 1146 1540 1188 mihi
1558 1148 1654 1188 est't
1725 1145 1781 1186 45

329 1227 452 1270 Num
467 1222 615 1279 jussi?
647 1234 749 1262 num
766 1220 843 1260 illa
863 1219 1151 1273 oppignerare
1169 1216 1306 1258 filiam

329 1294 497 1342 Meam,
521 1304 588 1332 me
608 1290 762 1338 invito,
785 1287 959 1342 potuit‘t
994 1298 1142 1326 verum
1164 1284 1290 1334 illud,
1312 1282 1512 1331 Chreme,

332 1363 516 1409 Dicunt,
537 1358 565 1400 J
570 1371 623 1398 us
646 1368 862 1397 summum
883 1366 1006 1408 saepe
1029 1365 1201 1393 summa
1218 1351 1386 1392 malitia
1403 1356 1482 1392 est.

334 1498 368 1528 in
383 1508 508 1530 manum
523 1499 625 1536 darm,
650 1505 755 1528 rerum
767 1498 800 1527 ut
808 1494 947 1537 fingeres
964 1496 993 1524 te
1019 1493 1174 1523 daturum.
1219 1492 1289 1523 CH.
1316 1491 1388 1522 Non
1413 1493 1459 1522 est
1481 1499 1579 1521 meum
1603 1490 1677 1531 quid
1692 1488 1787 1520 simu·

335 1542 420 1572 lare:
448 1546 482 1572 tu
500 1541 623 1571 misceto
631 1540 780 1578 fallacias
793 1543 822 1569 et
837 1539 962 1569 technas
971 1539 1041 1567 tuas
1053 1545 1087 1566 eo
1101 1537 1188 1565 modo
1204 1538 1237 1565 ut
1253 1544 1312 1564 non
1328 1544 1374 1564 me
1386 1534 1435 1564 his
1448 1533 1668 1564 intermisceas.
1696 1531 1789 1563 Visne

335 1588 370 1615 ut
385 1585 587 1625 despondeant
601 1592 699 1613 meam
712 1582 819 1623 filiam
835 1581 866 1610 in
883 1589 1010 1611 uxorem
1026 1578 1067 1616 ei,
1084 1578 1134 1609 cui
1158 1579 1233 1609 dare
1251 1578 1317 1608 nolo
1328 1576 1344 1609 ζ’
1388 1577 1450 1608 SY.
1479 1575 1647 1607 Credebam
1669 1578 1700 1605 te
1715 1573 1790 1604 telle

336 1627 370 1657 id
377 1628 498 1666 facere.
545 1627 615 1657 Cn.
638 1626 787 1656 Minime.
830 1624 894 1654 SY.
919 1623 957 1653 Id
972 1620 1130 1652 subtiliter
1141 1624 1263 1661 poterat
1269 1619 1366 1661 fieri.-
1395 1624 1425 1651 et
1451 1628 1507 1658 ego
1523 1619 1590 1650 ideo
1612 1628 1699 1649 orsus
1722 1625 1791 1648 sum

337 1671 416 1701 hanc
426 1671 579 1708 technam,
593 1669 735 1709 quoniam
749 1667 797 1698 ita
811 1666 962 1697 instanter
976 1665 1008 1695 id
1014 1663 1157 1702 jubebas.
1196 1664 1265 1694 Cn.
1291 1663 1401 1694 Credo.
1444 1661 1507 1693 SY.
1530 1661 1592 1692 Sea
1603 1664 1698 1699 certe,
1710 1660 1793 1694 here,

338 1713 423 1744 istud
439 1712 519 1753 aequi
534 1712 661 1752 bonique
672 1721 765 1742 causa
775 1709 876 1748 facio.
922 1708 992 1739 CH.
1016 1707 1060 1737 At
1077 1716 1146 1737 vero
1162 1706 1271 1737 deinde
1286 1706 1351 1736 tolo
1366 1710 1396 1736 te
1409 1714 1596 1744 summopere
1621 1704 1739 1741 conari,
1758 1705 1794 1732 ut

332 1755 465 1793 fallacia
488 1755 669 1786 intendatur
683 1755 718 1785 in
733 1753 947 1784 Menedemum
963 1761 975 1787 ;
1004 1759 1109 1781 verum
1136 1750 1201 1778 roto
1227 1749 1260 1779 id
1275 1748 1356 1790 fieri
1383 1749 1443 1779 atio
1469 1749 1565 1778 modo.
1609 1747 1672 1778 SY.
1695 1745 1770 1777 Fiat
1783 1755 1793 1774 .·

341 1799 422 1829 alius
437 1800 542 1830 modus
565 1797 779 1836 excogitetur:
801 1796 854 1826 sed
877 1794 955 1825 illud
971 1793 1050 1833 quod
1066 1792 1122 1823 tibi
1138 1792 1207 1822 dixi
1222 1793 1260 1822 de
1285 1795 1426 1830 argento,
1452 1791 1531 1831 quod
1559 1791 1621 1821 ista
1640 1788 1715 1831 filia
1741 1790 1795 1818 tua

341 1841 431 1873 debet
443 1841 610 1878 Bacchidi,
625 1843 788 1881 propterea
803 1838 882 1878 quod
897 1836 926 1867 ei
949 1836 1151 1876 oppignerata
1171 1834 1253 1872 suit,
1270 1834 1353 1865 istud
1368 1837 1532 1873 argentum
1549 1831 1700 1865 Bacchidi
1723 1839 1795 1872 per-

341 1885 516 1916 solvendum
531 1887 595 1914 est:
608 1893 702 1923 neque
718 1886 750 1913 tu
766 1881 914 1912 nimirum
937 1887 1077 1909 recurres
1092 1878 1176 1908 adid
1198 1880 1381 1917 proetesrtus,
1397 1877 1534 1915 dicendo,
1558 1875 1643 1911 Quid
1657 1883 1725 1906 mea
1748 1873 1797 1904 in—

342 1926 463 1959 tet-est?
480 1937 552 1958 num
567 1926 644 1957 mihi
659 1924 810 1957 creditum
825 1922 897 1955 est?
919 1931 993 1953 num
1006 1920 1151 1951 mandavi
1167 1924 1201 1950 ut
1215 1920 1363 1950 daretur?
1385 1929 1456 1950 num
1471 1929 1547 1950 anus
1558 1917 1676 1956 iltajus
1689 1915 1797 1947 habuit

344 1970 553 2012 dandifiliam
567 1979 665 2000 meam
679 1967 808 2009 pignori
827 1976 874 1997 me
895 1963 1043 1996 nolente?
1091 1964 1120 1993 O
1139 1962 1294 2001 Chremes,
1309 1972 1413 1993 terum
1426 1965 1473 1993 est
1488 1961 1585 2001 istud,
1613 1960 1691 2001 quod
1705 1959 1799 1998 vulgo

346 2013 487 2051 elicitum·
509 2013 623 2044 nimius
629 2011 715 2051 juris
729 2010 817 2050 rigor
831 2018 910 2050 saepe
926 2007 1020 2039 nimis
1029 2009 1150 2047 pugnat
1165 2016 1233 2036 cum
1245 2005 1404 2046 aequitaee.
1441 2005 1510 2037 CH.
1530 2004 1603 2036 Non
1617 2002 1798 2043 confugiam

955 2110 1195 2125 oaeetaeo‘eoeeae

348 2200 439 2238 serio,
468 2201 503 2228 ut
530 2197 614 2227 illam
640 2195 687 2226 illi
708 2195 817 2225 dares:
858 2192 899 2224 V.
920 2201 950 2223 u.
972 2201 997 2222 s.
1042 2191 1116 2221 Non
1141 2191 1270 2220 meumst
1292 2197 1317 2219 s.
1364 2185 1544 2228 Improbat
1567 2185 1670 2217 Both.
1693 2189 1728 2215 et
1752 2184 1801 2216 le-

351 2243 422 2282 git:
457 2241 489 2271 in
514 2243 693 2280 perpetuum
726 2238 812 2267 ittam
837 2239 870 2266 ut
895 2235 924 2265 ei
947 2236 1055 2265 dares,
1073 2256 1081 2264 .
1096 2256 1103 2264 .
1118 2242 1237 2264 ‚meum
1263 2235 1308 2262 est
1330 2230 1496 2261 simulatio.
1532 2229 1593 2260 Br.
1620 2230 1803 2269 perpetuam

350 2284 487 2316 dicebam
503 2286 536 2312 ut
552 2281 694 2312 z'tlumiltz'
710 2281 811 2310 dares.
857 2279 865 2295 ‘
885 2277 991 2309 Codci.
1009 2278 1113 2307 Bent.
1129 2284 1245 2305 omncs
1261 2277 1420 2314 perpetuo.
1466 2272 1532 2304 Qui
1547 2271 1617 2311 ipse
1633 2280 1726 2301 more
1742 2279 1803 2301 suo

352 2327 488 2358 codices
505 2325 655 2365 neglexit
678 2323 758 2354 serio
783 2321 900 2352 fictum
923 2320 984 2350 sibi
1011 2316 1232 2358 recipiendo)
1257 2317 1432 2348 Pera—34
1457 2313 1575 2347 Guelf.
1591 2316 1623 2344 3.
1646 2313 1803 2344 simulare.

350 2372 360 2388 ‘
377 2368 571 2409 Legendnm
586 2372 639 2397 est
654 2376 712 2396 non
723 2375 820 2395 meum
832 2368 877 2395 est
893 2362 1051 2393 simulatio
1065 2365 1101 2391 ut
1113 2361 1268 2391 meliores
1285 2359 1362 2390 libri
1377 2358 1516 2394 habent,
1530 2357 1564 2387 in
1574 2355 1804 2386 deterioribus

352 2413 481 2452 legitur
495 2420 553 2441 uon
571 2420 636 2440 mea
651 2405 889 2440 est-simulatio!
915 2405 958 2436 R.
976 2406 1106 2436 D.-35
1133 2403 1205 2434 ΕΡ.
1228 2412 1292 2433 non
1311 2401 1468 2441 agnoscit
1487 2399 1525 2429 τὸ
1537 2401 1602 2430 tua.
1618 2397 1742 2430 Boend.
1770 2402 1806 2429 et

356 2456 431 2486 ΕΑ.
455 2455 633 2484 admisceto.
678 2451 771 2482 Libri
789 2450 938 2490 qnidam,
962 2451 997 2478 ut
1013 2457 1062 2486 ne,
1079 2445 1169 2486 quod
1187 2445 1332 2485 probant
1343 2445 1430 2475 Gov.
1447 2448 1482 2474 et
1499 2442 1588 2482 Gay.
1617 2440 1805 2473 West.—-36

357 2499 429 2537 Ego
445 2497 546 2528 Both.
565 2495 658 2525 Perl.
676 2494 715 2525 Z.
761 2493 833 2522 Non
849 2493 907 2522 sim
923 2491 981 2521 ΒΓ.
998 2488 1341 2529 Bip.·ssotl1.l)e1ph.
1377 2487 1480 2525 Egon.
1495 2482 1612 2516 Guelf.
1625 2486 1656 2515 2.
1689 2483 1760 2514 Sim
1775 2485 1807 2514 3.

355 2543 441 2571 —38
465 2538 575 2570 Abest
591 2541 626 2568 tu
651 2537 768 2567 2.—39
795 2535 864 2565 Tibi
889 2533 1011 2574 quidem
1043 2537 1121 2573 post
1147 2534 1282 2562 ceterum
1309 2532 1428 2560 3.-40
1451 2527 1552 2568 Atqui
1573 2530 1638 2558 tum
1663 2525 1807 2557 maxime.

357 2584 455 2621 Beni.
468 2592 557 2622 quam
570 2580 722 2611 maxime:
747 2587 810 2617 ego
827 2578 901 2617 lego
918 2586 987 2607 cum
1001 2585 1041 2606 m.
1061 2574 1284 2606 usitatissimo
1299 2571 1458 2613 Antiquis
1475 2569 1613 2601 dicendi
1626 2568 1747 2599 modo:
1771 2572 1810 2599 ut

358 2630 394 2657 et
406 2625 509 2656 habet
526 2625 565 2654 V.
582 2629 616 2653 et
631 2621 780 2652 habebat
797 2620 849 2651 Vi.
871 2620 928 2651 Fa.
951 2622 961 2637 ‘
976 2618 1088 2649 Etiam
1101 2626 1142 2648 ex
1156 2615 1281 2647 nostris
1295 2614 1496 2646 veterrimus
1509 2622 1578 2644 cum
1591 2610 1689 2643 max!
1706 2611 1809 2642 Bent.

357 2669 418 2699 ΒΓ.
442 2667 552 2706 Atqui.
586 2665 664 2696 Tum
689 2665 860 2694 manu—43
884 2661 985 2701 ang.
1020 2660 1106 2691 Dixi
1131 2661 1168 2690 de
1191 2661 1333 2697 argento,
1355 2656 1446 2699 quod
1471 2655 1638 2687 balbutire
1668 2657 1733 2686 est.
1779 2653 1810 2684 A

360 2710 529 2750 scriptore
555 2708 631 2745 fnit,
661 2707 691 2737 ni
720 2705 832 2743 fallor,
856 2704 961 2735 Dixid
973 2706 1148 2742 argentum.
1174 2701 1276 2732 Both.
1304 2701 1362 2741 qni
1388 2699 1494 2740 igitur
1518 2698 1614 2737 legit,
1636 2695 1813 2736 Argentum

360 2754 525 2784 diuet—45
547 2750 718 2788 Confugias
745 2746 860 2779 Guelf.
877 2749 994 2777 2.-47
1021 2746 1122 2776 Bent.
1151 2744 1288 2784 reponit
1316 2751 1398 2774 vere.
1444 2741 1500 2772 Ita
1530 2743 1566 2772 et
1590 2739 1683 2771 Perl.
1710 2738 1812 2770 Both.

362 2796 534 2837 vulgatam
553 2799 665 2825 tamen
680 2793 761 2824 lect.
786 2799 902 2829 reruni,
927 2787 1085 2820 defendit
1113 2786 1381 2819 Ruhnken—48
1405 2783 1546 2816 Malitia.
1591 2782 1633 2814 In
1659 2780 1734 2813 aliis
1761 2784 1815 2812 est
