1966 3302
285 206 371 248 792
779 219 817 247 P.
850 217 1089 248 TERENTH
1123 218 1240 249 Arm

288 311 438 353 Hodie
473 312 659 365 primam
701 325 936 373 mammam
971 313 1097 354 dedit
1129 314 1239 354 haec.
1319 314 1410 355 DE.
1441 313 1604 356 Hercle
1634 328 1739 358 vero

458 392 586 428 serlo,

285 446 335 488 Si
356 446 528 500 quidem
550 446 737 500 primam
759 447 891 499 dedit,
924 448 1044 489 haud
1077 449 1259 490 dubium
1281 450 1384 502 quin
1407 450 1740 505 emittiaequom

455 514 551 556 siet.

286 581 371 622 M1.
404 581 475 622 Ob
496 594 594 622 eam
615 583 740 622 rem?
802 583 892 625 DE.
926 583 996 624 Ob
1020 597 1132 626 eam.
1192 584 1423 627 Postremo
1445 597 1471 626 a
1490 598 1560 626 me
1590 598 1740 638 argen-

455 653 562 699 tum,
585 651 738 703 quanti
759 655 840 700 est,
861 651 1037 692 sumito.
1682 652 1740 695 20

284 715 368 756 SY.
401 716 462 757 Di
507 716 606 766 tibi,
644 716 827 768 Demea,
868 731 960 768 oro,
1001 732 1152 760 omnes
1193 732 1365 773 semper
1403 719 1553 761 omnia
1587 723 1740 775 optata

453 783 648 826 offerant.

284 850 370 897 MI.
393 850 517 905 Syre,
539 852 804 905 processisti
822 852 953 894 hodie
974 853 1167 907 pulchre.
1218 855 1309 896 DE.
1332 854 1381 896 Si
1395 855 1573 910 quidem
1593 870 1739 911 porro,

457 919 611 969 Micio,
1661 968 1719 989 Μ

280 987 346 1029 Tu
371 991 495 1027 tuum
515 986 707 1028 officium
729 986 880 1038 facies,
912 990 1042 1041 atque
1072 987 1175 1029 huic
1197 989 1368 1043 aliquid
1389 991 1616 1044 paululum
1637 1004 1732 1047 prae

454 1067 589 1096 manu

285 1122 488 1172 Dederis,
511 1112 629 1184 uude
651 1125 823 1175 utatur3
854 1122 1002 1164 reddet
1023 1124 1103 1164 tibi
1127 1124 1233 1166 cito.
1294 1124 1380 1167 M1.
1412 1126 1536 1172 Istoc
1561 1127 1709 1177 vii-ius.

284 1191 382 1231 AES.
407 1190 540 1242 Frugi
561 1191 692 1231 homo
713 1194 789 1232 est.
840 1191 923 1232 SY.
947 1191 1149 1233 Reddam
1170 1194 1336 1245 hercle;
1368 1193 1424 1235 da
1443 1194 1588 1237 modo.
1636 1196 1738 1238 AES.

456 1257 565 1310 Age,
588 1263 724 1311 pater.
787 1259 872 1301 M1.
906 1260 1018 1302 Post
1038 1262 1280 1303 consulam.
1683 1263 1740 1304 25

279 1427 415 1465 primum
444 1436 606 1461 mammam
635 1428 783 1466 admovit,
809 1431 839 1459 et
865 1429 912 1459 luc
937 1428 1082 1468 proebuit.
1128 1430 1195 1460 DE.
1232 1429 1295 1460 Per
1328 1430 1506 1469 Herculem,
1535 1441 1678 1463 verumne
1708 1435 1740 1464 et

282 1469 362 1499 serio
387 1470 418 1500 id
439 1468 513 1500 uis!
557 1470 717 1509 Siquidem
740 1471 877 1511 primum
897 1473 1075 1511 nepotulum
1106 1476 1244 1503 nostrum
1269 1474 1410 1513 luctavit,
1432 1477 1549 1504 certum
1576 1478 1620 1505 est
1652 1474 1740 1505 illum

282 1521 345 1541 esse
376 1513 661 1551 manumittendum,
696 1515 745 1544 uti
777 1523 898 1553 (equum
930 1518 987 1545 est.
1043 1515 1108 1545 M1.
1147 1515 1196 1544 Ob
1225 1525 1292 1546 eum
1324 1526 1389 1546 rem
1416 1515 1543 1548 solum?
1585 1518 1655 1548 DE.
1690 1517 1739 1548 Ob

281 1565 359 1585 eam.
406 1555 548 1595 Denique
568 1559 733 1595 argentum
753 1566 810 1595 pro
829 1556 896 1594 ejus
918 1558 1030 1597 pretim
1047 1560 1155 1597 quanti
1176 1558 1378 1590 cestimaverz's
1398 1569 1476 1598 eam,
1494 1570 1512 1590 ιι
1527 1570 1573 1591 me
1594 1560 1742 1599 accipito.

285 1599 346 1628 SV.
370 1598 430 1628 Dii
445 1598 505 1628 libi
528 1608 640 1633 omues,
668 1599 797 1637 Deme«,
823 1600 937 1639 omnia,
965 1610 1032 1641 (μαι)
1055 1603 1156 1640 optas,
1172 1603 1348 1633 concedant.
1395 1603 1431 1632 M
1438 1611 1460 1632 1.
1486 1602 1577 1643 Syre,
1589 1604 1740 1643 praeclare

287 1640 376 1670 hodie
397 1641 569 1680 profecisti.
616 1642 681 1671 DE.
706 1642 759 1672 Sic
777 1645 835 1680 est,
853 1642 962 1681 Micio,
979 1645 1137 1674 dummodo
1160 1644 1292 1684 officium
1307 1644 1523 1684 tuum‚fucieS,
1538 1649 1567 1675 el
1584 1649 1618 1676 ut
1634 1645 1740 1676 herum

286 1681 441 1713 liberalem
458 1685 542 1714 decet
567 1685 704 1723 aliquam
724 1686 915 1724 pecuniolam
936 1686 965 1716 ei
988 1686 1124 1726 praebeas
1140 1687 1300 1718 utendam:
1325 1687 1407 1718 brevi
1423 1698 1488 1718 eum
1505 1688 1563 1718 tibi
1578 1689 1736 1728 rependet.

282 1725 349 1755 Mx.
373 1726 439 1757 Isto
456 1726 556 1766 flocco
582 1727 675 1758 vilius
697 1728 758 1758 erit
783 1729 863 1766 quod
886 1730 1004 1760 reddet.
1049 1729 1123 1759 AEs.
1149 1729 1268 1760 Probas
1292 1730 1379 1760 homo
1403 1734 1460 1769 est,
1477 1734 1507 1761 et
1522 1731 1573 1771 qui
1589 1731 1737 1770 promissa

282 1772 394 1799 servat.
439 1769 501 1801 SY.
528 1770 667 1801 Reddam
688 1779 744 1811 per
770 1770 952 1812 Herculem,
982 1773 1022 1803 da
1048 1773 1135 1802 modo
1161 1776 1278 1803 mutuo.
1322 1773 1391 1804 AEs.
1416 1773 1498 1813 Age,
1517 1777 1622 1814 pater.
1667 1774 1735 1805 Μι.

894 1894 1128 1907 eeeeeeeeeeee

283 1975 381 2015 hujus
407 1975 600 2016 apponitur.
645 1976 684 2007 ln
711 1976 829 2008 Guelf.
855 1980 885 2009 3.
909 1987 976 2007 cum
1003 1983 1077 2016 post
1105 1981 1157 2008 ut:
1183 1977 1305 2008 iterum
1334 1982 1369 2010 ut
1397 1983 1474 2018 post
1496 1989 1633 2011 mecum:
1657 1979 1739 2012 ibid.

278 2018 378 2058 primo
395 2019 436 2049 ab
454 2019 564 2049 altera
581 2029 693 2051 manu.
712 2020 883 2051 Pera—1⁷
909 2020 976 2050 Pro
995 2025 1024 2051 et
1041 2020 1173 2060 quidem.
1190 2021 1328 2060 equidem
1344 2022 1376 2052 in
1398 2023 1512 2053 multis
1529 2028 1580 2053 est
1597 2023 1620 2053 l.
1638 2032 1663 2054 S.
1679 2022 1740 2053 sed

284 2061 393 2093 adbuc
410 2068 522 2092 tamen
539 2062 685 2102 aliquam
714 2061 950 2093 difficultatem
975 2063 1122 2103 patietur
1148 2064 1200 2093 hic
1220 2073 1348 2101 versus,
1364 2064 1425 2095 nisi
1452 2065 1623 2105 legeretur
1642 2066 1743 2106 Optu-

282 2114 363 2134 mum
379 2104 538 2144 equidem;
562 2104 650 2144 quod
668 2114 732 2135 nou
752 2106 885 2144 placet:
909 2115 973 2145 ego
989 2106 1171 2136 lectionem
1191 2107 1360 2145 vulgatam
1379 2108 1521 2144 retineo,
1538 2117 1740 2149 versumque

284 2151 437 2177 sustento
454 2147 612 2177 elidendo
629 2148 812 2188 utrobique
828 2158 870 2186 m,
885 2157 927 2179 ex
945 2152 954 2165 ‘
968 2148 1131 2189 quidem‚’
1145 2150 1297 2189 quamvis
1320 2155 1486 2188 sequente
1508 2155 1739 2182 consonante:

283 2190 466 2220 dictionem
484 2199 564 2220 vero
581 2191 589 2207 ‘
608 2190 730 2230 hujus,'
747 2191 779 2220 in
798 2200 895 2221 unam
913 2191 1076 2231 syllabam
1100 2192 1342 2223 contrahendo.
1367 2193 1425 2224 Fu.
1462 2193 1521 2223 ΒΥ.
1536 2195 1579 2224 Et
1597 2197 1649 2225 tuo
1671 2194 1739 2234 qui-

283 2234 351 2263 dem
376 2233 473 2273 legit,
491 2238 527 2263 et
555 2238 720 2264 commate
738 2233 915 2273 distinguit
938 2239 1014 2273 post
1033 2234 1116 2274 filio.
1164 2235 1208 2265 Et
1228 2235 1275 2265 ita
1299 2235 1512 2275 distinguunt
1533 2237 1632 2268 Both.
1660 2237 1740 2276 Bip.

285 2276 410 2315 Delph.
455 2277 463 2292 ‘
482 2275 567 2306 GM.
584 2277 627 2315 gl.
645 2285 750 2306 recens
764 2276 860 2308 nato!
878 2277 1060 2307 PerL-ls
1084 2277 1152 2308 Ms.
1170 2278 1270 2308 Bodl.
1289 2278 1333 2309 G.
1348 2279 1448 2318 prima
1462 2288 1627 2310 mammam
1643 2279 1742 2312 dedit.

285 2319 330 2349 Et
348 2328 436 2355 mox,
452 2318 614 2357 Siquidem
627 2318 730 2358 prima
745 2319 841 2350 dedit.
865 2320 972 2350 West.
1009 2320 1121 2350 Prima
1138 2319 1240 2351 Benr.
1257 2321 1350 2351 Perl.
1371 2321 1557 2352 Rom-19
1580 2322 1740 2362 Siquidem

280 2362 414 2400 primam
428 2362 525 2397 dedit,
540 2361 621 2391 haud
644 2362 770 2392 dubium
786 2363 871 2401 quin.
915 2361 972 2392 Sic
1001 2372 1020 2393 a
1048 2362 1179 2393 Faenio
1205 2368 1282 2394 est:
1306 2364 1423 2394 Nostri
1448 2364 1604 2395 meliores
1629 2370 1665 2395 et
1681 2373 1740 2395 ve—

284 2405 445 2435 tustiores
469 2403 581 2443 prima.
619 2403 742 2442 Prima,
757 2410 791 2434 et
808 2405 882 2435 haut
905 2405 1031 2435 dubium
1054 2409 1110 2435 est.
1155 2406 1345 2446 Utrumque
1369 2407 1518 2447 recipio:
1542 2406 1624 2438 illud
1649 2407 1741 2447 prius

284 2447 440 2477 omnibus
457 2446 679 2484 scriptoribus
696 2447 871 2478 usitatum.
898 2448 993 2479 Beut.
1023 2448 1082 2478 ΒΓ.
1111 2447 1272 2487 Siquidem
1285 2449 1386 2489 primo
1401 2451 1432 2480 d.
1449 2449 1530 2481 haud
1543 2450 1669 2481 dubium
1683 2452 1742 2481 est.

286 2490 393 2520 Prima
411 2510 419 2518 .
438 2512 445 2519 .
462 2488 587 2519 dubium
613 2493 658 2519 est
683 2489 783 2521 Both.
819 2490 933 2521 Prima
950 2490 1042 2521 Perl.
1079 2490 1126 2520 H.
1151 2491 1278 2522 dubium
1294 2495 1337 2522 est
1354 2493 1421 2522 Ms-
1439 2492 1480 2523 R.
1498 2497 1566 2524 vet.
1584 2492 1659 2523 cod.
1684 2503 1740 2533 ap.

285 2531 386 2562 Lind.
403 2531 567 2570 Rip.-20
592 2532 678 2562 Post
704 2542 770 2562 eam
798 2533 980 2573 posterius,
999 2533 1033 2565 J.
1054 2532 1149 2563 addit
1171 2543 1248 2572 rem,
1267 2534 1435 2574 imperite.
1454 2535 1628 2566 Perz.—2r
1656 2535 1740 2566 Vei·-

286 2575 364 2604 bum
381 2584 433 2604 oro
451 2573 613 2614 delemus,
629 2575 718 2613 quod
736 2584 798 2605 nec
816 2575 847 2605 in
865 2576 934 2606 ullo
951 2576 972 2607 1.
990 2585 1015 2605 s.
1033 2580 1097 2615 est,
1114 2585 1177 2607 nec
1203 2586 1220 2606 a
1238 2577 1375 2608 Donato
1390 2578 1538 2617 ponitur,
1552 2583 1587 2608 et
1604 2587 1739 2608 versum

284 2617 482 2656 corrumpit.
514 2617 573 2647 Fu.
620 2617 768 2656 Reponit
794 2617 896 2649 Bent.
923 2619 968 2649 Di
994 2618 1065 2657 tibi,
1095 2619 1224 2654 Demea,
1250 2620 1354 2650 omnia
1377 2630 1478 2650 omnes
1501 2629 1619 2659 semper
1640 2631 1669 2652 ο.
1694 2621 1741 2659 uf.

285 2660 341 2690 lta
358 2665 393 2690 et
410 2659 509 2690 nom.
529 2659 620 2689 Peri.
654 2661 717 2689 Oro
735 2660 830 2690 abest
846 2661 904 2691 ΒΓ.
919 2661 976 2701 qui
993 2661 1095 2691 etiam
1113 2671 1188 2692 cum
1209 2662 1332 2701 Delph.
1349 2662 1483 2702 afferant
1500 2663 1593 2703 legit.
1633 2663 1742 2695 Abest

284 2712 336 2734 nro
354 2702 430 2742 Bip.
449 2701 713 2742 Z.1)e1p11.—·23
738 2703 867 2742 Aliquid
881 2703 952 2734 huic
965 2713 1031 2743 proe
1047 2714 1087 2733 m.
1108 2714 1140 2743 p.
1166 2704 1223 2736 ΒΓ.
1262 2705 1397 2736 Paulum
1412 2705 1512 2736 Beni.
1534 2705 1630 2736 Both.
1648 2707 1740 2738 Perl.

287 2745 327 2777 Z.
344 2744 470 2787 Delph.
517 2744 624 2776 Abest
653 2745 698 2777 Tu
714 2745 828 2777 Guelf.
845 2748 875 2777 2.
899 2749 1015 2778 3.--24
1041 2746 1113 2779 ΕΡ.
1136 2747 1218 2779 Istoc
1234 2747 1338 2779 levius.
1360 2748 1467 2779 West.
1513 2747 1596 2780 GM.
1621 2749 1739 2782 letius:
