<?xml version="1.0" encoding="UTF-8"?>
<!DOCTYPE html PUBLIC "-//W3C//DTD XHTML 1.0 Transitional//EN"
    "http://www.w3.org/TR/xhtml1/DTD/xhtml1-transitional.dtd">
<html xmlns="http://www.w3.org/1999/xhtml" xml:lang="en" lang="en">
 <head>
  <title>
</title>
<meta http-equiv="Content-Type" content="text/html;charset=utf-8" />
  <meta name='ocr-system' content='tesseract 3.04.00' />
  <meta name='ocr-capabilities' content='ocr_page ocr_carea ocr_par ocr_line ocrx_word'/>
</head>
<body>
  <div class='ocr_page' id='page_1' title='image "./pubterentiiafric02tereuoft/pubterentiiafric02tereuoft_0468.png"; bbox 0 0 1966 3302; ppageno 0'>
   <div class='ocr_carea' id='block_1_1' title="bbox 321 234 1279 275">
    <p class='ocr_par' dir='ltr' id='par_1_1' title="bbox 321 234 1279 275">
     <span class='ocr_line' id='line_1_1' title="bbox 321 234 1279 275; baseline -0.001 0"><span class='ocrx_word' id='word_1_1' title='bbox 321 234 405 275; x_wconf 77' lang='lat'><strong>958</strong></span> <span class='ocrx_word' id='word_1_2' title='bbox 812 245 852 273; x_wconf 74' lang='grc' dir='ltr'><strong>Ρ.</strong></span> <span class='ocrx_word' id='word_1_3' title='bbox 885 243 1126 273; x_wconf 74' lang='lat' dir='ltr'>TERENTH</span> <span class='ocrx_word' id='word_1_4' title='bbox 1160 244 1279 274; x_wconf 69' lang='lat' dir='ltr'><strong>Arni</strong></span> 
     </span>
    </p>
   </div>
   <div class='ocr_carea' id='block_1_2' title="bbox 321 337 1775 580">
    <p class='ocr_par' dir='ltr' id='par_1_2' title="bbox 324 337 1442 391">
     <span class='ocr_line' id='line_1_2' title="bbox 324 337 1442 391; baseline 0.001 -13"><span class='ocrx_word' id='word_1_5' title='bbox 324 337 558 387; x_wconf 81' lang='lat' dir='ltr'>Narrabat,</span> <span class='ocrx_word' id='word_1_6' title='bbox 583 350 631 378; x_wconf 91' lang='lat' dir='ltr'><strong>se</strong></span> <span class='ocrx_word' id='word_1_7' title='bbox 653 338 768 379; x_wconf 88' lang='lat' dir='ltr'><strong>hunc</strong></span> <span class='ocrx_word' id='word_1_8' title='bbox 789 338 1006 390; x_wconf 82' lang='lat' dir='ltr'><strong>negligere</strong></span> <span class='ocrx_word' id='word_1_9' title='bbox 1030 344 1267 391; x_wconf 82' lang='lat' dir='ltr'><strong>cognatum</strong></span> <span class='ocrx_word' id='word_1_10' title='bbox 1290 351 1442 379; x_wconf 89' lang='lat' dir='ltr'><strong>suum:</strong></span> 
     </span>
    </p>

    <p class='ocr_par' dir='ltr' id='par_1_3' title="bbox 321 403 1775 458">
     <span class='ocr_line' id='line_1_3' title="bbox 321 403 1775 458; baseline -0.001 -12"><span class='ocrx_word' id='word_1_11' title='bbox 321 405 383 446; x_wconf 81' lang='lat' dir='ltr'><strong>At</strong></span> <span class='ocrx_word' id='word_1_12' title='bbox 403 419 532 458; x_wconf 87' lang='lat' dir='ltr'><strong>quem</strong></span> <span class='ocrx_word' id='word_1_13' title='bbox 557 405 719 446; x_wconf 87' lang='lat' dir='ltr'><strong>virum!</strong></span> <span class='ocrx_word' id='word_1_14' title='bbox 751 418 879 458; x_wconf 89' lang='lat' dir='ltr'><strong>quem</strong></span> <span class='ocrx_word' id='word_1_15' title='bbox 901 419 981 458; x_wconf 84' lang='lat' dir='ltr'><strong>ego</strong></span> <span class='ocrx_word' id='word_1_16' title='bbox 1001 405 1186 445; x_wconf 87' lang='lat' dir='ltr'><strong>viderim</strong></span> <span class='ocrx_word' id='word_1_17' title='bbox 1208 405 1251 445; x_wconf 86' lang='lat' dir='ltr'><strong>in</strong></span> <span class='ocrx_word' id='word_1_18' title='bbox 1270 406 1362 447; x_wconf 83' lang='lat' dir='ltr'><strong>vita</strong></span> <span class='ocrx_word' id='word_1_19' title='bbox 1384 405 1611 458; x_wconf 86' lang='lat' dir='ltr'><strong>optimum.</strong></span> <span class='ocrx_word' id='word_1_20' title='bbox 1719 403 1775 445; x_wconf 76' lang='lat'><strong>20</strong></span> 
     </span>
    </p>

    <p class='ocr_par' dir='ltr' id='par_1_4' title="bbox 323 470 1775 580">
     <span class='ocr_line' id='line_1_4' title="bbox 323 470 1775 525; baseline -0.001 -12"><span class='ocrx_word' id='word_1_21' title='bbox 323 473 416 513; x_wconf 70' lang='lat' dir='ltr'><strong>Gn.</strong></span> <span class='ocrx_word' id='word_1_22' title='bbox 448 472 613 512; x_wconf 80' lang='lat' dir='ltr'><strong>Videas</strong></span> <span class='ocrx_word' id='word_1_23' title='bbox 633 476 693 521; x_wconf 89' lang='lat' dir='ltr'><strong>te,</strong></span> <span class='ocrx_word' id='word_1_24' title='bbox 726 477 856 525; x_wconf 83' lang='lat' dir='ltr'><strong>atque</strong></span> <span class='ocrx_word' id='word_1_25' title='bbox 875 472 1013 521; x_wconf 88' lang='lat' dir='ltr'><strong>illum,</strong></span> <span class='ocrx_word' id='word_1_26' title='bbox 1035 476 1082 513; x_wconf 86' lang='lat' dir='ltr'><strong>ut</strong></span> <span class='ocrx_word' id='word_1_27' title='bbox 1101 484 1265 513; x_wconf 84' lang='lat' dir='ltr'><strong>narras.</strong></span> <span class='ocrx_word' id='word_1_28' title='bbox 1326 472 1489 513; x_wconf 81' lang='lat' dir='ltr'><strong>PHoR.</strong></span> <span class='ocrx_word' id='word_1_29' title='bbox 1521 471 1576 512; x_wconf 86' lang='lat' dir='ltr'><strong>In</strong></span> <span class='ocrx_word' id='word_1_30' title='bbox 1611 470 1775 512; x_wconf 84' lang='lat' dir='ltr'><strong>malam</strong></span> 
     </span>
     <span class='ocr_line' id='line_1_5' title="bbox 495 540 695 580; baseline 0 0"><span class='ocrx_word' id='word_1_31' title='bbox 495 540 695 580; x_wconf 86' lang='lat' dir='ltr'><strong>crucem!</strong></span> 
     </span>
    </p>
   </div>
   <div class='ocr_carea' id='block_1_3' title="bbox 322 637 1782 767">
    <p class='ocr_par' dir='ltr' id='par_1_5' title="bbox 322 637 1782 767">
     <span class='ocr_line' id='line_1_6' title="bbox 322 637 1782 680; baseline 0.002 -13"><span class='ocrx_word' id='word_1_32' title='bbox 322 647 390 668; x_wconf 77' lang='lat' dir='ltr'><strong>mm</strong></span> <span class='ocrx_word' id='word_1_33' title='bbox 412 642 578 677; x_wconf 79' lang='lat' dir='ltr'><strong>cognatum</strong></span> <span class='ocrx_word' id='word_1_34' title='bbox 601 648 691 669; x_wconf 82' lang='lat' dir='ltr'><strong>suum</strong></span> <span class='ocrx_word' id='word_1_35' title='bbox 713 639 814 678; x_wconf 75' lang='lat' dir='ltr'><strong>ipsum</strong></span> <span class='ocrx_word' id='word_1_36' title='bbox 836 639 990 679; x_wconf 71' lang='lat' dir='ltr'><strong>despicere</strong></span> <span class='ocrx_word' id='word_1_37' title='bbox 1012 650 1048 670; x_wconf 84' lang='lat' dir='ltr'><strong>ac</strong></span> <span class='ocrx_word' id='word_1_38' title='bbox 1062 649 1224 680; x_wconf 80' lang='lat' dir='ltr'><strong>spernere.-</strong></span> <span class='ocrx_word' id='word_1_39' title='bbox 1244 642 1277 669; x_wconf 76' lang='lat' dir='ltr'><strong>at</strong></span> <span class='ocrx_word' id='word_1_40' title='bbox 1297 648 1385 679; x_wconf 79' lang='lat' dir='ltr'><strong>quem</strong></span> <span class='ocrx_word' id='word_1_41' title='bbox 1409 637 1535 669; x_wconf 77' lang='lat' dir='ltr'><strong>virum!</strong></span> <span class='ocrx_word' id='word_1_42' title='bbox 1557 637 1690 668; x_wconf 79' lang='lat' dir='ltr'><strong>omnium</strong></span> <span class='ocrx_word' id='word_1_43' title='bbox 1705 648 1782 678; x_wconf 82' lang='lat' dir='ltr'><strong>quos</strong></span> 
     </span>
     <span class='ocr_line' id='line_1_7' title="bbox 323 679 1778 722; baseline 0.001 -12"><span class='ocrx_word' id='word_1_44' title='bbox 323 680 463 720; x_wconf 73' lang='lat' dir='ltr'><strong>viderim,</strong></span> <span class='ocrx_word' id='word_1_45' title='bbox 490 681 556 712; x_wconf 67' lang='lat' dir='ltr'><strong>vita</strong></span> <span class='ocrx_word' id='word_1_46' title='bbox 582 685 613 712; x_wconf 84' lang='lat' dir='ltr'><strong>et</strong></span> <span class='ocrx_word' id='word_1_47' title='bbox 636 681 771 712; x_wconf 79' lang='lat' dir='ltr'><strong>moribus</strong></span> <span class='ocrx_word' id='word_1_48' title='bbox 796 682 953 721; x_wconf 77' lang='lat' dir='ltr'><strong>optimum.</strong></span> <span class='ocrx_word' id='word_1_49' title='bbox 1000 683 1068 714; x_wconf 78' lang='lat' dir='ltr'><strong>GE.</strong></span> <span class='ocrx_word' id='word_1_50' title='bbox 1095 682 1172 712; x_wconf 74' lang='lat' dir='ltr'><strong>Hoec</strong></span> <span class='ocrx_word' id='word_1_51' title='bbox 1188 692 1255 722; x_wconf 81' lang='lat' dir='ltr'><strong>quoe</strong></span> <span class='ocrx_word' id='word_1_52' title='bbox 1271 683 1308 712; x_wconf 86' lang='lat' dir='ltr'><strong>de</strong></span> <span class='ocrx_word' id='word_1_53' title='bbox 1324 684 1354 712; x_wconf 84' lang='lat' dir='ltr'><strong>te</strong></span> <span class='ocrx_word' id='word_1_54' title='bbox 1368 684 1398 711; x_wconf 81' lang='lat' dir='ltr'><strong>et</strong></span> <span class='ocrx_word' id='word_1_55' title='bbox 1415 682 1467 711; x_wconf 85' lang='lat' dir='ltr'><strong>illo</strong></span> <span class='ocrx_word' id='word_1_56' title='bbox 1487 689 1613 719; x_wconf 80' lang='lat' dir='ltr'><strong>narras,</strong></span> <span class='ocrx_word' id='word_1_57' title='bbox 1629 679 1688 711; x_wconf 76' lang='lat' dir='ltr'><strong>tibi</strong></span> <span class='ocrx_word' id='word_1_58' title='bbox 1711 681 1778 712; x_wconf 78' lang='lat' dir='ltr'><strong>sint</strong></span> 
     </span>
     <span class='ocr_line' id='line_1_8' title="bbox 323 723 1779 767; baseline 0.002 -15"><span class='ocrx_word' id='word_1_59' title='bbox 323 732 427 760; x_wconf 78' lang='lat' dir='ltr'><strong>curoe;</strong></span> <span class='ocrx_word' id='word_1_60' title='bbox 450 724 524 763; x_wconf 80' lang='lat' dir='ltr'><strong>quid</strong></span> <span class='ocrx_word' id='word_1_61' title='bbox 548 726 588 755; x_wconf 86' lang='lat' dir='ltr'><strong>ad</strong></span> <span class='ocrx_word' id='word_1_62' title='bbox 611 728 686 756; x_wconf 79' lang='lat' dir='ltr'><strong>nos?</strong></span> <span class='ocrx_word' id='word_1_63' title='bbox 731 725 802 755; x_wconf 78' lang='grc' dir='ltr'>Ρι-ῐ.</span> <span class='ocrx_word' id='word_1_64' title='bbox 826 724 890 755; x_wconf 69' lang='lat' dir='ltr'><strong>Abi</strong></span> <span class='ocrx_word' id='word_1_65' title='bbox 910 725 944 754; x_wconf 81' lang='grc' dir='ltr'><strong>ὶη</strong></span> <span class='ocrx_word' id='word_1_66' title='bbox 970 727 1082 755; x_wconf 75' lang='lat' dir='ltr'><strong>malam</strong></span> <span class='ocrx_word' id='word_1_67' title='bbox 1101 734 1243 756; x_wconf 81' lang='lat' dir='ltr'><strong>crucem:</strong></span> <span class='ocrx_word' id='word_1_68' title='bbox 1264 734 1335 755; x_wconf 80' lang='lat' dir='ltr'><strong>nam</strong></span> <span class='ocrx_word' id='word_1_69' title='bbox 1350 723 1413 754; x_wconf 78' lang='lat' dir='ltr'><strong>nisi</strong></span> <span class='ocrx_word' id='word_1_70' title='bbox 1429 723 1522 754; x_wconf 81' lang='lat' dir='ltr'><strong>talem</strong></span> <span class='ocrx_word' id='word_1_71' title='bbox 1537 733 1605 754; x_wconf 86' lang='lat' dir='ltr'><strong>eum</strong></span> <span class='ocrx_word' id='word_1_72' title='bbox 1619 723 1779 767; x_wconf 74' lang='lat' dir='ltr'><strong>sensissem</strong></span> 
     </span>
    </p>
   </div>
   <div class='ocr_carea' id='block_1_4' title="bbox 928 815 1169 827">
    <p class='ocr_par' dir='ltr' id='par_1_6' title="bbox 928 815 1169 827">
     <span class='ocr_line' id='line_1_9' title="bbox 928 815 1169 827; baseline 0.008 -2"><span class='ocrx_word' id='word_1_73' title='bbox 928 815 1169 827; x_wconf 62' lang='lat' dir='ltr'><strong>eeeeeeeeeeee</strong></span> 
     </span>
    </p>
   </div>
   <div class='ocr_carea' id='block_1_5' title="bbox 321 878 1786 2831">
    <p class='ocr_par' dir='ltr' id='par_1_7' title="bbox 321 878 1786 2831">
     <span class='ocr_line' id='line_1_10' title="bbox 322 878 1779 919; baseline 0.001 -10"><span class='ocrx_word' id='word_1_74' title='bbox 322 883 460 910; x_wconf 86' lang='lat' dir='ltr'><strong>constat</strong></span> <span class='ocrx_word' id='word_1_75' title='bbox 479 888 606 909; x_wconf 81' lang='lat' dir='ltr'><strong>versus.</strong></span> <span class='ocrx_word' id='word_1_76' title='bbox 635 880 690 910; x_wconf 84' lang='lat' dir='ltr'><strong>Er.</strong></span> <span class='ocrx_word' id='word_1_77' title='bbox 733 879 768 910; x_wconf 89' lang='lat' dir='ltr'><strong>Si</strong></span> <span class='ocrx_word' id='word_1_78' title='bbox 786 889 846 919; x_wconf 87' lang='lat' dir='ltr'><strong>per</strong></span> <span class='ocrx_word' id='word_1_79' title='bbox 863 878 972 910; x_wconf 81' lang='lat' dir='ltr'><strong>Codd.</strong></span> <span class='ocrx_word' id='word_1_80' title='bbox 995 879 1128 918; x_wconf 79' lang='lat' dir='ltr'><strong>liceret,</strong></span> <span class='ocrx_word' id='word_1_81' title='bbox 1144 879 1296 919; x_wconf 75' lang='lat' dir='ltr'><strong>legerim,</strong></span> <span class='ocrx_word' id='word_1_82' title='bbox 1311 882 1344 910; x_wconf 86' lang='lat' dir='ltr'><strong>ut</strong></span> <span class='ocrx_word' id='word_1_83' title='bbox 1360 878 1498 910; x_wconf 81' lang='lat' dir='ltr'><strong>narrat!</strong></span> <span class='ocrx_word' id='word_1_84' title='bbox 1520 882 1557 909; x_wconf 90' lang='lat' dir='ltr'><strong>ut</strong></span> <span class='ocrx_word' id='word_1_85' title='bbox 1582 878 1624 909; x_wconf 85' lang='lat' dir='ltr'><strong>ad</strong></span> <span class='ocrx_word' id='word_1_86' title='bbox 1646 883 1779 919; x_wconf 85' lang='lat' dir='ltr'><strong>specta-</strong></span> 
     </span>
     <span class='ocr_line' id='line_1_11' title="bbox 324 921 1778 963; baseline 0.001 -12"><span class='ocrx_word' id='word_1_87' title='bbox 324 927 414 952; x_wconf 88' lang='lat' dir='ltr'><strong>tores</strong></span> <span class='ocrx_word' id='word_1_88' title='bbox 431 931 616 952; x_wconf 81' lang='lat' dir='ltr'><strong>conversus</strong></span> <span class='ocrx_word' id='word_1_89' title='bbox 634 922 722 952; x_wconf 80' lang='lat' dir='ltr'><strong>Geta</strong></span> <span class='ocrx_word' id='word_1_90' title='bbox 740 932 816 952; x_wconf 83' lang='lat' dir='ltr'><strong>cum</strong></span> <span class='ocrx_word' id='word_1_91' title='bbox 833 922 985 952; x_wconf 77' lang='lat' dir='ltr'><strong>irrisione</strong></span> <span class='ocrx_word' id='word_1_92' title='bbox 1003 922 1064 953; x_wconf 88' lang='lat' dir='ltr'><strong>hoc</strong></span> <span class='ocrx_word' id='word_1_93' title='bbox 1077 922 1223 953; x_wconf 82' lang='lat' dir='ltr'><strong>dixerit:</strong></span> <span class='ocrx_word' id='word_1_94' title='bbox 1242 933 1275 963; x_wconf 88' lang='lat' dir='ltr'><strong>q.</strong></span> <span class='ocrx_word' id='word_1_95' title='bbox 1288 921 1320 952; x_wconf 90' lang='lat' dir='ltr'><strong>d.</strong></span> <span class='ocrx_word' id='word_1_96' title='bbox 1334 927 1370 952; x_wconf 90' lang='lat' dir='ltr'><strong>ut</strong></span> <span class='ocrx_word' id='word_1_97' title='bbox 1385 921 1498 961; x_wconf 89' lang='lat' dir='ltr'><strong>lepide</strong></span> <span class='ocrx_word' id='word_1_98' title='bbox 1513 922 1676 961; x_wconf 86' lang='lat' dir='ltr'><strong>nugatur!</strong></span> <span class='ocrx_word' id='word_1_99' title='bbox 1693 922 1778 954; x_wconf 84' lang='lat' dir='ltr'><strong>Mss.</strong></span> 
     </span>
     <span class='ocr_line' id='line_1_12' title="bbox 326 963 1778 1005; baseline 0 -10"><span class='ocrx_word' id='word_1_100' title='bbox 326 965 417 1003; x_wconf 83' lang='lat' dir='ltr'><strong>Lips.</strong></span> <span class='ocrx_word' id='word_1_101' title='bbox 435 963 631 995; x_wconf 81' lang='lat' dir='ltr'><strong>Bod1.Wit.</strong></span> <span class='ocrx_word' id='word_1_102' title='bbox 647 964 691 995; x_wconf 83' lang='lat' dir='ltr'><strong>G.</strong></span> <span class='ocrx_word' id='word_1_103' title='bbox 716 964 837 995; x_wconf 76' lang='lat' dir='ltr'><strong>Leidd.</strong></span> <span class='ocrx_word' id='word_1_104' title='bbox 864 964 942 1002; x_wconf 84' lang='lat' dir='ltr'><strong>duo,</strong></span> <span class='ocrx_word' id='word_1_105' title='bbox 965 974 1040 994; x_wconf 88' lang='lat' dir='ltr'><strong>cum</strong></span> <span class='ocrx_word' id='word_1_106' title='bbox 1063 965 1142 994; x_wconf 83' lang='lat' dir='ltr'><strong>edd.</strong></span> <span class='ocrx_word' id='word_1_107' title='bbox 1167 964 1365 1005; x_wconf 86' lang='lat' dir='ltr'><strong>quibusdam</strong></span> <span class='ocrx_word' id='word_1_108' title='bbox 1384 968 1461 1004; x_wconf 89' lang='lat' dir='ltr'><strong>post</strong></span> <span class='ocrx_word' id='word_1_109' title='bbox 1485 964 1558 995; x_wconf 86' lang='grc' dir='ltr'><strong>ΕΡ.</strong></span> <span class='ocrx_word' id='word_1_110' title='bbox 1580 963 1645 994; x_wconf 75' lang='lat' dir='ltr'><strong>Abi</strong></span> <span class='ocrx_word' id='word_1_111' title='bbox 1659 964 1731 995; x_wconf 78' lang='lat' dir='ltr'><strong>hinc</strong></span> <span class='ocrx_word' id='word_1_112' title='bbox 1744 965 1778 996; x_wconf 80' lang='lat' dir='ltr'><strong>in</strong></span> 
     </span>
     <span class='ocr_line' id='line_1_13' title="bbox 323 1006 1778 1047; baseline 0.001 -10"><span class='ocrx_word' id='word_1_113' title='bbox 323 1007 579 1038; x_wconf 70' lang='lat' dir='ltr'><strong>mulumcrucem.</strong></span> <span class='ocrx_word' id='word_1_114' title='bbox 627 1007 748 1047; x_wconf 83' lang='lat' dir='ltr'><strong>Neque</strong></span> <span class='ocrx_word' id='word_1_115' title='bbox 764 1006 1000 1038; x_wconf 80' lang='lat' dir='ltr'><strong>aliterssoend.</strong></span> <span class='ocrx_word' id='word_1_116' title='bbox 1024 1006 1089 1037; x_wconf 90' lang='lat' dir='ltr'><strong>nisi</strong></span> <span class='ocrx_word' id='word_1_117' title='bbox 1117 1008 1206 1047; x_wconf 86' lang='lat' dir='ltr'><strong>quod</strong></span> <span class='ocrx_word' id='word_1_118' title='bbox 1233 1006 1271 1037; x_wconf 76' lang='grc' dir='ltr'><strong>τὸ</strong></span> <span class='ocrx_word' id='word_1_119' title='bbox 1297 1006 1369 1037; x_wconf 79' lang='lat' dir='ltr'><strong>hinc</strong></span> <span class='ocrx_word' id='word_1_120' title='bbox 1396 1006 1677 1046; x_wconf 81' lang='lat' dir='ltr'><strong>suprascriptum.</strong></span> <span class='ocrx_word' id='word_1_121' title='bbox 1703 1007 1778 1039; x_wconf 82' lang='lat' dir='ltr'><strong>EA.</strong></span> 
     </span>
     <span class='ocr_line' id='line_1_14' title="bbox 322 1048 1780 1087; baseline 0 -7"><span class='ocrx_word' id='word_1_122' title='bbox 322 1050 385 1080; x_wconf 66' lang='lat' dir='ltr'><strong>Aba·</strong></span> <span class='ocrx_word' id='word_1_123' title='bbox 401 1049 433 1079; x_wconf 85' lang='lat' dir='ltr'><strong>z&#39;n</strong></span> <span class='ocrx_word' id='word_1_124' title='bbox 450 1050 561 1080; x_wconf 78' lang='lat' dir='ltr'><strong>mulam</strong></span> <span class='ocrx_word' id='word_1_125' title='bbox 576 1059 707 1080; x_wconf 77' lang='lat' dir='ltr'><strong>crucem.</strong></span> <span class='ocrx_word' id='word_1_126' title='bbox 752 1050 829 1080; x_wconf 89' lang='lat' dir='ltr'><strong>Riv.</strong></span> <span class='ocrx_word' id='word_1_127' title='bbox 844 1049 973 1087; x_wconf 82' lang='lat' dir='ltr'><strong>mallet,</strong></span> <span class='ocrx_word' id='word_1_128' title='bbox 987 1048 1051 1080; x_wconf 79' lang='lat' dir='ltr'><strong>Abi</strong></span> <span class='ocrx_word' id='word_1_129' title='bbox 1066 1049 1137 1080; x_wconf 79' lang='lat' dir='ltr'><strong>hinc</strong></span> <span class='ocrx_word' id='word_1_130' title='bbox 1153 1051 1265 1081; x_wconf 82' lang='lat' dir='ltr'><strong>malam</strong></span> <span class='ocrx_word' id='word_1_131' title='bbox 1280 1058 1410 1080; x_wconf 78' lang='lat' dir='ltr'><strong>crucem.</strong></span> <span class='ocrx_word' id='word_1_132' title='bbox 1456 1048 1521 1079; x_wconf 85' lang='lat' dir='ltr'><strong>Sed</strong></span> <span class='ocrx_word' id='word_1_133' title='bbox 1539 1048 1583 1080; x_wconf 90' lang='lat' dir='ltr'><strong>G.</strong></span> <span class='ocrx_word' id='word_1_134' title='bbox 1601 1049 1639 1080; x_wconf 88' lang='lat' dir='ltr'><strong>F.</strong></span> <span class='ocrx_word' id='word_1_135' title='bbox 1657 1048 1695 1080; x_wconf 80' lang='grc' dir='ltr'><strong>τὸ</strong></span> <span class='ocrx_word' id='word_1_136' title='bbox 1714 1049 1780 1080; x_wconf 82' lang='lat' dir='ltr'><strong>Abi</strong></span> 
     </span>
     <span class='ocr_line' id='line_1_15' title="bbox 324 1091 1778 1131; baseline 0.001 -9"><span class='ocrx_word' id='word_1_137' title='bbox 324 1091 459 1131; x_wconf 78' lang='lat' dir='ltr'><strong>recidit,</strong></span> <span class='ocrx_word' id='word_1_138' title='bbox 475 1092 518 1122; x_wconf 91' lang='lat' dir='ltr'><strong>ob</strong></span> <span class='ocrx_word' id='word_1_139' title='bbox 536 1097 693 1122; x_wconf 86' lang='lat' dir='ltr'><strong>metrum.</strong></span> <span class='ocrx_word' id='word_1_140' title='bbox 738 1092 774 1122; x_wconf 86' lang='lat' dir='ltr'><strong>Si</strong></span> <span class='ocrx_word' id='word_1_141' title='bbox 793 1097 905 1123; x_wconf 86' lang='lat' dir='ltr'><strong>tamen</strong></span> <span class='ocrx_word' id='word_1_142' title='bbox 922 1097 1042 1131; x_wconf 83' lang='lat' dir='ltr'><strong>quarto</strong></span> <span class='ocrx_word' id='word_1_143' title='bbox 1059 1092 1134 1122; x_wconf 88' lang='lat' dir='ltr'><strong>loco</strong></span> <span class='ocrx_word' id='word_1_144' title='bbox 1159 1096 1328 1123; x_wconf 83' lang='lat' dir='ltr'><strong>statuatur</strong></span> <span class='ocrx_word' id='word_1_145' title='bbox 1344 1091 1501 1127; x_wconf 71' lang='lat' dir='ltr'><strong>creticus,</strong></span> <span class='ocrx_word' id='word_1_146' title='bbox 1518 1091 1580 1122; x_wconf 76' lang='lat' dir='ltr'><strong><em>Abz·</em></strong></span> <span class='ocrx_word' id='word_1_147' title='bbox 1606 1091 1687 1122; x_wconf 88' lang='lat' dir='ltr'><strong>illud</strong></span> <span class='ocrx_word' id='word_1_148' title='bbox 1712 1101 1778 1123; x_wconf 89' lang='lat' dir='ltr'><strong>non</strong></span> 
     </span>
     <span class='ocr_line' id='line_1_16' title="bbox 324 1133 1779 1174; baseline 0.001 -10"><span class='ocrx_word' id='word_1_149' title='bbox 324 1133 481 1165; x_wconf 79' lang='lat' dir='ltr'><strong>offendit.</strong></span> <span class='ocrx_word' id='word_1_150' title='bbox 509 1134 609 1166; x_wconf 78' lang='lat' dir='ltr'><strong>West.</strong></span> <span class='ocrx_word' id='word_1_151' title='bbox 653 1134 717 1165; x_wconf 80' lang='lat' dir='ltr'><strong>Abi</strong></span> <span class='ocrx_word' id='word_1_152' title='bbox 738 1134 771 1164; x_wconf 80' lang='lat' dir='ltr'><strong>in</strong></span> <span class='ocrx_word' id='word_1_153' title='bbox 798 1135 910 1165; x_wconf 75' lang='lat' dir='ltr'><strong>malam</strong></span> <span class='ocrx_word' id='word_1_154' title='bbox 932 1134 1068 1174; x_wconf 82' lang='lat' dir='ltr'><strong>crucem]</strong></span> <span class='ocrx_word' id='word_1_155' title='bbox 1093 1135 1133 1165; x_wconf 88' lang='lat' dir='ltr'><strong>In</strong></span> <span class='ocrx_word' id='word_1_156' title='bbox 1161 1135 1259 1166; x_wconf 77' lang='lat' dir='ltr'><strong>Beni.</strong></span> <span class='ocrx_word' id='word_1_157' title='bbox 1288 1135 1425 1174; x_wconf 87' lang='lat' dir='ltr'><strong>legitur,</strong></span> <span class='ocrx_word' id='word_1_158' title='bbox 1439 1134 1505 1164; x_wconf 82' lang='lat' dir='ltr'><strong>Iin</strong></span> <span class='ocrx_word' id='word_1_159' title='bbox 1520 1133 1633 1164; x_wconf 84' lang='lat' dir='ltr'><strong>malam</strong></span> <span class='ocrx_word' id='word_1_160' title='bbox 1647 1144 1779 1166; x_wconf 80' lang='lat' dir='ltr'><strong>crucem.</strong></span> 
     </span>
     <span class='ocr_line' id='line_1_17' title="bbox 322 1176 1781 1217; baseline 0 -9"><span class='ocrx_word' id='word_1_161' title='bbox 322 1177 392 1208; x_wconf 89' lang='lat' dir='ltr'><strong>Do.</strong></span> <span class='ocrx_word' id='word_1_162' title='bbox 409 1176 506 1215; x_wconf 85' lang='lat' dir='ltr'><strong>dicit,</strong></span> <span class='ocrx_word' id='word_1_163' title='bbox 523 1177 652 1207; x_wconf 86' lang='lat' dir='ltr'><strong>dictum</strong></span> <span class='ocrx_word' id='word_1_164' title='bbox 670 1177 733 1207; x_wconf 88' lang='lat' dir='ltr'><strong>hoc</strong></span> <span class='ocrx_word' id='word_1_165' title='bbox 749 1187 823 1207; x_wconf 87' lang='lat' dir='ltr'><strong>esse</strong></span> <span class='ocrx_word' id='word_1_166' title='bbox 840 1177 1107 1215; x_wconf 83' lang='lat' dir='ltr'><strong>adverbialiter;</strong></span> <span class='ocrx_word' id='word_1_167' title='bbox 1125 1178 1213 1217; x_wconf 88' lang='lat' dir='ltr'><strong>quod</strong></span> <span class='ocrx_word' id='word_1_168' title='bbox 1231 1177 1311 1216; x_wconf 86' lang='lat' dir='ltr'><strong>erit,</strong></span> <span class='ocrx_word' id='word_1_169' title='bbox 1325 1177 1364 1215; x_wconf 89' lang='lat' dir='ltr'><strong>si,</strong></span> <span class='ocrx_word' id='word_1_170' title='bbox 1379 1176 1496 1207; x_wconf 90' lang='lat' dir='ltr'><strong>demto</strong></span> <span class='ocrx_word' id='word_1_171' title='bbox 1513 1176 1616 1207; x_wconf 85' lang='lat' dir='ltr'><strong>verbo</strong></span> <span class='ocrx_word' id='word_1_172' title='bbox 1630 1177 1662 1216; x_wconf 91' lang='lat' dir='ltr'><strong>I,</strong></span> <span class='ocrx_word' id='word_1_173' title='bbox 1678 1178 1781 1216; x_wconf 82' lang='lat' dir='ltr'><strong>legas,</strong></span> 
     </span>
     <span class='ocr_line' id='line_1_18' title="bbox 324 1219 1782 1259; baseline 0 -10"><span class='ocrx_word' id='word_1_174' title='bbox 324 1224 362 1250; x_wconf 89' lang='lat' dir='ltr'><strong>ut</strong></span> <span class='ocrx_word' id='word_1_175' title='bbox 374 1220 543 1258; x_wconf 86' lang='lat' dir='ltr'><strong>Donatus,</strong></span> <span class='ocrx_word' id='word_1_176' title='bbox 560 1220 599 1250; x_wconf 88' lang='lat' dir='ltr'><strong>In</strong></span> <span class='ocrx_word' id='word_1_177' title='bbox 615 1221 726 1250; x_wconf 82' lang='lat' dir='ltr'><strong>malam</strong></span> <span class='ocrx_word' id='word_1_178' title='bbox 742 1229 860 1250; x_wconf 83' lang='lat' dir='ltr'><strong>crucem</strong></span> <span class='ocrx_word' id='word_1_179' title='bbox 871 1230 881 1250; x_wconf 94' lang='lat'><strong>.·</strong></span> <span class='ocrx_word' id='word_1_180' title='bbox 899 1219 939 1250; x_wconf 83' lang='grc' dir='ltr'><strong>Ιη</strong></span> <span class='ocrx_word' id='word_1_181' title='bbox 952 1224 1064 1251; x_wconf 90' lang='lat' dir='ltr'><strong>autem</strong></span> <span class='ocrx_word' id='word_1_182' title='bbox 1080 1230 1141 1259; x_wconf 89' lang='lat' dir='ltr'><strong>pro</strong></span> <span class='ocrx_word' id='word_1_183' title='bbox 1158 1220 1247 1251; x_wconf 81' lang='lat' dir='ltr'><strong>Isne:</strong></span> <span class='ocrx_word' id='word_1_184' title='bbox 1263 1223 1302 1250; x_wconf 84' lang='lat' dir='ltr'><strong>ut</strong></span> <span class='ocrx_word' id='word_1_185' title='bbox 1317 1229 1409 1259; x_wconf 80' lang='lat' dir='ltr'><strong>saepe</strong></span> <span class='ocrx_word' id='word_1_186' title='bbox 1426 1223 1538 1250; x_wconf 84' lang='lat' dir='ltr'><strong>antea.</strong></span> <span class='ocrx_word' id='word_1_187' title='bbox 1564 1219 1624 1250; x_wconf 76' lang='lat' dir='ltr'><strong>Fa.</strong></span> <span class='ocrx_word' id='word_1_188' title='bbox 1668 1219 1782 1251; x_wconf 81' lang='lat' dir='ltr'><strong>Videas</strong></span> 
     </span>
     <span class='ocr_line' id='line_1_19' title="bbox 323 1261 1781 1302; baseline 0.001 -10"><span class='ocrx_word' id='word_1_189' title='bbox 323 1265 355 1292; x_wconf 81' lang='lat' dir='ltr'><strong>te</strong></span> <span class='ocrx_word' id='word_1_190' title='bbox 370 1266 460 1302; x_wconf 81' lang='lat' dir='ltr'><strong>atque</strong></span> <span class='ocrx_word' id='word_1_191' title='bbox 476 1263 578 1300; x_wconf 79' lang='lat' dir='ltr'><strong>illum,</strong></span> <span class='ocrx_word' id='word_1_192' title='bbox 592 1265 625 1293; x_wconf 81' lang='lat' dir='ltr'><strong>ut</strong></span> <span class='ocrx_word' id='word_1_193' title='bbox 641 1272 764 1293; x_wconf 76' lang='lat' dir='ltr'><strong>narras.</strong></span> <span class='ocrx_word' id='word_1_194' title='bbox 802 1262 843 1293; x_wconf 83' lang='lat' dir='ltr'><strong>In</strong></span> <span class='ocrx_word' id='word_1_195' title='bbox 856 1263 969 1293; x_wconf 81' lang='lat' dir='ltr'><strong>malam</strong></span> <span class='ocrx_word' id='word_1_196' title='bbox 981 1263 1116 1302; x_wconf 82' lang='lat' dir='ltr'><strong>crucem]</strong></span> <span class='ocrx_word' id='word_1_197' title='bbox 1137 1262 1254 1293; x_wconf 81' lang='lat' dir='ltr'><strong>Nostri</strong></span> <span class='ocrx_word' id='word_1_198' title='bbox 1272 1262 1333 1293; x_wconf 80' lang='lat' dir='ltr'><strong>Abi.</strong></span> <span class='ocrx_word' id='word_1_199' title='bbox 1348 1262 1418 1292; x_wconf 81' lang='lat' dir='ltr'><strong>hinc</strong></span> <span class='ocrx_word' id='word_1_200' title='bbox 1434 1261 1467 1292; x_wconf 87' lang='lat' dir='ltr'><strong>in</strong></span> <span class='ocrx_word' id='word_1_201' title='bbox 1481 1271 1523 1291; x_wconf 87' lang='lat' dir='ltr'><strong>m.</strong></span> <span class='ocrx_word' id='word_1_202' title='bbox 1539 1271 1565 1292; x_wconf 81' lang='lat' dir='ltr'><strong>c.</strong></span> <span class='ocrx_word' id='word_1_203' title='bbox 1593 1262 1704 1300; x_wconf 87' lang='lat' dir='ltr'><strong>Unus,</strong></span> <span class='ocrx_word' id='word_1_204' title='bbox 1719 1262 1781 1293; x_wconf 82' lang='lat' dir='ltr'><strong>Abi</strong></span> 
     </span>
     <span class='ocr_line' id='line_1_20' title="bbox 321 1302 1781 1345; baseline 0.001 -11"><span class='ocrx_word' id='word_1_205' title='bbox 321 1305 355 1335; x_wconf 78' lang='lat' dir='ltr'><strong>in</strong></span> <span class='ocrx_word' id='word_1_206' title='bbox 367 1315 409 1336; x_wconf 86' lang='lat' dir='ltr'><strong>m.</strong></span> <span class='ocrx_word' id='word_1_207' title='bbox 425 1315 452 1335; x_wconf 89' lang='lat' dir='ltr'><strong>c.</strong></span> <span class='ocrx_word' id='word_1_208' title='bbox 499 1304 566 1335; x_wconf 89' lang='lat' dir='ltr'><strong>Sed</strong></span> <span class='ocrx_word' id='word_1_209' title='bbox 583 1305 660 1345; x_wconf 92' lang='lat' dir='ltr'><strong>quid</strong></span> <span class='ocrx_word' id='word_1_210' title='bbox 677 1305 775 1335; x_wconf 89' lang='lat' dir='ltr'><strong>sodes</strong></span> <span class='ocrx_word' id='word_1_211' title='bbox 799 1305 880 1335; x_wconf 85' lang='lat' dir='ltr'><strong>illud</strong></span> <span class='ocrx_word' id='word_1_212' title='bbox 907 1310 971 1345; x_wconf 80' lang='lat' dir='ltr'><strong>est,</strong></span> <span class='ocrx_word' id='word_1_213' title='bbox 1005 1305 1118 1336; x_wconf 81' lang='lat' dir='ltr'><strong>Videas</strong></span> <span class='ocrx_word' id='word_1_214' title='bbox 1133 1308 1163 1336; x_wconf 77' lang='lat' dir='ltr'><strong>te</strong></span> <span class='ocrx_word' id='word_1_215' title='bbox 1179 1308 1270 1345; x_wconf 75' lang='lat' dir='ltr'><strong>atque</strong></span> <span class='ocrx_word' id='word_1_216' title='bbox 1285 1305 1386 1343; x_wconf 67' lang='lat' dir='ltr'><strong>illum,</strong></span> <span class='ocrx_word' id='word_1_217' title='bbox 1400 1307 1435 1334; x_wconf 83' lang='lat' dir='ltr'><strong>ut</strong></span> <span class='ocrx_word' id='word_1_218' title='bbox 1451 1302 1585 1335; x_wconf 74' lang='lat' dir='ltr'><strong>narras?</strong></span> <span class='ocrx_word' id='word_1_219' title='bbox 1611 1304 1781 1344; x_wconf 84' lang='lat' dir='ltr'>Donatus,</span> 
     </span>
     <span class='ocr_line' id='line_1_21' title="bbox 324 1346 1780 1388; baseline 0 -11"><span class='ocrx_word' id='word_1_220' title='bbox 324 1352 362 1377; x_wconf 89' lang='lat' dir='ltr'><strong>ut</strong></span> <span class='ocrx_word' id='word_1_221' title='bbox 378 1348 465 1378; x_wconf 88' lang='lat' dir='ltr'><strong>solet</strong></span> <span class='ocrx_word' id='word_1_222' title='bbox 491 1348 685 1387; x_wconf 88' lang='lat' dir='ltr'><strong>implicatus</strong></span> <span class='ocrx_word' id='word_1_223' title='bbox 702 1346 795 1377; x_wconf 82' lang='lat' dir='ltr'><strong>falsae</strong></span> <span class='ocrx_word' id='word_1_224' title='bbox 813 1347 965 1385; x_wconf 88' lang='lat' dir='ltr'><strong>lectioni,</strong></span> <span class='ocrx_word' id='word_1_225' title='bbox 981 1357 1047 1388; x_wconf 84' lang='lat' dir='ltr'><strong>quo</strong></span> <span class='ocrx_word' id='word_1_226' title='bbox 1062 1357 1096 1378; x_wconf 89' lang='lat' dir='ltr'><strong>se</strong></span> <span class='ocrx_word' id='word_1_227' title='bbox 1113 1352 1226 1378; x_wconf 86' lang='lat' dir='ltr'><strong>vertat</strong></span> <span class='ocrx_word' id='word_1_228' title='bbox 1242 1348 1375 1378; x_wconf 83' lang='lat' dir='ltr'><strong>nescit:</strong></span> <span class='ocrx_word' id='word_1_229' title='bbox 1401 1351 1547 1387; x_wconf 82' lang='lat' dir='ltr'><strong>quatuor</strong></span> <span class='ocrx_word' id='word_1_230' title='bbox 1563 1346 1715 1378; x_wconf 77' lang='lat' dir='ltr'><strong>diversas</strong></span> <span class='ocrx_word' id='word_1_231' title='bbox 1731 1347 1780 1377; x_wconf 89' lang='lat' dir='ltr'><strong>in·</strong></span> 
     </span>
     <span class='ocr_line' id='line_1_22' title="bbox 323 1388 1779 1429; baseline -0.001 -9"><span class='ocrx_word' id='word_1_232' title='bbox 323 1390 593 1429; x_wconf 86' lang='lat' dir='ltr'><strong>terpretationes</strong></span> <span class='ocrx_word' id='word_1_233' title='bbox 617 1388 728 1428; x_wconf 77' lang='lat' dir='ltr'><strong>affert,</strong></span> <span class='ocrx_word' id='word_1_234' title='bbox 751 1400 866 1421; x_wconf 81' lang='lat' dir='ltr'><strong>omnes</strong></span> <span class='ocrx_word' id='word_1_235' title='bbox 892 1390 1131 1421; x_wconf 79' lang='lat' dir='ltr'><strong>exsibilandas.</strong></span> <span class='ocrx_word' id='word_1_236' title='bbox 1179 1390 1255 1421; x_wconf 90' lang='lat' dir='ltr'><strong>Nec</strong></span> <span class='ocrx_word' id='word_1_237' title='bbox 1280 1389 1488 1420; x_wconf 84' lang='lat' dir='ltr'><strong>recentiores</strong></span> <span class='ocrx_word' id='word_1_238' title='bbox 1511 1398 1547 1419; x_wconf 85' lang='lat' dir='ltr'><strong>se</strong></span> <span class='ocrx_word' id='word_1_239' title='bbox 1571 1389 1779 1428; x_wconf 87' lang='lat' dir='ltr'><strong>expediunt:</strong></span> 
     </span>
     <span class='ocr_line' id='line_1_23' title="bbox 322 1431 1780 1471; baseline -0.001 -8"><span class='ocrx_word' id='word_1_240' title='bbox 322 1432 515 1463; x_wconf 83' lang='lat' dir='ltr'><strong>Palmerius</strong></span> <span class='ocrx_word' id='word_1_241' title='bbox 531 1432 806 1463; x_wconf 86' lang='lat' dir='ltr'><strong>emendationem</strong></span> <span class='ocrx_word' id='word_1_242' title='bbox 824 1437 950 1471; x_wconf 87' lang='lat' dir='ltr'><strong>tentat,</strong></span> <span class='ocrx_word' id='word_1_243' title='bbox 973 1432 1032 1463; x_wconf 90' lang='lat' dir='ltr'><strong>sed</strong></span> <span class='ocrx_word' id='word_1_244' title='bbox 1048 1431 1259 1470; x_wconf 81' lang='lat' dir='ltr'><strong>infeliciter3</strong></span> <span class='ocrx_word' id='word_1_245' title='bbox 1289 1432 1403 1463; x_wconf 84' lang='lat' dir='ltr'><strong>Videas</strong></span> <span class='ocrx_word' id='word_1_246' title='bbox 1419 1433 1481 1469; x_wconf 83' lang='lat' dir='ltr'><strong>led,</strong></span> <span class='ocrx_word' id='word_1_247' title='bbox 1498 1432 1585 1462; x_wconf 77' lang='lat' dir='ltr'><strong>illum</strong></span> <span class='ocrx_word' id='word_1_248' title='bbox 1600 1434 1635 1462; x_wconf 78' lang='lat' dir='ltr'><strong>ut</strong></span> <span class='ocrx_word' id='word_1_249' title='bbox 1649 1441 1780 1463; x_wconf 79' lang='lat' dir='ltr'><strong>narras:</strong></span> 
     </span>
     <span class='ocr_line' id='line_1_24' title="bbox 322 1475 1781 1515; baseline 0 -10"><span class='ocrx_word' id='word_1_250' title='bbox 322 1475 450 1505; x_wconf 85' lang='lat' dir='ltr'><strong>Videas</strong></span> <span class='ocrx_word' id='word_1_251' title='bbox 467 1481 523 1513; x_wconf 88' lang='lat' dir='ltr'><strong>te;</strong></span> <span class='ocrx_word' id='word_1_252' title='bbox 541 1476 669 1515; x_wconf 82' lang='lat' dir='ltr'><strong>cogita,</strong></span> <span class='ocrx_word' id='word_1_253' title='bbox 686 1475 762 1505; x_wconf 90' lang='lat' dir='ltr'><strong>vide</strong></span> <span class='ocrx_word' id='word_1_254' title='bbox 779 1475 858 1515; x_wconf 89' lang='lat' dir='ltr'><strong>quid</strong></span> <span class='ocrx_word' id='word_1_255' title='bbox 876 1476 982 1506; x_wconf 82' lang='lat' dir='ltr'><strong>dicaS.</strong></span> <span class='ocrx_word' id='word_1_256' title='bbox 1025 1475 1060 1506; x_wconf 92' lang='lat' dir='ltr'><strong>Si</strong></span> <span class='ocrx_word' id='word_1_257' title='bbox 1077 1475 1120 1505; x_wconf 88' lang='lat' dir='ltr'><strong>de</strong></span> <span class='ocrx_word' id='word_1_258' title='bbox 1136 1475 1316 1515; x_wconf 85' lang='lat' dir='ltr'><strong>Stilphone</strong></span> <span class='ocrx_word' id='word_1_259' title='bbox 1332 1475 1419 1505; x_wconf 82' lang='lat' dir='ltr'><strong>male</strong></span> <span class='ocrx_word' id='word_1_260' title='bbox 1434 1475 1566 1505; x_wconf 85' lang='lat' dir='ltr'><strong>locutus</strong></span> <span class='ocrx_word' id='word_1_261' title='bbox 1583 1479 1687 1513; x_wconf 90' lang='lat' dir='ltr'><strong>esset,</strong></span> <span class='ocrx_word' id='word_1_262' title='bbox 1714 1484 1781 1506; x_wconf 88' lang='lat' dir='ltr'><strong>non</strong></span> 
     </span>
     <span class='ocr_line' id='line_1_25' title="bbox 322 1517 1780 1555; baseline 0 -8"><span class='ocrx_word' id='word_1_263' title='bbox 322 1518 538 1548; x_wconf 85' lang='lat' dir='ltr'><strong>incommode</strong></span> <span class='ocrx_word' id='word_1_264' title='bbox 559 1517 614 1548; x_wconf 86' lang='lat' dir='ltr'><strong>hic</strong></span> <span class='ocrx_word' id='word_1_265' title='bbox 638 1517 781 1555; x_wconf 83' lang='lat' dir='ltr'><strong>diceret,</strong></span> <span class='ocrx_word' id='word_1_266' title='bbox 805 1517 914 1549; x_wconf 78' lang='lat' dir='ltr'><strong>Videas</strong></span> <span class='ocrx_word' id='word_1_267' title='bbox 938 1521 988 1548; x_wconf 86' lang='lat' dir='ltr'><strong>te.-</strong></span> <span class='ocrx_word' id='word_1_268' title='bbox 1013 1522 1051 1548; x_wconf 92' lang='lat' dir='ltr'><strong>ut</strong></span> <span class='ocrx_word' id='word_1_269' title='bbox 1076 1518 1222 1548; x_wconf 89' lang='lat' dir='ltr'><strong>Plautus</strong></span> <span class='ocrx_word' id='word_1_270' title='bbox 1248 1517 1378 1548; x_wconf 84' lang='lat' dir='ltr'><strong>Pseud.</strong></span> <span class='ocrx_word' id='word_1_271' title='bbox 1398 1519 1552 1548; x_wconf 85' lang='lat'><strong>11.2.18.</strong></span> <span class='ocrx_word' id='word_1_272' title='bbox 1574 1517 1584 1534; x_wconf 79' lang='lat'>‘</span> <span class='ocrx_word' id='word_1_273' title='bbox 1600 1517 1677 1548; x_wconf 92' lang='lat' dir='ltr'><strong>Non</strong></span> <span class='ocrx_word' id='word_1_274' title='bbox 1691 1517 1780 1548; x_wconf 86' lang='lat' dir='ltr'><strong>soles</strong></span> 
     </span>
     <span class='ocr_line' id='line_1_26' title="bbox 324 1559 1780 1600; baseline 0 -10"><span class='ocrx_word' id='word_1_275' title='bbox 324 1561 497 1600; x_wconf 84' lang='lat' dir='ltr'><strong>respicere</strong></span> <span class='ocrx_word' id='word_1_276' title='bbox 515 1565 562 1597; x_wconf 88' lang='lat' dir='ltr'><strong>te,</strong></span> <span class='ocrx_word' id='word_1_277' title='bbox 585 1570 660 1591; x_wconf 82' lang='lat' dir='ltr'><strong>cuin</strong></span> <span class='ocrx_word' id='word_1_278' title='bbox 678 1559 772 1590; x_wconf 84' lang='lat' dir='ltr'><strong>dieas</strong></span> <span class='ocrx_word' id='word_1_279' title='bbox 789 1560 912 1599; x_wconf 89' lang='lat' dir='ltr'><strong>injuste</strong></span> <span class='ocrx_word' id='word_1_280' title='bbox 929 1561 1027 1591; x_wconf 86' lang='lat' dir='ltr'><strong>alteri</strong></span> <span class='ocrx_word' id='word_1_281' title='bbox 1042 1559 1065 1590; x_wconf 84' lang='lat'><strong>?&#39;</strong></span> <span class='ocrx_word' id='word_1_282' title='bbox 1113 1560 1213 1590; x_wconf 90' lang='lat' dir='ltr'><strong>Nunc</strong></span> <span class='ocrx_word' id='word_1_283' title='bbox 1236 1565 1363 1596; x_wconf 88' lang='lat' dir='ltr'><strong>autem,</strong></span> <span class='ocrx_word' id='word_1_284' title='bbox 1386 1569 1461 1590; x_wconf 88' lang='lat' dir='ltr'><strong>eum</strong></span> <span class='ocrx_word' id='word_1_285' title='bbox 1482 1559 1674 1591; x_wconf 79' lang='lat' dir='ltr'><strong>laudaverit</strong></span> <span class='ocrx_word' id='word_1_286' title='bbox 1699 1559 1780 1590; x_wconf 88' lang='lat' dir='ltr'><strong>Stil-</strong></span> 
     </span>
     <span class='ocr_line' id='line_1_27' title="bbox 324 1601 1781 1643; baseline -0.001 -10"><span class='ocrx_word' id='word_1_287' title='bbox 324 1604 482 1643; x_wconf 80' lang='lat' dir='ltr'><strong>phonem,</strong></span> <span class='ocrx_word' id='word_1_288' title='bbox 505 1603 621 1633; x_wconf 88' lang='lat' dir='ltr'><strong>nescio</strong></span> <span class='ocrx_word' id='word_1_289' title='bbox 639 1612 704 1642; x_wconf 88' lang='lat' dir='ltr'><strong>quo</strong></span> <span class='ocrx_word' id='word_1_290' title='bbox 725 1602 759 1632; x_wconf 87' lang='lat' dir='ltr'><strong>id</strong></span> <span class='ocrx_word' id='word_1_291' title='bbox 777 1604 958 1642; x_wconf 80' lang='lat' dir='ltr'><strong>pertineat.</strong></span> <span class='ocrx_word' id='word_1_292' title='bbox 1005 1603 1123 1633; x_wconf 80' lang='lat' dir='ltr'><strong>Liceat</strong></span> <span class='ocrx_word' id='word_1_293' title='bbox 1138 1603 1217 1633; x_wconf 90' lang='lat' dir='ltr'><strong>mihi</strong></span> <span class='ocrx_word' id='word_1_294' title='bbox 1236 1603 1270 1633; x_wconf 94' lang='lat' dir='ltr'><strong>in</strong></span> <span class='ocrx_word' id='word_1_295' title='bbox 1286 1612 1323 1633; x_wconf 89' lang='lat' dir='ltr'><strong>re</strong></span> <span class='ocrx_word' id='word_1_296' title='bbox 1341 1602 1523 1642; x_wconf 85' lang='lat' dir='ltr'><strong>deplorata</strong></span> <span class='ocrx_word' id='word_1_297' title='bbox 1539 1611 1658 1633; x_wconf 87' lang='lat' dir='ltr'><strong>novam</strong></span> <span class='ocrx_word' id='word_1_298' title='bbox 1676 1601 1781 1633; x_wconf 88' lang='lat' dir='ltr'><strong>medi-</strong></span> 
     </span>
     <span class='ocr_line' id='line_1_28' title="bbox 324 1644 1783 1685; baseline 0 -10"><span class='ocrx_word' id='word_1_299' title='bbox 324 1646 432 1675; x_wconf 80' lang='lat' dir='ltr'><strong>cinam</strong></span> <span class='ocrx_word' id='word_1_300' title='bbox 450 1645 611 1685; x_wconf 86' lang='lat' dir='ltr'><strong>experiri.</strong></span> <span class='ocrx_word' id='word_1_301' title='bbox 637 1645 688 1676; x_wconf 88' lang='lat' dir='ltr'><strong>Ac</strong></span> <span class='ocrx_word' id='word_1_302' title='bbox 706 1646 812 1685; x_wconf 88' lang='lat' dir='ltr'><strong>primo</strong></span> <span class='ocrx_word' id='word_1_303' title='bbox 830 1646 863 1676; x_wconf 90' lang='lat' dir='ltr'><strong>id</strong></span> <span class='ocrx_word' id='word_1_304' title='bbox 882 1645 1126 1681; x_wconf 80' lang='lat' dir='ltr'><strong>animadverto,</strong></span> <span class='ocrx_word' id='word_1_305' title='bbox 1142 1646 1189 1676; x_wconf 85' lang='lat' dir='ltr'><strong>Ut</strong></span> <span class='ocrx_word' id='word_1_306' title='bbox 1207 1655 1339 1682; x_wconf 86' lang='lat' dir='ltr'><strong>narras,</strong></span> <span class='ocrx_word' id='word_1_307' title='bbox 1351 1645 1399 1675; x_wconf 92' lang='lat' dir='ltr'><strong>Ut</strong></span> <span class='ocrx_word' id='word_1_308' title='bbox 1416 1645 1598 1685; x_wconf 70' lang='lat' dir='ltr'><strong>praedicas,</strong></span> <span class='ocrx_word' id='word_1_309' title='bbox 1611 1645 1658 1676; x_wconf 92' lang='lat' dir='ltr'><strong>Ut</strong></span> <span class='ocrx_word' id='word_1_310' title='bbox 1671 1644 1783 1683; x_wconf 86' lang='lat' dir='ltr'><strong>video,</strong></span> 
     </span>
     <span class='ocr_line' id='line_1_29' title="bbox 324 1687 1784 1728; baseline -0.001 -8"><span class='ocrx_word' id='word_1_311' title='bbox 324 1689 497 1720; x_wconf 80' lang='lat' dir='ltr'><strong>Quantum</strong></span> <span class='ocrx_word' id='word_1_312' title='bbox 515 1687 628 1727; x_wconf 81' lang='lat' dir='ltr'><strong>audio,</strong></span> <span class='ocrx_word' id='word_1_313' title='bbox 645 1688 821 1720; x_wconf 83' lang='lat' dir='ltr'><strong>Quantum</strong></span> <span class='ocrx_word' id='word_1_314' title='bbox 839 1689 1007 1728; x_wconf 82' lang='lat' dir='ltr'><strong>intelligo,</strong></span> <span class='ocrx_word' id='word_1_315' title='bbox 1030 1689 1141 1718; x_wconf 88' lang='lat' dir='ltr'><strong>omnia</strong></span> <span class='ocrx_word' id='word_1_316' title='bbox 1163 1697 1266 1718; x_wconf 79' lang='lat' dir='ltr'><strong>sensu</strong></span> <span class='ocrx_word' id='word_1_317' title='bbox 1287 1687 1419 1727; x_wconf 89' lang='lat' dir='ltr'><strong>eodem,</strong></span> <span class='ocrx_word' id='word_1_318' title='bbox 1443 1687 1583 1718; x_wconf 86' lang='lat' dir='ltr'><strong>verbum</strong></span> <span class='ocrx_word' id='word_1_319' title='bbox 1609 1687 1699 1718; x_wconf 89' lang='lat' dir='ltr'><strong>modi</strong></span> <span class='ocrx_word' id='word_1_320' title='bbox 1726 1687 1784 1718; x_wconf 94' lang='lat' dir='ltr'><strong>In-</strong></span> 
     </span>
     <span class='ocr_line' id='line_1_30' title="bbox 324 1730 1783 1771; baseline 0.001 -11"><span class='ocrx_word' id='word_1_321' title='bbox 324 1731 467 1761; x_wconf 81' lang='lat' dir='ltr'><strong>dicativi</strong></span> <span class='ocrx_word' id='word_1_322' title='bbox 495 1740 611 1761; x_wconf 86' lang='lat' dir='ltr'><strong>secum</strong></span> <span class='ocrx_word' id='word_1_323' title='bbox 639 1730 785 1761; x_wconf 75' lang='lat' dir='ltr'><strong>trahere.</strong></span> <span class='ocrx_word' id='word_1_324' title='bbox 839 1731 1014 1771; x_wconf 85' lang='lat' dir='ltr'><strong>Exemplis</strong></span> <span class='ocrx_word' id='word_1_325' title='bbox 1041 1730 1122 1771; x_wconf 89' lang='lat' dir='ltr'><strong>quid</strong></span> <span class='ocrx_word' id='word_1_326' title='bbox 1147 1731 1247 1761; x_wconf 76' lang='lat' dir='ltr'><strong>velim</strong></span> <span class='ocrx_word' id='word_1_327' title='bbox 1274 1730 1455 1769; x_wconf 78' lang='lat' dir='ltr'><strong>intelliges.</strong></span> <span class='ocrx_word' id='word_1_328' title='bbox 1500 1730 1586 1760; x_wconf 88' lang='lat' dir='ltr'><strong>Eun.</strong></span> <span class='ocrx_word' id='word_1_329' title='bbox 1614 1739 1667 1761; x_wconf 80' lang='lat' dir='ltr'><strong>lv.</strong></span> <span class='ocrx_word' id='word_1_330' title='bbox 1694 1733 1724 1761; x_wconf 95' lang='grc'><strong>1.</strong></span> <span class='ocrx_word' id='word_1_331' title='bbox 1754 1732 1783 1761; x_wconf 88' lang='lat' dir='ltr'><strong>l.</strong></span> 
     </span>
     <span class='ocr_line' id='line_1_31' title="bbox 322 1772 1782 1813; baseline -0.002 -8"><span class='ocrx_word' id='word_1_332' title='bbox 322 1774 330 1788; x_wconf 91' lang='lat'>‘</span> <span class='ocrx_word' id='word_1_333' title='bbox 346 1774 518 1805; x_wconf 82' lang='lat' dir='ltr'><strong>Quantum</strong></span> <span class='ocrx_word' id='word_1_334' title='bbox 535 1783 598 1813; x_wconf 82' lang='lat' dir='ltr'><strong>ego</strong></span> <span class='ocrx_word' id='word_1_335' title='bbox 615 1773 707 1803; x_wconf 88' lang='lat' dir='ltr'><strong>illum</strong></span> <span class='ocrx_word' id='word_1_336' title='bbox 723 1773 803 1812; x_wconf 87' lang='lat' dir='ltr'><strong>vidi,</strong></span> <span class='ocrx_word' id='word_1_337' title='bbox 816 1774 965 1804; x_wconf 90' lang='lat' dir='ltr'><strong>nonnihil</strong></span> <span class='ocrx_word' id='word_1_338' title='bbox 983 1773 1110 1804; x_wconf 65' lang='lat' dir='ltr'><strong>timeo!</strong></span> <span class='ocrx_word' id='word_1_339' title='bbox 1135 1773 1263 1804; x_wconf 85' lang='lat' dir='ltr'><strong>Heaut.</strong></span> <span class='ocrx_word' id='word_1_340' title='bbox 1280 1782 1323 1803; x_wconf 88' lang='lat' dir='ltr'><strong>u.</strong></span> <span class='ocrx_word' id='word_1_341' title='bbox 1338 1775 1369 1804; x_wconf 74' lang='lat'><strong>4.</strong></span> <span class='ocrx_word' id='word_1_342' title='bbox 1383 1775 1436 1803; x_wconf 84' lang='lat'><strong>22.</strong></span> <span class='ocrx_word' id='word_1_343' title='bbox 1451 1772 1460 1788; x_wconf 84' lang='lat'>‘</span> <span class='ocrx_word' id='word_1_344' title='bbox 1473 1772 1521 1803; x_wconf 91' lang='lat' dir='ltr'><strong>Ut</strong></span> <span class='ocrx_word' id='word_1_345' title='bbox 1536 1777 1668 1811; x_wconf 86' lang='lat' dir='ltr'><strong>patrem</strong></span> <span class='ocrx_word' id='word_1_346' title='bbox 1687 1777 1782 1802; x_wconf 83' lang='lat' dir='ltr'><strong>tuum</strong></span> 
     </span>
     <span class='ocr_line' id='line_1_32' title="bbox 324 1813 1783 1855; baseline -0.001 -9"><span class='ocrx_word' id='word_1_347' title='bbox 324 1816 389 1846; x_wconf 86' lang='lat' dir='ltr'><strong>vidi</strong></span> <span class='ocrx_word' id='word_1_348' title='bbox 404 1825 489 1853; x_wconf 86' lang='lat' dir='ltr'><strong>esse,</strong></span> <span class='ocrx_word' id='word_1_349' title='bbox 505 1815 563 1846; x_wconf 92' lang='lat' dir='ltr'><strong>diu</strong></span> <span class='ocrx_word' id='word_1_350' title='bbox 580 1816 682 1846; x_wconf 81' lang='lat' dir='ltr'><strong>etiam</strong></span> <span class='ocrx_word' id='word_1_351' title='bbox 700 1815 820 1847; x_wconf 61' lang='lat' dir='ltr'><strong>dabit)</strong></span> <span class='ocrx_word' id='word_1_352' title='bbox 845 1826 894 1848; x_wconf 89' lang='lat' dir='ltr'><strong>1v.</strong></span> <span class='ocrx_word' id='word_1_353' title='bbox 912 1819 942 1847; x_wconf 82' lang='grc'><strong>3.</strong></span> <span class='ocrx_word' id='word_1_354' title='bbox 957 1819 989 1847; x_wconf 83' lang='grc'><strong>4.</strong></span> <span class='ocrx_word' id='word_1_355' title='bbox 1008 1816 1017 1832; x_wconf 88' lang='lat'>‘</span> <span class='ocrx_word' id='word_1_356' title='bbox 1032 1816 1177 1855; x_wconf 78' lang='lat' dir='ltr'><strong>Cognita</strong></span> <span class='ocrx_word' id='word_1_357' title='bbox 1194 1821 1258 1854; x_wconf 82' lang='lat' dir='ltr'><strong>est,</strong></span> <span class='ocrx_word' id='word_1_358' title='bbox 1270 1819 1431 1855; x_wconf 82' lang='lat' dir='ltr'><strong>quantum</strong></span> <span class='ocrx_word' id='word_1_359' title='bbox 1450 1814 1549 1845; x_wconf 77' lang='lat' dir='ltr'><strong>audIo</strong></span> <span class='ocrx_word' id='word_1_360' title='bbox 1565 1814 1637 1855; x_wconf 81' lang='lat' dir='ltr'><strong>ejus</strong></span> <span class='ocrx_word' id='word_1_361' title='bbox 1655 1813 1783 1845; x_wconf 66' lang='lat' dir='ltr'><strong>verba!</strong></span> 
     </span>
     <span class='ocr_line' id='line_1_33' title="bbox 325 1856 1783 1899; baseline -0.001 -11"><span class='ocrx_word' id='word_1_362' title='bbox 325 1858 415 1889; x_wconf 90' lang='lat' dir='ltr'><strong>And.</strong></span> <span class='ocrx_word' id='word_1_363' title='bbox 432 1867 456 1888; x_wconf 88' lang='lat'><strong>1.</strong></span> <span class='ocrx_word' id='word_1_364' title='bbox 472 1861 502 1889; x_wconf 84' lang='lat'><strong>3.</strong></span> <span class='ocrx_word' id='word_1_365' title='bbox 519 1861 550 1888; x_wconf 78' lang='lat'><strong>2.</strong></span> <span class='ocrx_word' id='word_1_366' title='bbox 574 1859 583 1874; x_wconf 74' lang='lat'><strong><em>⁶</em></strong></span> <span class='ocrx_word' id='word_1_367' title='bbox 597 1858 691 1889; x_wconf 83' lang='lat' dir='ltr'><strong>Nihil</strong></span> <span class='ocrx_word' id='word_1_368' title='bbox 706 1858 769 1889; x_wconf 90' lang='lat' dir='ltr'><strong>loci</strong></span> <span class='ocrx_word' id='word_1_369' title='bbox 785 1864 836 1889; x_wconf 89' lang='lat' dir='ltr'><strong>est</strong></span> <span class='ocrx_word' id='word_1_370' title='bbox 849 1858 1016 1898; x_wconf 82' lang='lat' dir='ltr'><strong>segnitiae,</strong></span> <span class='ocrx_word' id='word_1_371' title='bbox 1030 1864 1193 1899; x_wconf 88' lang='lat' dir='ltr'><strong>quantum</strong></span> <span class='ocrx_word' id='word_1_372' title='bbox 1211 1856 1386 1889; x_wconf 84' lang='lat' dir='ltr'><strong>intellexi.&#39;</strong></span> <span class='ocrx_word' id='word_1_373' title='bbox 1419 1857 1526 1888; x_wconf 88' lang='lat' dir='ltr'><strong>Vides</strong></span> <span class='ocrx_word' id='word_1_374' title='bbox 1543 1857 1574 1887; x_wconf 88' lang='lat' dir='ltr'><strong>in</strong></span> <span class='ocrx_word' id='word_1_375' title='bbox 1592 1856 1783 1898; x_wconf 88' lang='lat' dir='ltr'><strong>hujusmodi</strong></span> 
     </span>
     <span class='ocr_line' id='line_1_34' title="bbox 324 1899 1783 1942; baseline -0.001 -11"><span class='ocrx_word' id='word_1_376' title='bbox 324 1901 504 1931; x_wconf 85' lang='lat' dir='ltr'><strong>sententiis</strong></span> <span class='ocrx_word' id='word_1_377' title='bbox 527 1900 739 1931; x_wconf 86' lang='lat' dir='ltr'><strong>Indicativos</strong></span> <span class='ocrx_word' id='word_1_378' title='bbox 768 1911 902 1942; x_wconf 83' lang='lat' dir='ltr'><strong>semper</strong></span> <span class='ocrx_word' id='word_1_379' title='bbox 927 1901 1101 1939; x_wconf 81' lang='lat' dir='ltr'><strong>adhiberi3</strong></span> <span class='ocrx_word' id='word_1_380' title='bbox 1126 1907 1174 1939; x_wconf 88' lang='lat' dir='ltr'><strong>et,</strong></span> <span class='ocrx_word' id='word_1_381' title='bbox 1195 1901 1222 1930; x_wconf 86' lang='lat' dir='ltr'><strong>si</strong></span> <span class='ocrx_word' id='word_1_382' title='bbox 1251 1900 1416 1931; x_wconf 85' lang='lat' dir='ltr'><strong>rationem</strong></span> <span class='ocrx_word' id='word_1_383' title='bbox 1443 1904 1554 1930; x_wconf 87' lang='lat' dir='ltr'><strong>tecum</strong></span> <span class='ocrx_word' id='word_1_384' title='bbox 1584 1899 1691 1939; x_wconf 86' lang='lat' dir='ltr'><strong>ineas,</strong></span> <span class='ocrx_word' id='word_1_385' title='bbox 1717 1909 1783 1930; x_wconf 88' lang='lat' dir='ltr'><strong>non</strong></span> 
     </span>
     <span class='ocr_line' id='line_1_35' title="bbox 326 1941 1783 1983; baseline 0 -10"><span class='ocrx_word' id='word_1_386' title='bbox 326 1953 422 1982; x_wconf 83' lang='lat' dir='ltr'><strong>posse</strong></span> <span class='ocrx_word' id='word_1_387' title='bbox 440 1944 540 1974; x_wconf 86' lang='lat' dir='ltr'><strong>aliter</strong></span> <span class='ocrx_word' id='word_1_388' title='bbox 557 1953 631 1974; x_wconf 89' lang='lat' dir='ltr'><strong>esse</strong></span> <span class='ocrx_word' id='word_1_389' title='bbox 649 1944 833 1983; x_wconf 82' lang='lat' dir='ltr'><strong>intelliges,</strong></span> <span class='ocrx_word' id='word_1_390' title='bbox 871 1945 961 1983; x_wconf 82' lang='lat' dir='ltr'><strong>Ergo</strong></span> <span class='ocrx_word' id='word_1_391' title='bbox 980 1943 1020 1974; x_wconf 84' lang='lat' dir='ltr'><strong>ad</strong></span> <span class='ocrx_word' id='word_1_392' title='bbox 1038 1943 1124 1974; x_wconf 87' lang='lat' dir='ltr'><strong>hanc</strong></span> <span class='ocrx_word' id='word_1_393' title='bbox 1140 1942 1279 1982; x_wconf 80' lang='lat' dir='ltr'><strong>faciem,</strong></span> <span class='ocrx_word' id='word_1_394' title='bbox 1294 1946 1329 1973; x_wconf 80' lang='lat' dir='ltr'><strong>ut</strong></span> <span class='ocrx_word' id='word_1_395' title='bbox 1344 1952 1466 1981; x_wconf 81' lang='lat' dir='ltr'><strong>narras,</strong></span> <span class='ocrx_word' id='word_1_396' title='bbox 1484 1941 1711 1973; x_wconf 75' lang='lat' dir='ltr'><strong>Indicativum</strong></span> <span class='ocrx_word' id='word_1_397' title='bbox 1727 1942 1783 1973; x_wconf 87' lang='lat' dir='ltr'><strong>hic</strong></span> 
     </span>
     <span class='ocr_line' id='line_1_36' title="bbox 323 1983 1783 2026; baseline -0.001 -10"><span class='ocrx_word' id='word_1_398' title='bbox 323 1995 437 2016; x_wconf 82' lang='lat' dir='ltr'><strong>secum</strong></span> <span class='ocrx_word' id='word_1_399' title='bbox 456 1986 621 2026; x_wconf 88' lang='lat' dir='ltr'><strong>postulat,</strong></span> <span class='ocrx_word' id='word_1_400' title='bbox 643 1995 710 2016; x_wconf 89' lang='lat' dir='ltr'><strong>non</strong></span> <span class='ocrx_word' id='word_1_401' title='bbox 727 1986 989 2026; x_wconf 77' lang='lat' dir='ltr'><strong>subjunctivum</strong></span> <span class='ocrx_word' id='word_1_402' title='bbox 1009 1986 1134 2016; x_wconf 78' lang='lat' dir='ltr'><strong>Videas.</strong></span> <span class='ocrx_word' id='word_1_403' title='bbox 1179 1985 1257 2015; x_wconf 85' lang='lat' dir='ltr'><strong>Hoc</strong></span> <span class='ocrx_word' id='word_1_404' title='bbox 1272 1985 1385 2025; x_wconf 84' lang='lat' dir='ltr'><strong>posito</strong></span> <span class='ocrx_word' id='word_1_405' title='bbox 1402 1983 1637 2024; x_wconf 72' lang='lat' dir='ltr'><strong>fundamento,</strong></span> <span class='ocrx_word' id='word_1_406' title='bbox 1654 1984 1783 2015; x_wconf 84' lang='lat' dir='ltr'><strong>divina-</strong></span> 
     </span>
     <span class='ocr_line' id='line_1_37' title="bbox 326 2026 1785 2068; baseline -0.001 -9"><span class='ocrx_word' id='word_1_407' title='bbox 326 2030 453 2059; x_wconf 87' lang='lat' dir='ltr'><strong>tionem</strong></span> <span class='ocrx_word' id='word_1_408' title='bbox 471 2029 612 2068; x_wconf 88' lang='lat' dir='ltr'><strong>occepi;</strong></span> <span class='ocrx_word' id='word_1_409' title='bbox 636 2033 671 2059; x_wconf 91' lang='lat' dir='ltr'><strong>et</strong></span> <span class='ocrx_word' id='word_1_410' title='bbox 697 2027 774 2058; x_wconf 90' lang='lat' dir='ltr'><strong>vide</strong></span> <span class='ocrx_word' id='word_1_411' title='bbox 801 2028 881 2068; x_wconf 91' lang='lat' dir='ltr'><strong>quid</strong></span> <span class='ocrx_word' id='word_1_412' title='bbox 908 2028 942 2058; x_wconf 91' lang='lat' dir='ltr'><strong>in</strong></span> <span class='ocrx_word' id='word_1_413' title='bbox 968 2033 1119 2058; x_wconf 88' lang='lat' dir='ltr'><strong>mentem</strong></span> <span class='ocrx_word' id='word_1_414' title='bbox 1143 2028 1284 2058; x_wconf 83' lang='lat' dir='ltr'><strong>venerit.</strong></span> <span class='ocrx_word' id='word_1_415' title='bbox 1333 2027 1482 2058; x_wconf 79' lang='lat' dir='ltr'><strong>Dixerat</strong></span> <span class='ocrx_word' id='word_1_416' title='bbox 1507 2027 1689 2058; x_wconf 87' lang='lat' dir='ltr'><strong>Phormio:</strong></span> <span class='ocrx_word' id='word_1_417' title='bbox 1713 2026 1785 2058; x_wconf 80' lang='lat' dir='ltr'><strong>‘At</strong></span> 
     </span>
     <span class='ocr_line' id='line_1_38' title="bbox 324 2069 1786 2111; baseline 0 -10"><span class='ocrx_word' id='word_1_418' title='bbox 324 2081 424 2111; x_wconf 80' lang='lat' dir='ltr'><strong>quem</strong></span> <span class='ocrx_word' id='word_1_419' title='bbox 442 2071 572 2101; x_wconf 89' lang='lat' dir='ltr'><strong>virum?</strong></span> <span class='ocrx_word' id='word_1_420' title='bbox 594 2081 693 2111; x_wconf 90' lang='lat' dir='ltr'><strong>quem</strong></span> <span class='ocrx_word' id='word_1_421' title='bbox 716 2080 779 2110; x_wconf 85' lang='lat' dir='ltr'><strong>ego</strong></span> <span class='ocrx_word' id='word_1_422' title='bbox 805 2071 946 2101; x_wconf 86' lang='lat' dir='ltr'><strong>viderim</strong></span> <span class='ocrx_word' id='word_1_423' title='bbox 969 2071 1001 2100; x_wconf 93' lang='lat' dir='ltr'><strong>in</strong></span> <span class='ocrx_word' id='word_1_424' title='bbox 1021 2071 1089 2100; x_wconf 83' lang='lat' dir='ltr'><strong>vita</strong></span> <span class='ocrx_word' id='word_1_425' title='bbox 1113 2071 1277 2110; x_wconf 87' lang='lat' dir='ltr'><strong>optimum</strong></span> <span class='ocrx_word' id='word_1_426' title='bbox 1293 2069 1315 2100; x_wconf 85' lang='lat'><strong>:⁷</strong></span> <span class='ocrx_word' id='word_1_427' title='bbox 1341 2069 1395 2100; x_wconf 87' lang='lat' dir='ltr'><strong>ubi</strong></span> <span class='ocrx_word' id='word_1_428' title='bbox 1419 2069 1474 2100; x_wconf 88' lang='lat' dir='ltr'><strong>‘in</strong></span> <span class='ocrx_word' id='word_1_429' title='bbox 1503 2070 1589 2100; x_wconf 82' lang='lat' dir='ltr'><strong>vita‘</strong></span> <span class='ocrx_word' id='word_1_430' title='bbox 1613 2069 1702 2100; x_wconf 82' lang='lat' dir='ltr'><strong>idem</strong></span> <span class='ocrx_word' id='word_1_431' title='bbox 1731 2074 1786 2101; x_wconf 81' lang='lat' dir='ltr'><strong>est</strong></span> 
     </span>
     <span class='ocr_line' id='line_1_39' title="bbox 324 2111 1784 2154; baseline 0.001 -13"><span class='ocrx_word' id='word_1_432' title='bbox 324 2113 427 2154; x_wconf 78' lang='lat' dir='ltr'><strong>quod,</strong></span> <span class='ocrx_word' id='word_1_433' title='bbox 450 2123 610 2153; x_wconf 77' lang='lat' dir='ltr'><strong>unquam,</strong></span> <span class='ocrx_word' id='word_1_434' title='bbox 638 2114 670 2144; x_wconf 90' lang='lat' dir='ltr'><strong>in</strong></span> <span class='ocrx_word' id='word_1_435' title='bbox 697 2114 768 2144; x_wconf 84' lang='lat' dir='ltr'><strong>vita</strong></span> <span class='ocrx_word' id='word_1_436' title='bbox 791 2123 888 2144; x_wconf 89' lang='lat' dir='ltr'><strong>mea:</strong></span> <span class='ocrx_word' id='word_1_437' title='bbox 914 2123 994 2149; x_wconf 88' lang='lat' dir='ltr'><strong>non,</strong></span> <span class='ocrx_word' id='word_1_438' title='bbox 1019 2118 1056 2143; x_wconf 93' lang='lat' dir='ltr'><strong>ut</strong></span> <span class='ocrx_word' id='word_1_439' title='bbox 1084 2113 1248 2149; x_wconf 72' lang='lat' dir='ltr'><strong>Donatus,</strong></span> <span class='ocrx_word' id='word_1_440' title='bbox 1274 2113 1307 2142; x_wconf 92' lang='lat' dir='ltr'><strong>in</strong></span> <span class='ocrx_word' id='word_1_441' title='bbox 1332 2117 1423 2151; x_wconf 81' lang='lat' dir='ltr'><strong>actu,</strong></span> <span class='ocrx_word' id='word_1_442' title='bbox 1447 2112 1482 2142; x_wconf 89' lang='lat' dir='ltr'><strong>in</strong></span> <span class='ocrx_word' id='word_1_443' title='bbox 1498 2112 1665 2152; x_wconf 88' lang='lat' dir='ltr'><strong>moribus,</strong></span> <span class='ocrx_word' id='word_1_444' title='bbox 1688 2118 1724 2143; x_wconf 88' lang='lat' dir='ltr'><strong>ut</strong></span> <span class='ocrx_word' id='word_1_445' title='bbox 1741 2111 1784 2143; x_wconf 80' lang='lat' dir='ltr'><strong>ad</strong></span> 
     </span>
     <span class='ocr_line' id='line_1_40' title="bbox 323 2153 1786 2196; baseline -0.001 -10"><span class='ocrx_word' id='word_1_446' title='bbox 323 2156 532 2196; x_wconf 80' lang='lat' dir='ltr'><strong>Stilphonem</strong></span> <span class='ocrx_word' id='word_1_447' title='bbox 548 2159 695 2196; x_wconf 87' lang='lat' dir='ltr'><strong>spectet.</strong></span> <span class='ocrx_word' id='word_1_448' title='bbox 742 2156 831 2187; x_wconf 83' lang='lat' dir='ltr'><strong>Quid</strong></span> <span class='ocrx_word' id='word_1_449' title='bbox 854 2165 935 2195; x_wconf 79' lang='lat' dir='ltr'><strong>ergo</strong></span> <span class='ocrx_word' id='word_1_450' title='bbox 951 2155 992 2186; x_wconf 86' lang='lat' dir='ltr'><strong>ad</strong></span> <span class='ocrx_word' id='word_1_451' title='bbox 1018 2156 1093 2194; x_wconf 81' lang='lat' dir='ltr'><strong>hoc,</strong></span> <span class='ocrx_word' id='word_1_452' title='bbox 1115 2156 1123 2172; x_wconf 91' lang='lat'>‘</span> <span class='ocrx_word' id='word_1_453' title='bbox 1136 2155 1345 2195; x_wconf 85' lang='lat' dir='ltr'><strong>Stilphonem</strong></span> <span class='ocrx_word' id='word_1_454' title='bbox 1363 2155 1470 2185; x_wconf 85' lang='lat' dir='ltr'><strong>virum</strong></span> <span class='ocrx_word' id='word_1_455' title='bbox 1486 2155 1650 2195; x_wconf 86' lang='lat' dir='ltr'><strong>optimum</strong></span> <span class='ocrx_word' id='word_1_456' title='bbox 1665 2153 1786 2192; x_wconf 86' lang='lat' dir='ltr'><strong>fuisse,</strong></span> 
     </span>
     <span class='ocr_line' id='line_1_41' title="bbox 325 2197 1786 2238; baseline -0.001 -9"><span class='ocrx_word' id='word_1_457' title='bbox 325 2208 423 2238; x_wconf 83' lang='lat' dir='ltr'><strong>quem</strong></span> <span class='ocrx_word' id='word_1_458' title='bbox 441 2208 588 2238; x_wconf 83' lang='lat' dir='ltr'><strong>unquam</strong></span> <span class='ocrx_word' id='word_1_459' title='bbox 607 2197 757 2234; x_wconf 89' lang='lat' dir='ltr'><strong>viderit,’</strong></span> <span class='ocrx_word' id='word_1_460' title='bbox 781 2197 966 2238; x_wconf 86' lang='lat' dir='ltr'><strong>respondet</strong></span> <span class='ocrx_word' id='word_1_461' title='bbox 981 2198 1094 2229; x_wconf 75' lang='lat' dir='ltr'><strong>Geta?</strong></span> <span class='ocrx_word' id='word_1_462' title='bbox 1116 2198 1205 2236; x_wconf 84' lang='lat' dir='ltr'><strong>Hoc,</strong></span> <span class='ocrx_word' id='word_1_463' title='bbox 1221 2198 1359 2237; x_wconf 84' lang='lat' dir='ltr'><strong>opinor3</strong></span> <span class='ocrx_word' id='word_1_464' title='bbox 1386 2197 1505 2228; x_wconf 77' lang='lat' dir='ltr'><strong>Vidisti</strong></span> <span class='ocrx_word' id='word_1_465' title='bbox 1518 2198 1648 2235; x_wconf 75' lang='lat' dir='ltr'><strong>nullum,</strong></span> <span class='ocrx_word' id='word_1_466' title='bbox 1662 2201 1695 2228; x_wconf 83' lang='lat' dir='ltr'><strong>ut</strong></span> <span class='ocrx_word' id='word_1_467' title='bbox 1712 2207 1786 2228; x_wconf 79' lang='grc' dir='ltr'><em>παι·-</em></span> 
     </span>
     <span class='ocr_line' id='line_1_42' title="bbox 323 2240 1784 2280; baseline 0 -10"><span class='ocrx_word' id='word_1_468' title='bbox 323 2251 385 2272; x_wconf 76' lang='lat' dir='ltr'><strong>ras.</strong></span> <span class='ocrx_word' id='word_1_469' title='bbox 416 2241 481 2271; x_wconf 82' lang='lat' dir='ltr'><strong>[in</strong></span> <span class='ocrx_word' id='word_1_470' title='bbox 498 2242 610 2271; x_wconf 80' lang='lat' dir='ltr'><strong>malam</strong></span> <span class='ocrx_word' id='word_1_471' title='bbox 624 2251 756 2272; x_wconf 82' lang='lat' dir='ltr'><strong>crucem.</strong></span> <span class='ocrx_word' id='word_1_472' title='bbox 800 2241 834 2271; x_wconf 88' lang='lat' dir='ltr'><strong>Si</strong></span> <span class='ocrx_word' id='word_1_473' title='bbox 864 2241 891 2271; x_wconf 90' lang='lat' dir='ltr'><strong>is</strong></span> <span class='ocrx_word' id='word_1_474' title='bbox 917 2240 969 2271; x_wconf 86' lang='lat' dir='ltr'><strong>vir</strong></span> <span class='ocrx_word' id='word_1_475' title='bbox 994 2240 1155 2280; x_wconf 88' lang='lat' dir='ltr'><strong>optimus,</strong></span> <span class='ocrx_word' id='word_1_476' title='bbox 1178 2250 1275 2280; x_wconf 78' lang='lat' dir='ltr'><strong>quem</strong></span> <span class='ocrx_word' id='word_1_477' title='bbox 1294 2250 1439 2280; x_wconf 82' lang='lat' dir='ltr'><strong>unquam</strong></span> <span class='ocrx_word' id='word_1_478' title='bbox 1457 2240 1607 2279; x_wconf 73' lang='lat' dir='ltr'><strong>videris3</strong></span> <span class='ocrx_word' id='word_1_479' title='bbox 1633 2249 1694 2280; x_wconf 87' lang='lat' dir='ltr'><strong>pro</strong></span> <span class='ocrx_word' id='word_1_480' title='bbox 1711 2249 1784 2270; x_wconf 87' lang='lat' dir='ltr'><strong>ver—</strong></span> 
     </span>
     <span class='ocr_line' id='line_1_43' title="bbox 327 2282 1785 2323; baseline -0.001 -9"><span class='ocrx_word' id='word_1_481' title='bbox 327 2283 377 2314; x_wconf 90' lang='lat' dir='ltr'><strong>bis</strong></span> <span class='ocrx_word' id='word_1_482' title='bbox 405 2283 484 2323; x_wconf 85' lang='lat' dir='ltr'><strong>tuis‚</strong></span> <span class='ocrx_word' id='word_1_483' title='bbox 511 2283 635 2314; x_wconf 88' lang='lat' dir='ltr'><strong>videris</strong></span> <span class='ocrx_word' id='word_1_484' title='bbox 657 2284 783 2314; x_wconf 90' lang='lat' dir='ltr'><strong>nullum</strong></span> <span class='ocrx_word' id='word_1_485' title='bbox 813 2283 948 2314; x_wconf 85' lang='lat' dir='ltr'><strong>omnino</strong></span> <span class='ocrx_word' id='word_1_486' title='bbox 973 2283 1106 2314; x_wconf 84' lang='lat' dir='ltr'><strong>vidisse.</strong></span> <span class='ocrx_word' id='word_1_487' title='bbox 1152 2283 1267 2313; x_wconf 86' lang='lat' dir='ltr'><strong>Simile</strong></span> <span class='ocrx_word' id='word_1_488' title='bbox 1297 2288 1349 2313; x_wconf 86' lang='lat' dir='ltr'><strong>est</strong></span> <span class='ocrx_word' id='word_1_489' title='bbox 1366 2282 1556 2313; x_wconf 84' lang='lat' dir='ltr'><strong>Gnathonis</strong></span> <span class='ocrx_word' id='word_1_490' title='bbox 1574 2292 1785 2322; x_wconf 86' lang='lat' dir='ltr'><strong>responsum,</strong></span> 
     </span>
     <span class='ocr_line' id='line_1_44' title="bbox 325 2325 1784 2364; baseline -0.001 -8"><span class='ocrx_word' id='word_1_491' title='bbox 325 2326 479 2357; x_wconf 87' lang='lat' dir='ltr'><strong>Eunuch.</strong></span> <span class='ocrx_word' id='word_1_492' title='bbox 503 2331 571 2356; x_wconf 87' lang='lat' dir='ltr'><strong>act.</strong></span> <span class='ocrx_word' id='word_1_493' title='bbox 599 2335 656 2357; x_wconf 87' lang='lat'><strong>111.</strong></span> <span class='ocrx_word' id='word_1_494' title='bbox 683 2335 774 2357; x_wconf 87' lang='lat' dir='ltr'><strong>scen.</strong></span> <span class='ocrx_word' id='word_1_495' title='bbox 802 2328 832 2357; x_wconf 85' lang='grc'><strong>1.</strong></span> <span class='ocrx_word' id='word_1_496' title='bbox 858 2336 908 2356; x_wconf 87' lang='lat' dir='ltr'><strong>VS.</strong></span> <span class='ocrx_word' id='word_1_497' title='bbox 927 2328 977 2356; x_wconf 84' lang='lat'><strong>19.</strong></span> <span class='ocrx_word' id='word_1_498' title='bbox 1035 2326 1080 2356; x_wconf 92' lang='lat' dir='ltr'><strong>Et</strong></span> <span class='ocrx_word' id='word_1_499' title='bbox 1104 2325 1205 2364; x_wconf 84' lang='lat' dir='ltr'><strong>Gripi</strong></span> <span class='ocrx_word' id='word_1_500' title='bbox 1233 2325 1322 2364; x_wconf 84' lang='lat' dir='ltr'><strong>apud</strong></span> <span class='ocrx_word' id='word_1_501' title='bbox 1349 2325 1510 2355; x_wconf 84' lang='lat' dir='ltr'><strong>Plautum</strong></span> <span class='ocrx_word' id='word_1_502' title='bbox 1540 2325 1691 2356; x_wconf 82' lang='lat' dir='ltr'><strong>Rudent.</strong></span> <span class='ocrx_word' id='word_1_503' title='bbox 1716 2329 1784 2355; x_wconf 84' lang='lat' dir='ltr'><strong>act.</strong></span> 
     </span>
     <span class='ocr_line' id='line_1_45' title="bbox 326 2366 1785 2406; baseline -0.001 -8"><span class='ocrx_word' id='word_1_504' title='bbox 326 2378 377 2398; x_wconf 82' lang='lat' dir='ltr'><strong>iv.</strong></span> <span class='ocrx_word' id='word_1_505' title='bbox 404 2378 495 2398; x_wconf 87' lang='lat' dir='ltr'><strong>scen.</strong></span> <span class='ocrx_word' id='word_1_506' title='bbox 511 2371 542 2398; x_wconf 85' lang='lat'><strong>4.</strong></span> <span class='ocrx_word' id='word_1_507' title='bbox 567 2378 614 2398; x_wconf 87' lang='lat' dir='ltr'><strong>vs.</strong></span> <span class='ocrx_word' id='word_1_508' title='bbox 630 2371 682 2399; x_wconf 88' lang='grc'><strong>70.</strong></span> <span class='ocrx_word' id='word_1_509' title='bbox 729 2370 892 2400; x_wconf 88' lang='lat' dir='ltr'><strong>Ceterum</strong></span> <span class='ocrx_word' id='word_1_510' title='bbox 909 2368 930 2398; x_wconf 94' lang='lat' dir='ltr'><strong><em>I</em></strong></span> <span class='ocrx_word' id='word_1_511' title='bbox 953 2369 986 2398; x_wconf 76' lang='lat' dir='ltr'><strong>in</strong></span> <span class='ocrx_word' id='word_1_512' title='bbox 1012 2367 1241 2406; x_wconf 87' lang='lat' dir='ltr'><strong>scribendum,</strong></span> <span class='ocrx_word' id='word_1_513' title='bbox 1267 2377 1309 2398; x_wconf 83' lang='lat' dir='ltr'><strong>ex</strong></span> <span class='ocrx_word' id='word_1_514' title='bbox 1337 2366 1424 2398; x_wconf 90' lang='lat' dir='ltr'><strong>libro</strong></span> <span class='ocrx_word' id='word_1_515' title='bbox 1449 2367 1637 2398; x_wconf 79' lang='lat' dir='ltr'><strong>Bembino:</strong></span> <span class='ocrx_word' id='word_1_516' title='bbox 1665 2367 1785 2398; x_wconf 89' lang='lat' dir='ltr'><strong>Nostri</strong></span> 
     </span>
     <span class='ocr_line' id='line_1_46' title="bbox 325 2408 1782 2450; baseline 0 -10"><span class='ocrx_word' id='word_1_517' title='bbox 325 2410 387 2440; x_wconf 78' lang='lat' dir='ltr'><strong>Abi</strong></span> <span class='ocrx_word' id='word_1_518' title='bbox 415 2411 457 2441; x_wconf 83' lang='lat' dir='ltr'><strong>in.</strong></span> <span class='ocrx_word' id='word_1_519' title='bbox 503 2410 733 2450; x_wconf 62' lang='lat' dir='ltr'><strong>Inter-rogatio</strong></span> <span class='ocrx_word' id='word_1_520' title='bbox 762 2412 832 2441; x_wconf 83' lang='lat' dir='ltr'><strong>Isne</strong></span> <span class='ocrx_word' id='word_1_521' title='bbox 857 2420 922 2441; x_wconf 87' lang='lat' dir='ltr'><strong>non</strong></span> <span class='ocrx_word' id='word_1_522' title='bbox 951 2410 1112 2441; x_wconf 89' lang='lat' dir='ltr'><strong>convenit</strong></span> <span class='ocrx_word' id='word_1_523' title='bbox 1139 2420 1214 2440; x_wconf 83' lang='lat' dir='ltr'><strong>cum</strong></span> <span class='ocrx_word' id='word_1_524' title='bbox 1240 2415 1404 2450; x_wconf 72' lang='lat' dir='ltr'><strong>sequente</strong></span> <span class='ocrx_word' id='word_1_525' title='bbox 1430 2411 1439 2426; x_wconf 91' lang='lat'>‘</span> <span class='ocrx_word' id='word_1_526' title='bbox 1459 2408 1574 2440; x_wconf 58' lang='lat' dir='ltr'><strong>Nam?</strong></span> <span class='ocrx_word' id='word_1_527' title='bbox 1606 2409 1782 2440; x_wconf 79' lang='lat' dir='ltr'><strong>Bentleius.</strong></span> 
     </span>
     <span class='ocr_line' id='line_1_47' title="bbox 327 2451 1786 2491; baseline 0 -9"><span class='ocrx_word' id='word_1_528' title='bbox 327 2454 366 2482; x_wconf 83' lang='lat' dir='ltr'><strong>In</strong></span> <span class='ocrx_word' id='word_1_529' title='bbox 392 2453 504 2483; x_wconf 81' lang='lat' dir='ltr'><strong>malam</strong></span> <span class='ocrx_word' id='word_1_530' title='bbox 530 2452 664 2491; x_wconf 81' lang='lat' dir='ltr'><strong>crucem]</strong></span> <span class='ocrx_word' id='word_1_531' title='bbox 699 2454 777 2484; x_wconf 90' lang='lat' dir='ltr'><strong>Vet.</strong></span> <span class='ocrx_word' id='word_1_532' title='bbox 802 2452 861 2483; x_wconf 90' lang='lat' dir='ltr'><strong>lib.</strong></span> <span class='ocrx_word' id='word_1_533' title='bbox 883 2456 919 2484; x_wconf 91' lang='lat' dir='ltr'><strong>et</strong></span> <span class='ocrx_word' id='word_1_534' title='bbox 944 2454 985 2484; x_wconf 87' lang='lat' dir='ltr'><strong>R.</strong></span> <span class='ocrx_word' id='word_1_535' title='bbox 1027 2453 1112 2483; x_wconf 83' lang='lat' dir='ltr'><strong>Hinc</strong></span> <span class='ocrx_word' id='word_1_536' title='bbox 1137 2452 1170 2482; x_wconf 84' lang='lat' dir='ltr'><strong>in</strong></span> <span class='ocrx_word' id='word_1_537' title='bbox 1197 2453 1308 2482; x_wconf 79' lang='lat' dir='ltr'><strong>malum</strong></span> <span class='ocrx_word' id='word_1_538' title='bbox 1330 2461 1461 2482; x_wconf 82' lang='lat' dir='ltr'><strong>crucem.</strong></span> <span class='ocrx_word' id='word_1_539' title='bbox 1497 2451 1598 2482; x_wconf 86' lang='lat' dir='ltr'><strong>Lind.</strong></span> <span class='ocrx_word' id='word_1_540' title='bbox 1635 2452 1786 2491; x_wconf 73' lang='lat' dir='ltr'><strong>Cori-igit</strong></span> 
     </span>
     <span class='ocr_line' id='line_1_48' title="bbox 328 2494 1786 2535; baseline 0 -11"><span class='ocrx_word' id='word_1_541' title='bbox 328 2496 428 2525; x_wconf 78' lang='lat' dir='ltr'><strong>Bent.</strong></span> <span class='ocrx_word' id='word_1_542' title='bbox 458 2495 573 2526; x_wconf 78' lang='lat' dir='ltr'><strong>Vidisti</strong></span> <span class='ocrx_word' id='word_1_543' title='bbox 597 2496 726 2535; x_wconf 82' lang='lat' dir='ltr'><strong>nullum,</strong></span> <span class='ocrx_word' id='word_1_544' title='bbox 743 2499 779 2526; x_wconf 77' lang='lat' dir='ltr'><strong>ut</strong></span> <span class='ocrx_word' id='word_1_545' title='bbox 801 2505 922 2526; x_wconf 80' lang='lat' dir='ltr'><strong>narras.</strong></span> <span class='ocrx_word' id='word_1_546' title='bbox 969 2495 991 2525; x_wconf 95' lang='lat' dir='ltr'><em>I</em></span> <span class='ocrx_word' id='word_1_547' title='bbox 1011 2495 1044 2525; x_wconf 83' lang='lat' dir='ltr'><strong>z&#39;n</strong></span> <span class='ocrx_word' id='word_1_548' title='bbox 1070 2495 1181 2525; x_wconf 73' lang='lat' dir='ltr'><strong>malam</strong></span> <span class='ocrx_word' id='word_1_549' title='bbox 1205 2504 1344 2525; x_wconf 81' lang='lat' dir='ltr'><strong>crucem.-</strong></span> <span class='ocrx_word' id='word_1_550' title='bbox 1367 2494 1426 2525; x_wconf 90' lang='lat' dir='ltr'><strong>sed</strong></span> <span class='ocrx_word' id='word_1_551' title='bbox 1449 2498 1580 2525; x_wconf 79' lang='lat' dir='ltr'><strong>temere</strong></span> <span class='ocrx_word' id='word_1_552' title='bbox 1602 2499 1638 2525; x_wconf 88' lang='lat' dir='ltr'><strong>et</strong></span> <span class='ocrx_word' id='word_1_553' title='bbox 1665 2501 1786 2525; x_wconf 86' lang='lat' dir='ltr'><strong>contra</strong></span> 
     </span>
     <span class='ocr_line' id='line_1_49' title="bbox 326 2535 1784 2577; baseline 0 -11"><span class='ocrx_word' id='word_1_554' title='bbox 326 2536 427 2567; x_wconf 74' lang='lat' dir='ltr'><strong>fidem</strong></span> <span class='ocrx_word' id='word_1_555' title='bbox 444 2539 590 2568; x_wconf 90' lang='lat' dir='ltr'><strong>omnium</strong></span> <span class='ocrx_word' id='word_1_556' title='bbox 608 2538 708 2569; x_wconf 86' lang='lat' dir='ltr'><strong>codd.</strong></span> <span class='ocrx_word' id='word_1_557' title='bbox 757 2538 842 2568; x_wconf 81' lang='lat' dir='ltr'><strong>Nam</strong></span> <span class='ocrx_word' id='word_1_558' title='bbox 867 2542 1007 2577; x_wconf 84' lang='lat' dir='ltr'><strong>recepta</strong></span> <span class='ocrx_word' id='word_1_559' title='bbox 1035 2538 1135 2568; x_wconf 77' lang='lat' dir='ltr'><strong>lectio</strong></span> <span class='ocrx_word' id='word_1_560' title='bbox 1163 2536 1374 2567; x_wconf 84' lang='lat' dir='ltr'><strong>commodum</strong></span> <span class='ocrx_word' id='word_1_561' title='bbox 1399 2535 1505 2567; x_wconf 88' lang='lat' dir='ltr'><strong>efficit</strong></span> <span class='ocrx_word' id='word_1_562' title='bbox 1527 2545 1673 2575; x_wconf 82' lang='lat' dir='ltr'><strong>sensum,</strong></span> <span class='ocrx_word' id='word_1_563' title='bbox 1689 2535 1784 2567; x_wconf 85' lang='lat' dir='ltr'><strong>(lum-</strong></span> 
     </span>
     <span class='ocr_line' id='line_1_50' title="bbox 327 2578 1784 2619; baseline 0.001 -11"><span class='ocrx_word' id='word_1_564' title='bbox 327 2579 425 2609; x_wconf 87' lang='lat' dir='ltr'><strong>modo</strong></span> <span class='ocrx_word' id='word_1_565' title='bbox 440 2582 448 2596; x_wconf 77' lang='lat'>⁴</span> <span class='ocrx_word' id='word_1_566' title='bbox 468 2582 624 2610; x_wconf 82' lang='lat' dir='ltr'><strong>narrare&#39;</strong></span> <span class='ocrx_word' id='word_1_567' title='bbox 640 2580 892 2619; x_wconf 83' lang='lat' dir='ltr'><strong>interpreteris,</strong></span> <span class='ocrx_word' id='word_1_568' title='bbox 909 2579 1060 2618; x_wconf 88' lang='lat' dir='ltr'><strong>mentiri,</strong></span> <span class='ocrx_word' id='word_1_569' title='bbox 1082 2578 1223 2619; x_wconf 81' lang='lat' dir='ltr'><strong>fingere,</strong></span> <span class='ocrx_word' id='word_1_570' title='bbox 1241 2578 1327 2609; x_wconf 84' lang='lat' dir='ltr'><strong>falsa</strong></span> <span class='ocrx_word' id='word_1_571' title='bbox 1348 2578 1478 2618; x_wconf 85' lang='lat' dir='ltr'><strong>dicere,</strong></span> <span class='ocrx_word' id='word_1_572' title='bbox 1500 2587 1542 2609; x_wconf 86' lang='lat' dir='ltr'><strong>ea</strong></span> <span class='ocrx_word' id='word_1_573' title='bbox 1558 2579 1600 2609; x_wconf 90' lang='lat' dir='ltr'><strong>de</strong></span> <span class='ocrx_word' id='word_1_574' title='bbox 1621 2579 1735 2619; x_wconf 84' lang='lat' dir='ltr'><strong>aliqua</strong></span> <span class='ocrx_word' id='word_1_575' title='bbox 1750 2588 1784 2609; x_wconf 87' lang='lat' dir='ltr'><strong>re</strong></span> 
     </span>
     <span class='ocr_line' id='line_1_51' title="bbox 328 2620 1785 2662; baseline 0 -11"><span class='ocrx_word' id='word_1_576' title='bbox 328 2621 456 2661; x_wconf 82' lang='lat' dir='ltr'><strong>dicere,</strong></span> <span class='ocrx_word' id='word_1_577' title='bbox 471 2632 546 2662; x_wconf 85' lang='lat' dir='ltr'><strong>qnae</strong></span> <span class='ocrx_word' id='word_1_578' title='bbox 565 2623 664 2653; x_wconf 88' lang='lat' dir='ltr'><strong>facile</strong></span> <span class='ocrx_word' id='word_1_579' title='bbox 681 2622 842 2653; x_wconf 86' lang='lat' dir='ltr'><strong>falsitatis</strong></span> <span class='ocrx_word' id='word_1_580' title='bbox 858 2623 952 2661; x_wconf 81' lang='lat' dir='ltr'><strong>argui</strong></span> <span class='ocrx_word' id='word_1_581' title='bbox 977 2626 1128 2662; x_wconf 83' lang='lat' dir='ltr'><strong>possunt.</strong></span> <span class='ocrx_word' id='word_1_582' title='bbox 1173 2622 1299 2652; x_wconf 86' lang='lat' dir='ltr'><strong>Sensus</strong></span> <span class='ocrx_word' id='word_1_583' title='bbox 1323 2626 1396 2652; x_wconf 79' lang='lat' dir='ltr'><strong>est:</strong></span> <span class='ocrx_word' id='word_1_584' title='bbox 1424 2620 1524 2660; x_wconf 83' lang='lat' dir='ltr'><strong>Vide,</strong></span> <span class='ocrx_word' id='word_1_585' title='bbox 1541 2621 1665 2660; x_wconf 84' lang='lat' dir='ltr'><strong>cogita,</strong></span> <span class='ocrx_word' id='word_1_586' title='bbox 1685 2631 1785 2661; x_wconf 82' lang='lat' dir='ltr'><strong>quam</strong></span> 
     </span>
     <span class='ocr_line' id='line_1_52' title="bbox 327 2663 1785 2705; baseline 0.001 -13"><span class='ocrx_word' id='word_1_587' title='bbox 327 2663 410 2692; x_wconf 78' lang='lat' dir='ltr'><strong>falsa</strong></span> <span class='ocrx_word' id='word_1_588' title='bbox 428 2669 462 2694; x_wconf 90' lang='lat' dir='ltr'><strong>et</strong></span> <span class='ocrx_word' id='word_1_589' title='bbox 479 2665 704 2703; x_wconf 81' lang='lat' dir='ltr'><strong>repugnantia</strong></span> <span class='ocrx_word' id='word_1_590' title='bbox 719 2664 880 2696; x_wconf 81' lang='lat' dir='ltr'><strong>fabuleris</strong></span> <span class='ocrx_word' id='word_1_591' title='bbox 896 2665 938 2696; x_wconf 88' lang='lat' dir='ltr'><strong>de</strong></span> <span class='ocrx_word' id='word_1_592' title='bbox 956 2669 1003 2702; x_wconf 87' lang='lat' dir='ltr'><strong>te,</strong></span> <span class='ocrx_word' id='word_1_593' title='bbox 1026 2665 1081 2705; x_wconf 87' lang='lat' dir='ltr'><strong>qui</strong></span> <span class='ocrx_word' id='word_1_594' title='bbox 1100 2664 1199 2694; x_wconf 89' lang='lat' dir='ltr'><strong>istum</strong></span> <span class='ocrx_word' id='word_1_595' title='bbox 1218 2664 1326 2694; x_wconf 89' lang='lat' dir='ltr'><strong>virum</strong></span> <span class='ocrx_word' id='word_1_596' title='bbox 1343 2663 1508 2703; x_wconf 87' lang='lat' dir='ltr'><strong>optimum</strong></span> <span class='ocrx_word' id='word_1_597' title='bbox 1524 2672 1589 2693; x_wconf 91' lang='lat' dir='ltr'><strong>non</strong></span> <span class='ocrx_word' id='word_1_598' title='bbox 1608 2663 1733 2699; x_wconf 84' lang='lat' dir='ltr'><strong>vidisti,</strong></span> <span class='ocrx_word' id='word_1_599' title='bbox 1749 2667 1785 2694; x_wconf 89' lang='lat' dir='ltr'><strong>et</strong></span> 
     </span>
     <span class='ocr_line' id='line_1_53' title="bbox 327 2705 1786 2747; baseline -0.001 -12"><span class='ocrx_word' id='word_1_600' title='bbox 327 2705 370 2735; x_wconf 85' lang='lat' dir='ltr'><strong>de</strong></span> <span class='ocrx_word' id='word_1_601' title='bbox 387 2705 455 2743; x_wconf 91' lang='lat' dir='ltr'><strong>illo,</strong></span> <span class='ocrx_word' id='word_1_602' title='bbox 472 2707 527 2745; x_wconf 88' lang='lat' dir='ltr'><strong>qui</strong></span> <span class='ocrx_word' id='word_1_603' title='bbox 545 2707 594 2736; x_wconf 90' lang='lat' dir='ltr'><strong>vir</strong></span> <span class='ocrx_word' id='word_1_604' title='bbox 611 2708 761 2746; x_wconf 88' lang='lat' dir='ltr'><strong>optimus</strong></span> <span class='ocrx_word' id='word_1_605' title='bbox 779 2717 844 2738; x_wconf 92' lang='lat' dir='ltr'><strong>non</strong></span> <span class='ocrx_word' id='word_1_606' title='bbox 862 2706 936 2738; x_wconf 83' lang='lat' dir='ltr'><strong>fuit.</strong></span> <span class='ocrx_word' id='word_1_607' title='bbox 982 2707 1167 2747; x_wconf 84' lang='lat' dir='ltr'><strong>Sequentia</strong></span> <span class='ocrx_word' id='word_1_608' title='bbox 1190 2710 1338 2736; x_wconf 83' lang='lat' dir='ltr'><strong>nostram</strong></span> <span class='ocrx_word' id='word_1_609' title='bbox 1356 2705 1672 2745; x_wconf 85' lang='lat' dir='ltr'><strong>interpretationem</strong></span> <span class='ocrx_word' id='word_1_610' title='bbox 1696 2714 1786 2736; x_wconf 89' lang='lat' dir='ltr'><strong>com-</strong></span> 
     </span>
     <span class='ocr_line' id='line_1_54' title="bbox 329 2746 1784 2789; baseline 0.001 -12"><span class='ocrx_word' id='word_1_611' title='bbox 329 2747 474 2785; x_wconf 88' lang='lat' dir='ltr'><strong>probare</strong></span> <span class='ocrx_word' id='word_1_612' title='bbox 493 2748 663 2780; x_wconf 67' lang='lat' dir='ltr'><strong>videntur.</strong></span> <span class='ocrx_word' id='word_1_613' title='bbox 710 2750 869 2780; x_wconf 87' lang='lat' dir='ltr'><strong>Ceterum</strong></span> <span class='ocrx_word' id='word_1_614' title='bbox 888 2749 968 2780; x_wconf 89' lang='lat' dir='ltr'><strong>illud</strong></span> <span class='ocrx_word' id='word_1_615' title='bbox 986 2749 1006 2778; x_wconf 95' lang='grc' dir='ltr'><em>Ι</em></span> <span class='ocrx_word' id='word_1_616' title='bbox 1020 2749 1052 2779; x_wconf 78' lang='lat' dir='ltr'><strong>in</strong></span> <span class='ocrx_word' id='word_1_617' title='bbox 1068 2759 1108 2779; x_wconf 80' lang='lat' dir='ltr'><strong>m.</strong></span> <span class='ocrx_word' id='word_1_618' title='bbox 1125 2759 1152 2779; x_wconf 88' lang='lat' dir='ltr'><strong>c.</strong></span> <span class='ocrx_word' id='word_1_619' title='bbox 1178 2748 1267 2789; x_wconf 87' lang='lat' dir='ltr'><strong>quod</strong></span> <span class='ocrx_word' id='word_1_620' title='bbox 1285 2749 1389 2778; x_wconf 87' lang='lat' dir='ltr'><strong>Bent.</strong></span> <span class='ocrx_word' id='word_1_621' title='bbox 1407 2746 1559 2788; x_wconf 71' lang='lat' dir='ltr'><strong>praefert,</strong></span> <span class='ocrx_word' id='word_1_622' title='bbox 1576 2746 1676 2778; x_wconf 85' lang='lat' dir='ltr'><strong>facile</strong></span> <span class='ocrx_word' id='word_1_623' title='bbox 1693 2746 1784 2778; x_wconf 88' lang='lat' dir='ltr'><strong>ferre</strong></span> 
     </span>
     <span class='ocr_line' id='line_1_55' title="bbox 328 2788 1784 2831; baseline 0.001 -10"><span class='ocrx_word' id='word_1_624' title='bbox 328 2799 516 2831; x_wconf 71' lang='lat' dir='ltr'><strong>possumus,</strong></span> <span class='ocrx_word' id='word_1_625' title='bbox 535 2791 612 2830; x_wconf 87' lang='lat' dir='ltr'><strong>quia</strong></span> <span class='ocrx_word' id='word_1_626' title='bbox 630 2792 662 2822; x_wconf 82' lang='lat' dir='ltr'><strong>in</strong></span> <span class='ocrx_word' id='word_1_627' title='bbox 679 2792 773 2824; x_wconf 88' lang='lat' dir='ltr'><strong>Bem.</strong></span> <span class='ocrx_word' id='word_1_628' title='bbox 791 2796 899 2823; x_wconf 73' lang='lat' dir='ltr'><strong>extat.</strong></span> <span class='ocrx_word' id='word_1_629' title='bbox 931 2791 1028 2822; x_wconf 80' lang='lat' dir='ltr'><strong>Zeun.</strong></span> <span class='ocrx_word' id='word_1_630' title='bbox 1068 2791 1182 2822; x_wconf 79' lang='lat' dir='ltr'><strong>Videas</strong></span> <span class='ocrx_word' id='word_1_631' title='bbox 1198 2794 1226 2821; x_wconf 82' lang='lat' dir='ltr'><strong>te</strong></span> <span class='ocrx_word' id='word_1_632' title='bbox 1241 2794 1333 2830; x_wconf 70' lang='lat' dir='ltr'><strong>atque</strong></span> <span class='ocrx_word' id='word_1_633' title='bbox 1349 2789 1451 2830; x_wconf 84' lang='lat' dir='ltr'><strong>illum]</strong></span> <span class='ocrx_word' id='word_1_634' title='bbox 1475 2790 1583 2822; x_wconf 78' lang='lat' dir='ltr'><strong>Locus</strong></span> <span class='ocrx_word' id='word_1_635' title='bbox 1600 2788 1784 2822; x_wconf 84' lang='lat' dir='ltr'><strong>foedissime</strong></span> 
     </span>
    </p>
   </div>
  </div>
 </body>
</html>
