1966 3302
322 240 410 282 9:26
817 246 857 276 P.
889 244 1128 276 TERENTn
1163 243 1304 274 Auni

324 347 510 395 Bonam,
530 343 661 387 bonis
682 344 969 396 prognatam:
1000 341 1039 382 si
1060 342 1242 382 uxorem
1261 338 1387 390 velit,
1695 337 1775 380 ·65

326 415 441 468 Lege
462 414 504 454 id
526 414 657 454 licere
677 412 846 462 facere3
880 410 949 451 sin
972 410 1117 455 aliter,
1139 416 1289 461 negat.

325 483 508 531 Noster,
530 480 634 534 quid
658 483 815 533 ageret,
838 479 1010 519 nescire
1029 490 1040 527 ;
1071 481 1114 518 et
1133 489 1229 518 eam
1253 477 1415 517 ducere

325 550 563 603 Cupiebat‚
584 552 629 589 et
644 548 871 589 metuebat
890 547 1116 587 absentem
1140 546 1322 598 patrem.

326 619 420 659 DA.
453 616 572 666 Non,
594 617 631 657 si
653 615 855 666 redisset,
875 615 915 655 ei
937 618 1064 667 pater
1083 613 1255 654 veniam
1278 610 1434 653 daret?

326 685 416 727 GE.
448 684 588 725 lllene
610 682 853 724 indotatam
874 682 1086 734 virginem
1106 685 1238 733 atque
1259 678 1500 732 ignobilem
1719 673 1776 716 70

327 753 466 795 Daret
487 752 549 793 illi
565 753 584 792 ’ἰ
615 764 836 805 nunquam
859 750 1037 791 faceret.
1099 749 1193 790 DA.
1225 747 1344 799 Quid
1365 746 1414 787 fit
1433 743 1660 798 denique?
1756 743 1758 745 ’

326 821 417 863 Ge.
449 819 572 871 Quid
594 818 708 860 fiat'?
742 823 811 860 est
831 819 1053 873 parasitus
1077 816 1255 870 quidam
1278 815 1501 864 Phormio,

326 890 478 930 Homo
500 886 752 939 confidens;
783 887 874 941 qui,
897 887 1019 927 illum
1041 885 1101 926 Di
1121 898 1269 925 omnes
1291 881 1518 936 perduint!

327 958 421 1000 DA.
454 954 574 1006 Quid
608 955 649 996 is
687 954 826 996 fecit?
907 954 997 996 GE.
1031 953 1136 995 Hoc
1173 951 1421 1001 consilium,
1454 947 1575 1004 quod
1614 947 1775 997 dicam,

500 1023 635 1064 dedit.

327 1093 425 1134 Lex
445 1095 527 1141 est,
546 1094 594 1131 ut
614 1090 750 1140 orbae,
771 1090 848 1143 qui
871 1093 971 1130 sunt
991 1101 1144 1143 genere
1166 1087 1387 1142 proxumi,
1722 1084 1780 1125 75

327 1161 407 1202 Eis
427 1159 615 1211 nubant3
647 1163 692 1199 et
713 1157 814 1198 illos
836 1156 990 1198 ducere
1011 1156 1164 1198 eadem
1184 1156 1281 1197 haec
1298 1154 1375 1196 lex
1389 1152 1534 1209 jubet.

322 1305 423 1343 petat,
439 1302 526 1333 illum
539 1311 602 1333 esse
615 1301 711 1332 civem
732 1300 884 1340 Atticam,
904 1299 1073 1335 honestam,
1089 1298 1225 1330 honestis
1236 1297 1418 1339 parentibus
1428 1296 1570 1337 genitam
1579 1304 1590 1332 ‚⁸
1611 1295 1640 1326 si
1654 1303 1781 1326 uxorem

326 1355 393 1377 eam
408 1346 483 1376 velit
497 1347 616 1384 ducere,
630 1345 768 1384 legitime
782 1344 816 1374 id
831 1343 859 1374 ei
872 1343 1014 1384 permitti
1021 1342 1130 1380 fucere
1142 1352 1154 1378 ;
1177 1341 1226 1372 sin
1250 1342 1363 1380 minuti,
1387 1341 1443 1371 illa
1458 1341 1579 1370 recusat
1593 1339 1622 1369 ei
1645 1337 1779 1377 obsequi.

328 1389 445 1419 Noster
457 1388 595 1429 Antipho
610 1387 682 1428 quid
697 1387 757 1418 sibi
763 1386 946 1424 faciendum
961 1389 1041 1416 esset
1055 1385 1222 1416 nesciebat.
1262 1385 1381 1424 Cupide
1396 1383 1511 1414 volebat
1527 1391 1594 1412 eam
1608 1381 1640 1412 in
1653 1389 1781 1412 uxorem

325 1433 474 1471 accipere,
492 1432 546 1462 sed
559 1433 660 1470 patris
679 1434 762 1461 metu
777 1430 937 1460 tenebatur
950 1428 1098 1460 absentis.
1143 1427 1212 1458 DA.
1235 1427 1287 1458 An
1302 1437 1361 1457 non
1376 1430 1465 1467 pater
1479 1434 1618 1456 reversus
1632 1424 1661 1455 ei
1674 1432 1780 1463 parce-

325 1479 374 1505 ret
398 1475 475 1504 hanc
498 1475 640 1514 culpam?
685 1473 754 1504 GE.
782 1471 891 1508 Quid?
912 1472 1002 1502 illene
1022 1474 1112 1511 pater
1130 1471 1266 1511 puellam
1287 1470 1368 1501 dotis
1397 1473 1564 1510 expertem,
1592 1470 1621 1497 et
1648 1465 1784 1496 obscuris

328 1517 483 1548 natalibus
506 1520 664 1557 pateretur
686 1526 755 1547 eum
771 1517 905 1546 ducere?
950 1515 1121 1554 Nunquam
1140 1514 1191 1543 ille
1212 1513 1267 1543 hoc
1281 1513 1416 1550 fuceret.
1462 1512 1530 1542 DA.
1557 1510 1641 1545 Quid
1657 1509 1782 1540 tandem

319 1560 446 1599 factum
472 1563 517 1590 esc
528 1560 543 1591 !
587 1559 653 1590 GE.
682 1559 766 1594 Quid
782 1558 908 1596 finctum
923 1557 1040 1595 fuerit,
1069 1556 1202 1596 quaeris?
1232 1559 1277 1585 est
1306 1555 1473 1585 Parasitus
1497 1553 1633 1594 quidam,
1661 1551 1783 1582 nomine

328 1603 490 1641 Phormio,
506 1602 592 1633 homo
607 1603 711 1633 audax
734 1605 762 1632 et
790 1602 984 1639 temerarius,
999 1600 1050 1640 qui
1065 1599 1142 1639 (Dii
1156 1599 1243 1629 illum
1265 1596 1421 1638 occidant)
1435 1597 1491 1628 hoc
1513 1595 1687 1630 consilium,
1704 1593 1783 1634 quod

328 1654 488 1685 exponam,
505 1646 610 1675 dedit.-
631 1645 780 1675 nimirum
804 1645 869 1683 lege
893 1647 1016 1674 cautum
1042 1645 1088 1673 est
1111 1641 1257 1680 Athenis,
1273 1644 1307 1671 ut
1321 1641 1461 1679 virgines
1470 1639 1651 1679 parentibus
1666 1637 1783 1668 orbatas

330 1689 445 1719 nubant
457 1688 611 1729 proximis
624 1688 761 1727 agnatis,
777 1690 869 1728 atque
884 1686 932 1717 illi
947 1696 998 1717 eas
1013 1694 1123 1717 uxores
1136 1686 1251 1716 ducant
1263 1695 1273 1715 .-
1295 1693 1351 1723 ego
1363 1688 1393 1715 te
1405 1682 1522 1722 virgini
1530 1683 1706 1722 proximum
1720 1688 1784 1711 esse

935 1779 1177 1793 ONNNW‘O

328 1858 370 1890 da
386 1856 542 1889 veniam!
565 1862 601 1888 et
626 1857 781 1896 Plautus,
808 1856 934 1888 Pseud.
951 1866 984 1888 v.
1001 1859 1032 1888 2.
1051 1860 1102 1888 16.
1127 1857 1136 1874 ‘
1154 1857 1216 1890 Jus
1242 1855 1344 1896 petis,
1366 1853 1502 1886 fateor!
1546 1852 1706 1883 Donatus
1732 1855 1783 1882 ta-

329 1911 404 1932 men
421 1912 429 1932 :
454 1903 463 1918 ‘
481 1901 558 1932 Non
577 1901 665 1942 quod
684 1905 786 1939 annet,
802 1900 860 1930 sed
878 1901 965 1941 quod
983 1900 1046 1931 hoc
1064 1906 1156 1940 petat
1170 1899 1192 1931 :⁹
1216 1899 1272 1930 ubi
1291 1899 1380 1929 clare
1397 1897 1538 1935 indicat,
1555 1905 1590 1925 se
1604 1895 1713 1933 facere
1736 1895 1783 1926 le-

329 1946 427 1984 gisse.
473 1944 599 1974 Heaut.
618 1952 642 1975 1.
663 1947 690 1974 l.
705 1946 758 1974 39.
784 1944 793 1960 ‘
809 1943 886 1974 Non
914 1943 1032 1981 sinam,
1053 1943 1200 1983 inquam.
1246 1941 1298 1972 Ah
1315 1950 1380 1971 non
1398 1949 1531 1981 aequum
1555 1937 1664 1969 facis!
1714 1937 1783 1969 Sed

330 1988 375 2018 ibi
391 1987 552 2018 Chremes
569 1991 696 2017 rastros
719 1995 820 2016 manu
846 1985 1040 2025 prehendit,
1057 1990 1092 2016 et
1109 1984 1193 2015 facit
1210 1983 1337 2025 aliquid
1353 1994 1361 2014 :
1386 1982 1540 2022 Antipho
1555 1981 1609 2011 hic
1627 1980 1709 2011 nihil
1733 1979 1784 2011 fa-

330 2031 398 2069 cit;
422 2029 480 2061 sed
507 2034 594 2067 orat,
620 2028 790 2067 obsecrat,
815 2029 914 2068 petit.
948 2028 1042 2059 Bent.
1098 2028 1234 2059 Facere:
1258 2027 1304 2057 az't
1327 2027 1387 2057 Br.
1434 2026 1541 2056 Civem
1555 2033 1618 2054 esse
1634 2023 1728 2054 illanc
1742 2022 1785 2054 A.

329 2073 430 2105 Both.
476 2072 592 2105 Facere
606 2072 663 2110 ait,
679 2072 766 2102 illam
782 2071 873 2102 Peri.
920 2071 1006 2102 Hinc
1022 2075 1097 2111 post
1115 2071 1201 2101 illam
1217 2068 1333 2101 Guelf.
1349 2071 1465 2100 2.-65
1493 2069 1545 2098 De
1562 2067 1782 2097 distinctione

331 2116 468 2147 dubitat
486 2116 551 2146 Do.
579 2115 630 2146 Cl.
647 2115 691 2146 V.
719 2115 814 2145 Petr.
839 2114 1052 2144 Burmannus
1075 2113 1116 2144 ad
1145 2113 1332 2154 Calphurn.
1367 2111 1481 2142 Flacc.
1498 2109 1656 2141 Declam.
1674 2117 1786 2142 xxul.

331 2158 522 2199 distinguit,
538 2158 567 2189 si
580 2167 707 2190 uxorem
722 2158 798 2188 velit
814 2157 908 2196 Lege,
925 2157 957 2187 id
984 2156 1075 2187 licere
1091 2156 1220 2194 facere:
1243 2155 1277 2186 h.
1289 2165 1320 2186 e.
1338 2155 1499 2195 legitime.
1528 2152 1629 2184 West.
1677 2152 1719 2182 Et
1736 2152 1785 2182 ita

331 2201 508 2241 distinguit
520 2201 612 2232 Perl.
656 2202 664 2218 ‘
680 2199 891 2234 Perenonius
904 2199 1139 2230 Aniuiadvers.
1153 2207 1176 2229 1.
1190 2201 1223 2230 9.
1240 2197 1452 2238 interpungit
1469 2201 1545 2236 post
1560 2203 1676 2226 vocem
1689 2194 1786 2233 Lege,

331 2245 546 2285 utjungatur
569 2247 676 2274 ‘uxor
694 2242 794 2282 lege,'
817 2243 1098 2283 quemadmodum
1115 2241 1204 2282 apud
1218 2241 1360 2273 Graecos
1375 2238 1498 2279 ’γαμετὴ
1514 2236 1615 2277 νόμον.
1657 2236 1723 2267 Sed
1742 2236 1786 2267 ad

332 2297 464 2318 sensum
481 2286 561 2317 nihil
580 2286 697 2326 refert,
713 2291 790 2317 utro
805 2285 902 2316 modo
919 2283 1203 2325 interpungatur.’
1238 2284 1280 2314 R.
1299 2284 1430 2314 D.—67
1459 2282 1587 2313 Fut-eret
1604 2289 1665 2320 pro
1681 2283 1787 2319 ageret

332 2330 446 2361 Guelf.
462 2332 491 2360 3.
536 2329 580 2360 Et
605 2329 691 2361 illum
716 2329 776 2363 Br.
793 2328 895 2360 Bent.
912 2328 988 2368 Bip.
1006 2328 1046 2359 Z.
1062 2327 1153 2359 Perl.
1170 2327 1385 2366 Deum-68
1407 2324 1449 2356 Τὸ
1469 2328 1499 2355 et
1526 2323 1623 2355 abest
1649 2322 1786 2353 Perh—

330 2376 373 2403 69
398 2372 470 2403 ΕΡ.
497 2372 594 2410 Num,
617 2372 666 2403 si.-
700 2372 748 2403 ita
775 2376 810 2402 et
836 2371 902 2403 Ms.
921 2371 1104 2403 Uratislav.
1122 2369 1315 2401 Pulmanni.
1348 2368 1440 2400 Libri
1469 2367 1603 2409 quidam
1627 2374 1702 2396 curn
1720 2365 1785 2397 Do.

334 2416 418 2450 Non,
435 2415 463 2446 si
477 2416 608 2445 redisset
620 2418 722 2455 pater,
733 2414 760 2445 ei
776 2414 896 2445 veniam
909 2415 1020 2445 daret?
1042 2414 1150 2445 West.
1196 2413 1296 2444 Pater
1322 2412 1352 2442 ei
1376 2410 1499 2442 veniam
1524 2411 1636 2440 daret?
1660 2407 1703 2439 O.
1718 2408 1740 2439 l.
1757 2417 1785 2439 s.

332 2462 368 2488 et
385 2458 554 2496 Donatus,
571 2458 617 2488 ita
634 2458 812 2496 collocant,
834 2457 864 2488 ei
888 2460 988 2496 pater,
1006 2456 1094 2496 quod
1112 2461 1148 2486 et
1165 2454 1338 2487 venustius
1355 2458 1416 2485 est.
1440 2453 1499 2484 Fa.
1544 2451 1599 2483 Sic
1616 2454 1651 2481 et
1668 2451 1785 2481 nostri.

334 2501 430 2532 Beni.
477 2500 536 2531 ΒΓ.
553 2500 598 2531 Ν.
614 2510 640 2532 s.
656 2510 684 2532 r.
701 2501 729 2530 ez'
740 2503 844 2540 pater,
858 2499 979 2530 veniam
994 2500 1104 2532 daret?
1128 2498 1230 2530 Both.
1245 2500 1334 2537 pater
1348 2497 1388 2528 ei.
1422 2496 1463 2527 Z.
1476 2497 1577 2536 pater,
1589 2494 1618 2524 ei
1633 2503 1662 2525 v.
1677 2494 1787 2526 daret?

333 2545 417 2573 -70
443 2543 483 2574 In
500 2542 578 2573 libri
596 2543 751 2574 Bembini
770 2546 934 2574 contextu
953 2551 1017 2572 non
1034 2547 1085 2572 est
1096 2540 1134 2571 τὸ
1149 2550 1205 2572 ne:
1240 2549 1307 2581 qua
1334 2538 1500 2580 particula
1517 2537 1643 2576 demta,
1664 2536 1786 2568 melius

334 2594 451 2616 versus
486 2586 691 2624 procederet
706 2596 715 2624 ;
751 2585 810 2616 sed
843 2585 891 2615 sic
922 2593 1055 2625 quoque
1082 2584 1269 2615 sustentari
1296 2587 1422 2623 potest.
1455 2580 1608 2612 Faernus.
1665 2578 1786 2612 Nostri

333 2637 449 2660 omnes
467 2627 574 2661 Illene.
610 2628 801 2659 Bentleius.
857 2626 968 2658 Abest
991 2637 1028 2660 ne
1051 2627 1153 2658 Bent.
1182 2626 1283 2657 Both.
1312 2625 1452 2665 Bipont.
1485 2621 1645 2662 Delphin.
1699 2621 1786 2655 Post

333 2671 430 2703 Illene
460 2670 648 2710 interrogat
685 2670 896 2702 Bruns.-—72
932 2668 1029 2700 Idem
1058 2669 1144 2707 Quid
1171 2668 1235 2710 fiet
1244 2670 1342 2699 ?—73
1376 2666 1488 2697 Verba
1520 2663 1788 2703 i!lum...perduint

334 2713 425 2744 Mur.
444 2713 635 2752 parenthesi
654 2713 801 2744 inclusit.
824 2713 909 2744 Perl.
957 2713 1016 2743 ΒΓ.
1037 2714 1183 2752 perdunt.
1227 2709 1340 2742 Guelf.
1360 2712 1389 2741 l.
1414 2718 1502 2749 quem
1517 2717 1577 2747 pro
1588 2708 1652 2747 qui.
1685 2708 1716 2737 3.
1733 2706 1786 2736 de-

331 2756 381 2785 dit
399 2761 471 2795 post
487 2755 550 2795 qui.
585 2758 616 2785 2.
636 2756 783 2786 Phormio
800 2760 880 2795 post
905 2755 1054 2795 qui—74
1081 2755 1177 2786 Dedit
1191 2753 1292 2784 dicam
1308 2753 1450 2784 Br.-——75
1474 2751 1549 2783 Sint
1565 2750 1624 2780 Br.
1641 2748 1731 2779 Perl.
1747 2749 1786 2779 Z.

335 2798 412 2840 Bip.
433 2798 557 2838 Delph.
605 2799 684 2833 Qnoe
698 2802 769 2831 sunt
792 2807 907 2837 genere
928 2798 1082 2838 proximo:
1105 2795 1218 2829 Guelt'.
1234 2798 1354 2830 2.--76
1378 2794 1426 2826 Iis
1445 2793 1546 2826 Bent.
1570 2792 1673 2825 Both.
1690 2791 1784 2824 Perl.
