1966 3302
501 232 845 263 ADELPHORUM
879 231 986 261 ACT.
1011 231 1062 261 ΙΙ.
1093 230 1160 261 SC.
1184 231 1258 260 111.
1519 221 1602 262 7023

158 331 249 382 Qui
269 330 414 372 omnia
433 329 518 371 sibi
535 328 810 384 postputavit
824 341 923 369 esse
944 339 1036 382 prae
1056 339 1153 367 meo
1174 325 1433 378 commod03

158 398 416 448 Maledicta,
438 396 615 447 famam,
634 410 780 438 meum
800 409 1008 445 amorem,
1022 400 1065 437 et
1086 399 1315 449 peccatum
1333 393 1378 434 in
1399 407 1447 435 se
1465 398 1605 435 trans-

327 466 447 509 tulit:
469 487 472 489 >
1549 464 1606 504 10

159 535 286 578 Nihil
306 539 413 589 pote
433 543 593 586 supra:
615 530 693 572 sed
710 531 947 584 quisnam?
967 530 1074 571 foris
1095 531 1277 584 crepuit.
1338 529 1422 571 SY.
1455 529 1607 580 Mane,

326 600 478 642 mane!
509 600 606 654 ipse
629 598 724 640 exit
743 598 873 640 foras.

155 729 257 759 virum
271 727 286 760 !
306 728 399 759 immo
413 727 508 759 etiam
524 736 625 758 omnes
639 735 690 757 res
703 726 925 767 postponendas
939 725 999 756 sibi
1011 734 1075 757 esse
1087 725 1211 765 putavit
1226 723 1302 755 meis
1316 722 1489 753 commodis.
1533 722 1607 752 Μα-

155 771 279 810 ledicta,
293 771 325 802 in
340 770 465 810 amiam,
479 770 593 801 amoris
608 769 667 800 mei
689 769 869 809 periculum,
886 771 916 799 et
938 773 1093 808 peccatum
1107 772 1234 808 propter
1248 769 1371 807 raptum
1386 766 1494 806 puellae
1509 774 1608 795 susce-

153 814 203 853 pit
226 815 261 844 ἱτι
285 823 339 845 se.-
361 814 439 844 nihil
462 822 553 854 supra
578 816 624 843 tot
644 811 791 855 beneficia
814 811 879 842 dici
903 814 1023 852 potest:
1046 812 1099 842 sed
1115 811 1253 851 quisnam
1269 810 1375 841 venit?
1416 809 1478 840 SY.
1503 809 1608 838 Janua

155 856 286 897 strepuit
298 867 312 894 ,⁰
333 857 398 897 ipse
412 857 498 888 domo
514 856 572 887 huc
585 854 703 896 prodit.

763 937 999 951 eeeeeeeeeee

157 1024 238 1066 Syre
253 1022 371 1055 Guelf.
386 1025 420 1054 2.
434 1022 537 1053 Both.
551 1021 680 1053 omittit
696 1021 780 1056 Quid
795 1021 835 1051 sit
846 1020 926 1053 ?—9
950 1020 1044 1052 Rich.
1061 1018 1253 1056 Bentleius,
1269 1017 1312 1048 V.
1340 1016 1392 1047 Cl.
1418 1015 1458 1046 ad
1486 1015 1609 1046 Horat.

156 1068 264 1099 Serm.
282 1076 307 1098 1.
324 1069 376 1097 10.
390 1068 445 1097 21.
462 1075 505 1096 ex
521 1065 656 1096 Donato
673 1069 706 1096 et
723 1064 830 1095 Codd.
854 1063 990 1101 Faerni,
1007 1063 1066 1094 sed
1083 1068 1119 1093 et
1135 1072 1153 1093 e
1171 1062 1301 1092 duobus
1325 1059 1533 1091 Britannicis
1550 1069 1609 1098 op-

156 1111 249 1142 timae
264 1114 356 1140 notae
373 1109 471 1148 legit,
495 1107 594 1144 Quin'
616 1107 717 1138 omnia
739 1107 1014 1147 sibipostputarit.
1059 1106 1113 1136 Sic
1131 1106 1220 1136 Hec.
1238 1113 1293 1135 111.
1311 1106 1340 1133 5.
1360 1105 1413 1134 33.
1458 1102 1611 1132 Praestat

157 1158 270 1185 autem
285 1151 476 1193 postputavit
491 1151 617 1190 legere,
631 1150 684 1181 vel
700 1150 791 1189 ideo,
809 1150 896 1191 quod
915 1159 1015 1180 versu
1032 1159 1103 1190 seq.
1121 1148 1223 1179 etiam
1239 1145 1401 1178 transtulit
1417 1144 1511 1176 dicit.
1535 1145 1610 1176 ΕΡ.

156 1197 223 1227 Pro
237 1205 301 1226 meo
315 1205 342 1227 c.
365 1195 477 1225 West.
523 1194 587 1230 Qui
601 1193 702 1224 omnia
715 1193 774 1224 sibi
788 1197 857 1233 post
868 1193 989 1233 putarit
1014 1201 1077 1223 esse
1099 1201 1166 1232 prae
1181 1201 1246 1221 meo
1261 1187 1428 1228 commodo]
1454 1189 1521 1218 Do.
1547 1197 1610 1227 pro

159 1239 233 1279 Qui,
247 1239 333 1279 legit
349 1237 435 1273 Quin
446 1248 456 1268 .-
479 1236 595 1267 dicens
611 1236 814 1267 admirative
831 1234 1138 1277 pronuntiandum:
1163 1239 1199 1264 et
1216 1233 1265 1264 ita
1281 1232 1382 1263 habet
1398 1232 1442 1261 V.
1459 1231 1506 1262 ita
1523 1236 1558 1261 et
1575 1231 1608 1260 in

156 1281 324 1313 Bembino
349 1280 565 1311 emen-datum
590 1284 643 1310 est
658 1290 666 1310 :
690 1280 805 1320 itaque
831 1279 934 1310 etiam
960 1279 1068 1319 exigit
1095 1286 1225 1314 versus,
1250 1276 1306 1317 qui
1334 1280 1387 1306 est
1413 1274 1609 1305 octonarius

157 1324 320 1355 iambicus
334 1335 342 1354 :
366 1323 427 1354 sed
446 1324 473 1354 si
488 1324 578 1363 legas
597 1322 682 1358 Quin
695 1322 826 1362 putarit,
840 1332 906 1353 non
921 1321 1094 1359 convenit,
1111 1319 1170 1351 sed
1185 1319 1327 1359 putavit.-
1343 1317 1432 1358 quod
1451 1322 1486 1347 et
1501 1317 1611 1357 ipsum

155 1368 189 1399 in
207 1367 338 1407 aliquot
355 1366 448 1397 libris
465 1366 602 1407 scriptis
619 1366 729 1396 inveni
745 1376 753 1396 :
778 1371 829 1396 est
846 1369 956 1396 autem
976 1365 1110 1404 pienum
1130 1363 1243 1401 Quinc,
1270 1366 1307 1393 ut
1335 1363 1344 1378 ‘
1356 1361 1511 1393 Quemne
1536 1360 1611 1399 ipsa

157 1411 277 1452 reliqui
289 1410 310 1442 ι’
332 1409 455 1441 deinde
468 1408 604 1449 abjecto
619 1419 647 1447 e,
663 1413 818 1439 remanet
837 1408 932 1443 Quin.
955 1407 1017 1438 Fa.
1065 1405 1161 1441 Quin'
1184 1405 1287 1436 omnia
1312 1403 1371 1434 sibi
1396 1406 1467 1444 post
1486 1402 1611 1443 putavit

155 1464 220 1485 esse
231 1462 299 1495 proe
315 1463 378 1483 meo
393 1453 545 1483 commodo
554 1462 567 1489 ;
582 1451 764 1490 Maledicta,
772 1451 906 1489 famam,
921 1460 1021 1481 meum
1035 1459 1180 1486 amorem,
1196 1451 1225 1479 et
1239 1450 1398 1488 peccatum
1412 1446 1445 1476 in
1460 1455 1492 1476 se
1508 1449 1611 1475 [rans-

154 1498 241 1528 tulit.
287 1496 431 1527 Codices
454 1494 592 1536 quidem
620 1495 823 1525 vetustiores
848 1494 1057 1533 postputarit:
1091 1492 1157 1522 duo
1184 1491 1374 1521 mediocres
1399 1489 1591 1529 postputavit
1603 1500 1613 1517 .-

156 1540 268 1571 Etiam
284 1548 412 1577 omnes,
428 1543 554 1579 praeter
570 1537 655 1568 duos
671 1537 884 1574 veterrimos,
913 1536 975 1571 Qui
992 1545 1053 1575 pro
1071 1535 1186 1569 Quine.
1226 1534 1235 1550 ‘
1249 1531 1383 1571 Quine‚'
1406 1533 1415 1548 ‘
1431 1530 1611 1568 Quemne,'

158 1586 226 1613 tam
244 1581 459 1622 subjunctivo
475 1590 573 1622 quam
589 1579 998 1620 Indicativojunguntur.
1044 1578 1132 1615 Lege
1151 1576 1270 1616 igitur,
1295 1574 1510 1615 posonium-it,-
1533 1574 1612 1614 quia

158 1625 323 1667 sequitur,
338 1625 347 1641 ‘
361 1622 556 1655 transtulit!
593 1622 726 1654 Deinde
741 1632 804 1663 pro
819 1631 849 1652 se
863 1623 938 1662 lege
954 1631 1029 1651 sese.
1069 1620 1252 1657 Maledicta,
1272 1619 1402 1659 finnam,
1418 1627 1516 1647 meum
1531 1627 1613 1646 amo-

157 1678 223 1699 rem
237 1672 266 1699 et
281 1670 438 1708 peccatum
452 1667 487 1697 in
501 1675 566 1697 sese
582 1666 753 1697 transtulit.
778 1665 881 1696 Bent.
928 1663 1030 1699 Quinc
1044 1663 1147 1694 Both.
1185 1662 1263 1692 Post
1276 1661 1398 1701 putarit
1416 1660 1475 1690 ΒΓ.
1500 1661 1508 1676 ‘
1526 1659 1613 1690 Ver-

159 1721 243 1750 sum,
258 1711 292 1741 in
308 1720 373 1751 quo
387 1709 439 1740 vel
455 1708 664 1740 emendando
678 1709 730 1739 vel
748 1707 950 1747 exponendo
968 1707 1164 1737 laborarunt
1178 1705 1325 1735 editores
1340 1708 1375 1734 et
1391 1703 1616 1742 interpretes,

158 1753 260 1784 hodie
276 1753 384 1792 primo
399 1753 568 1793 integrum
584 1751 711 1783 damus.
749 1751 864 1781 Primo
880 1752 948 1782 Do.
968 1749 1053 1789 legit
1079 1748 1177 1785 Quin,
1198 1747 1301 1788 idque
1316 1745 1516 1776 admirative
1536 1755 1612 1784 pro-

159 1796 381 1827 nuntiandum
398 1795 495 1826 dicit.
526 1795 650 1835 Nugae.
685 1794 752 1824 Sed
770 1794 867 1825 Bem.
884 1793 958 1824 cod.
975 1803 994 1823 a
1010 1792 1119 1832 prima
1132 1800 1233 1821 manu
1253 1789 1338 1826 Qui;
1355 1799 1374 1820 a
1389 1787 1549 1827 secunda,
1564 1788 1612 1818 uti

158 1840 201 1870 V.
224 1839 320 1878 Quin,
332 1842 367 1869 et
383 1837 439 1868 alii
460 1838 574 1874 Quinc.
609 1838 681 1869 Nos
697 1836 780 1867 illud
797 1846 874 1868 cum
890 1836 945 1867 ed.
960 1840 1074 1866 nostra
1090 1838 1219 1871 vetere,
1236 1834 1389 1870 Erasmo,
1406 1837 1440 1862 et
1457 1831 1610 1870 pluribus

158 1882 233 1913 aliis
247 1880 471 1923 praeferimus,
487 1880 576 1921 quod
593 1880 798 1920 respondeat
813 1881 858 1918 τῷ·
878 1877 1013 1909 ‘illius.’
1057 1877 1145 1907 Tum
1163 1875 1330 1906 fluctuant
1346 1874 1443 1906 codd.
1458 1874 1490 1904 in
1508 1873 1612 1904 verbo

153 1924 370 1965 postputavit;
394 1933 456 1965 pro
474 1933 540 1965 quo
563 1923 617 1954 alii
630 1923 834 1964 postputarit,
851 1922 939 1963 quod
958 1920 1126 1961 penderet
1143 1929 1184 1950 ex
1202 1919 1266 1949 isto
1285 1918 1381 1956 Quin,
1399 1927 1418 1947 a
1441 1916 1535 1947 nobis
1562 1926 1613 1947 re-

151 1969 258 2008 jecto.
305 1967 428 2008 Neque
445 1976 526 1997 vero
546 1975 716 1997 moramur
742 1965 776 1996 in
806 1965 977 2006 permixta
999 1963 1146 1995 lectione
1169 1961 1360 1993 ed.nostrae
1385 1960 1523 1998 veteris,
1549 1960 1613 1994 Qui

159 2011 261 2042 omm'a
275 2010 335 2041 sihi
346 2011 553 2050 postponenda
567 2009 689 2049 putarit
703 2019 768 2048 prae
782 2018 823 2039 m.
841 2019 868 2039 c.
913 2007 1003 2038 Illud
1028 2007 1167 2047 ponenda
1191 2009 1285 2036 certe
1303 2014 1322 2035 a
1338 2004 1529 2044 glossatore
1547 2008 1613 2041 est,

159 2054 298 2094 quinon
314 2053 516 2084 meminerat
541 2052 650 2083 simile
678 2051 766 2082 Hec.
791 2060 847 2082 111.
874 2054 905 2082 7.
929 2051 986 2089 (al.
1010 2049 1060 2089 5.)
1084 2059 1129 2079 vs.
1148 2051 1200 2079 33.
1221 2048 1327 2079 ‘Cum
1345 2051 1379 2078 te
1398 2050 1613 2086 postputasse

159 2106 275 2127 omnes
291 2105 345 2126 res
363 2105 433 2135 prae
451 2101 593 2134 parente
609 2093 788 2134 intelligo!
831 2095 877 2124 Et
903 2093 951 2124 ibi
976 2093 1103 2124 rectius
1119 2091 1373 2131 conjunguntur
1389 2089 1421 2119 in
1439 2098 1537 2119 unam
1557 2098 1613 2118 vo-

159 2148 247 2180 cem,
261 2148 336 2180 quae
352 2138 385 2169 h.
401 2139 424 2169 Ι.
438 2137 620 2168 dividenda
635 2146 811 2168 censemus
826 2136 870 2167 ob
886 2135 921 2166 τὸ
937 2137 946 2153 ‘
961 2134 1059 2166 esse?
1098 2134 1175 2167 Quo
1191 2134 1279 2164 euim
1296 2131 1423 2164 referas
1439 2130 1476 2162 τὸ
1492 2132 1500 2148 ‘
1515 2130 1614 2169 esse‚’

159 2182 223 2212 nisi
237 2182 281 2213 ad
295 2182 305 2198 ‘
321 2180 420 2222 post‚’
435 2181 484 2211 uti
501 2181 580 2211 Sall.
597 2180 672 2211 Cat.
687 2182 741 2210 23.
757 2183 842 2210 extr.
862 2202 870 2210 .
883 2203 891 2210 .
906 2200 914 2210 .
930 2178 1079 2209 ‘invidia
1095 2181 1197 2217 atque
1215 2174 1383 2217 sapientia
1400 2180 1476 2215 post
1493 2173 1615 2204 fuere.’

159 2224 229 2256 Sed
243 2224 394 2266 quamvis
410 2224 512 2255 etiam
528 2233 604 2254 cum
621 2223 773 2261 Erasmo,
787 2222 896 2253 West.
917 2222 1060 2261 aliisque
1076 2221 1170 2259 legas
1188 2219 1252 2254 Qui
1278 2218 1379 2250 omnia
1402 2217 1462 2248 sihi
1485 2221 1613 2257 postpu-

159 2267 240 2299 tatit
253 2277 318 2299 esse
328 2277 395 2307 proe
410 2277 453 2297 m.
476 2277 503 2298 c.
519 2266 610 2308 (quae
628 2265 752 2296 rectior
768 2265 826 2295 illa
843 2263 939 2300 Quin’
951 2265 1054 2294 omnia
1068 2263 1130 2293 sibi
1152 2262 1342 2302 postputarit
1357 2270 1420 2291 esse
1432 2270 1500 2300 prae
1513 2270 1553 2290 m.
1570 2258 1615 2299 c.)

160 2311 248 2342 desit
262 2314 376 2341 tamen
391 2309 568 2340 octonario
585 2309 617 2339 in
634 2308 774 2347 ultimis,
797 2308 888 2348 quod
905 2307 1081 2347 explemus
1096 2306 1217 2336 vocula
1231 2315 1303 2343 uno,
1318 2303 1521 2343 interposita
1536 2312 1615 2333 cou-

161 2358 215 2385 tra
229 2352 267 2384 τὸ
285 2354 296 2371 ‘
308 2352 423 2384 omnia
435 2351 457 2391 ;'
480 2352 584 2393 idque
599 2350 758 2382 omissum
781 2350 929 2381 librariis
945 2354 1122 2381 corrector
1136 2347 1278 2388 margini
1293 2346 1498 2385 ascripserat
1514 2356 1532 2375 e
1549 2355 1614 2386 qua

160 2397 239 2428 dein
256 2397 289 2427 in
307 2400 405 2427 textu
421 2395 582 2426 mendose
599 2394 739 2425 adlitum
755 2394 800 2434 τῷ
817 2393 882 2429 Qm·
905 2393 1064 2434 provenit
1080 2391 1164 2423 illud
1183 2391 1297 2430 Quine,
1312 2388 1401 2431 quod
1420 2389 1536 2419 turbas
1554 2388 1614 2418 has

160 2439 269 2471 dedit.
313 2439 424 2470 Unum
442 2443 556 2469 autem
579 2436 790 2469 commodum
814 2436 899 2467 dicit
927 2437 1068 2475 Noster,
1089 2433 1179 2476 quod
1201 2435 1271 2474 jam
1297 2432 1431 2463 fruatur
1459 2441 1520 2462 sua
1534 2441 1543 2469 ;
1568 2430 1615 2460 cf.

160 2483 247 2514 Eun.
264 2490 305 2513 n.
321 2484 351 2513 3.
366 2480 431 2512 80!
447 2481 525 2522 Rip.
564 2480 679 2520 Quinc]
699 2479 788 2510 Illud
804 2489 842 2510 ne
857 2479 995 2510 videtur
1011 2478 1185 2509 abundare
1200 2481 1239 2507 ut
1255 2475 1345 2517 apud
1361 2475 1486 2506 Horat.
1505 2474 1617 2505 Serm.

162 2535 190 2556 1.
206 2529 258 2557 lo.
270 2527 326 2556 21.
347 2526 357 2541 ‘
372 2524 485 2556 Quine
506 2523 658 2564 puteti5‚'
682 2525 745 2554 &a
761 2522 820 2553 ubi
837 2522 904 2552 vid.
920 2522 1021 2552 Bent.
1047 2522 1088 2552 R.
1105 2521 1153 2551 D.
1199 2520 1265 2550 Pro
1280 2529 1345 2550 meo
1361 2516 1479 2549 Guelf.
1494 2519 1615 2547 2.-10

160 2567 326 2609 Laborem]
349 2567 451 2607 Vulg.
476 2576 633 2603 amorem;
655 2565 746 2607 quod
771 2575 872 2606 quam
894 2563 1016 2595 falsum
1033 2564 1090 2604 sit,
1113 2571 1213 2593 nemo
1229 2562 1399 2592 hominum
1417 2559 1613 2590 criticorum

163 2611 282 2643 sensit.
325 2610 374 2642 At
399 2610 442 2641 ab
465 2610 606 2641 Erasmo
621 2609 656 2639 in
671 2608 726 2639 ed.
751 2607 896 2639 Froben.
915 2617 938 2638 1.
956 2612 992 2638 et
1007 2617 1083 2648 sqq.
1100 2606 1269 2637 veriorem
1288 2604 1469 2636 lectionem
1487 2602 1615 2641 ascrip-

163 2658 232 2685 tam
246 2654 462 2685 invenimus:
486 2653 591 2683 ‘alias
608 2650 761 2683 hibor-em!
805 2650 1028 2682 Recentiores
1055 2649 1212 2681 omisere.
1236 2648 1314 2687 Bip.
1357 2646 1462 2686 Vulg.
1480 2645 1615 2683 samam,

161 2706 261 2728 meum
273 2706 424 2728 mnorem:
448 2695 580 2727 vitiose.
604 2695 701 2726 Both.
721 2693 777 2735 qui
804 2693 910 2733 igitur
932 2693 1015 2732 legit
1031 2692 1062 2731 f.
1080 2691 1178 2723 metim
1192 2700 1342 2729 amorum,
1357 2693 1386 2720 et
1398 2699 1429 2729 p.
1446 2689 1478 2719 ὶη
1494 2697 1617 2718 sese.—

164 2741 201 2769 11
226 2740 311 2770 Mss.
340 2739 486 2780 quidam,
514 2738 607 2769 Nihil
632 2746 726 2778 supra
751 2739 862 2777 potest.
907 2736 1000 2767 Libri
1024 2735 1158 2777 quidam
1188 2733 1327 2771 vetusti,
1351 2737 1430 2773 post
1454 2729 1528 2761 EA.
1553 2730 1618 2760 Sed

163 2781 310 2822 quidnam
319 2781 409 2818 sores
423 2780 568 2822 crepuit?
593 2780 704 2821 Atque
719 2780 767 2810 ita
785 2779 945 2810 Heinsius
962 2779 1145 2810 recensuit.
1187 2777 1273 2808 Mss.
1288 2775 1438 2816 quidam,
1455 2773 1518 2805 Sed
1533 2773 1617 2812 quis-
