1966 3302
281 219 366 262 784
778 228 820 260 P.
851 225 1090 258 TERENTM
1124 226 1239 259 Aoni

283 325 408 380 Syre,
431 337 583 367 cessas
602 324 677 374 ire,
708 336 761 365 ac
781 323 957 365 facere?
1019 323 1104 364 SY.
1137 321 1261 374 Quid
1283 334 1365 375 ago
1379 323 1398 362 ‘l
1458 321 1546 363 DE.
1579 319 1730 362 Dirue.

281 394 368 444 Tu,
385 393 501 443 illas,
522 393 611 442 abi,
633 397 675 433 et
693 391 885 433 traduce.
946 390 1036 432 GE.
1070 390 1129 430 Di
1150 390 1247 439 tibi,
1270 390 1451 440 Demea,

285 462 409 502 Bene
429 461 609 510 faciant,
630 473 726 501 cum
749 465 789 501 te
811 459 943 500 video
963 464 1127 499 nostrae
1143 458 1324 499 familiae
1666 455 1731 497 ,20

281 529 395 570 Tam
415 541 475 569 ex
494 528 639 569 animo
659 527 825 568 factum
848 527 979 568 velle.
1039 526 1131 567 DE.
1165 525 1337 578 Dignos
1357 526 1558 566 arbitror.

284 595 406 646 Quid
428 595 494 637 ais
509 596 590 637 tu‘l
650 595 748 635 AEs.
780 594 856 635 Sic
877 594 1045 647 opinor.
1105 593 1194 634 DE.
1228 592 1373 658 RQ
1393 592 1532 633 rectiu
1553 590 1619 642 ’st‚

283 663 430 714 Quam
450 650 571 704 illa‘i‘n
592 675 851 718 puerperam
870 675 985 702 nunc
1006 661 1110 702 duci
1129 661 1213 701 huc
1234 672 1312 714 per
1331 660 1449 701 viam

284 731 528 784 ssEgrotam.
588 721 688 785 AEs.
722 729 847 771 Nihil
866 730 981 770 enim
1001 729 1094 770 vidi
1115 728 1284 778 melius,
1303 729 1362 768 mi
1385 733 1522 782 pater.

284 796 374 840 DE.
406 798 483 863 Sjc
505 798 653 861 sffleo:
685 797 765 839 sed
785 811 954 848 eccum,
978 798 1117 838 Micio
1137 796 1355 850 egreditur
1372 795 1508 854 foras..
1603 795 1733 848 t.-25

281 919 374 951 dixi?
412 920 481 952 Sv.
509 920 594 955 Quia
617 922 714 959 ergo?
758 920 828 951 DE.
853 919 955 951 Dirue
979 919 1146 950 mmceriam
1161 919 1194 950 in
1208 918 1297 949 horto
1307 927 1319 956 ‚·
1341 920 1409 959 post
1424 917 1476 948 abl
1490 921 1522 949 et
1536 857 1663 949 trabum
1673 927 1731 959 pei·

281 964 368 994 illam
383 963 574 1001 Sostratam,
594 967 625 993 et
641 963 848 1003 Pamphilam.
894 963 960 993 GE.
986 962 1048 993 Dii
1062 972 1112 993 res
1136 966 1205 993 tuas
1228 963 1419 1002 prosperent,
1441 961 1570 1000 Demea,
1590 970 1677 1001 quem
1692 971 1732 992 ea:

278 1007 384 1037 animo
405 1007 450 1037 sic
472 1016 581 1045 cupere
603 1009 718 1036 noslrae
731 1006 869 1043 familiae
891 1005 990 1036 video.
1039 1005 1104 1035 DE.
1130 1005 1254 1044 Dignos
1267 1004 1316 1035 hz's
1330 1003 1438 1046 officiis
1453 1013 1505 1034 vos
1519 1013 1636 1035 censeo.
1683 1004 1733 1035 Tu

282 1050 357 1089 quid
371 1050 431 1088 ais,
435 1049 491 1089 fili
500 1047 516 1080 ζ’
559 1049 629 1080 AEs.
653 1048 708 1079 Sic
721 1049 877 1079 existimo.
922 1048 988 1078 DE.
1014 1047 1117 1078 Multo
1133 1047 1319 1078 commodius
1331 1050 1388 1087 est,
1402 1055 1494 1087 quam
1505 1046 1700 1087 Pamphilam
1712 1055 1735 1076 a

280 1095 376 1132 partu
394 1096 546 1123 recentem
567 1101 648 1122 nunc
672 1092 794 1122 traduci
811 1101 868 1132 per
890 1091 984 1126 viam,
1002 1094 1164 1129 aegrotam,
1180 1089 1283 1120 morbo
1299 1090 1506 1129 languentem.
1550 1089 1620 1120 AES.
1643 1089 1736 1120 Nihil

281 1134 396 1165 rectius
401 1135 481 1175 fieri
501 1144 589 1175 posse
610 1137 697 1174 puto,
713 1135 756 1165 mi
768 1138 871 1176 pater.
917 1134 987 1166 DE.
1011 1133 1065 1164 Sic
1081 1143 1150 1165 mea
1172 1133 1356 1164 consuetudo
1371 1135 1431 1165 est.
1475 1130 1538 1163 Sea
1552 1141 1620 1164 ecce
1635 1131 1749 1163 Micio.

279 1178 416 1217 procedit
430 1188 472 1209 ex
486 1176 613 1208 oede'bus.

887 1249 1132 1262 eeeeeeeeee

281 1322 336 1354 vel
355 1321 550 1363 legendum,
570 1321 702 1363 Babylo,
717 1321 750 1351 h.
767 1330 797 1352 e.
814 1321 960 1362 loquaci,
983 1321 1037 1352 vel
1054 1321 1183 1359 Rutulo,
1197 1320 1228 1350 h.
1245 1329 1275 1351 e.
1292 1319 1396 1358 molli,
1412 1320 1465 1351 vel
1481 1319 1593 1360 potius
1610 1319 1735 1361 Bucen,

283 1366 317 1396 h.
333 1375 364 1396 e.
381 1367 493 1396 stulto.
538 1365 679 1401 Mirum,
701 1373 766 1394 non
792 1365 915 1404 legisse
939 1364 1067 1400 Bebelo,
1090 1374 1123 1404 q.
1149 1361 1287 1402 βεβήλῳ,
1307 1363 1453 1403 impuro,
1471 1361 1622 1403 profano.
1666 1362 1734 1394 Im-

282 1409 403 1439 merito
420 1412 533 1439 autem
553 1407 682 1438 Donati
707 1406 850 1446 frigidas
878 1408 1006 1446 glossas
1031 1407 1263 1447 reprehendit.
1309 1405 1422 1436 Movit
1447 1406 1735 1446 Nanniuni,quod

283 1461 448 1492 nusquam
474 1450 555 1481 alibi
580 1450 665 1481 hanc
682 1459 798 1481 vocem
814 1450 937 1490 Babylo
952 1450 1149 1481 invenisset.
1194 1449 1373 1480 Suetonius
1390 1453 1502 1479 tamen
1524 1450 1606 1480 Ner.
1622 1451 1674 1480 36.
1689 1449 1734 1480 de

285 1495 409 1525 Babilo
439 1493 611 1533 astrologo
634 1493 837 1523 mentionem
862 1491 960 1524 facit.
1005 1493 1116 1532 Magis
1145 1492 1258 1531 placet
1281 1491 1484 1531 conjectura
1503 1491 1649 1530 Barchii,
1666 1491 1734 1522 Ad-

284 1546 375 1568 vers.
392 1545 473 1567 xxx.
489 1539 521 1567 7.
539 1536 592 1567 cni
609 1535 727 1577 Babylo
742 1545 839 1567 casus
853 1540 969 1566 rectus
983 1539 1047 1574 est,
1061 1543 1251 1575 nomenque
1264 1534 1389 1565 actoris
1403 1543 1462 1564 seu
1479 1533 1736 1574 dispensatoris.

284 1580 329 1611 Et
345 1589 426 1610 sane
445 1580 476 1610 in
494 1579 667 1620 plerisque
686 1578 841 1609 omnibus
865 1579 948 1610 Mss.
973 1581 1025 1609 est
1051 1578 1110 1609 Ille
1134 1577 1257 1618 Babylo
1282 1577 1335 1607 vel
1361 1572 1494 1608 Babilo:
1517 1576 1683 1617 quomodo
1699 1582 1736 1610 et

284 1622 361 1654 edd.
379 1628 447 1662 opt.
464 1621 538 1653 EA.
554 1621 651 1653 Junt.
666 1622 740 1652 ΕΡ.
756 1621 836 1652 Ald.
851 1622 977 1662 plures.
1019 1621 1053 1653 J.
1072 1621 1111 1652 C.
1128 1621 1280 1660 Scaliger
1296 1619 1436 1651 Ballioni
1462 1619 1544 1660 legit
1570 1620 1604 1650 in
1618 1620 1734 1652 Tract.

283 1664 325 1696 de
350 1665 535 1697 Comoedia.
563 1664 663 1697 West.
706 1664 904 1695 Theodorus
930 1664 1138 1694 Pnlmannus
1164 1672 1206 1693 ex
1231 1662 1340 1693 veteri
1370 1662 1468 1700 libro,
1491 1662 1548 1704 ubi
1570 1663 1644 1693 sine
1668 1663 1736 1694 nlla

282 1709 384 1739 litura
399 1708 562 1749 scriptum
581 1712 666 1742 erat,
683 1707 770 1747 legit
784 1707 974 1737 Denumeret
991 1707 1061 1737 ille.-
1077 1707 1138 1745 abi,
1154 1707 1192 1736 do
1207 1705 1323 1745 viginti
1337 1705 1446 1736 minas.
1477 1705 1520 1736 G.
1534 1705 1588 1736 ilie
1601 1704 1736 1747 Babylo.

284 1751 354 1782 ET.
379 1756 414 1782 et
439 1751 519 1781 EM.
550 1750 671 1791 Babylo
687 1750 749 1781 ille.
781 1750 877 1780 Idem
893 1750 926 1780 iu
944 1749 1102 1780 Addend.
1137 1748 1260 1789 Babylo
1271 1748 1324 1778 ille
1340 1758 1366 1778 v.
1384 1758 1424 1779 m.
1459 1748 1628 1779 Bembino
1651 1749 1736 1780 libro

282 1794 338 1824 hic
354 1793 486 1825 finienti
503 1793 600 1834 plura
617 1792 697 1823 folia
713 1791 890 1824 deficiunt.
922 1793 989 1823 Do.
1018 1793 1101 1832 legit
1127 1792 1170 1822 D.
1195 1791 1242 1821 illi
1269 1790 1413 1831 Babylo;
1436 1800 1534 1831 quain
1553 1790 1736 1822 lectionem

284 1837 385 1876 aliqui
409 1837 508 1867 etiam
526 1836 600 1866 libri
616 1835 770 1866 Terentii
797 1834 941 1866 habent:
970 1845 1045 1876 quae
1073 1838 1108 1865 et
1134 1843 1274 1864 numero
1298 1833 1404 1873 magis
1431 1833 1547 1864 servit.
1572 1833 1632 1868 Fa.
1678 1833 1737 1864 Ille

283 1879 407 1921 Babylo
425 1880 466 1912 R.
484 1879 543 1910 ΒΓ.
559 1879 661 1910 Bent.
688 1879 767 1918 Bip.
794 1878 895 1908 Both.
919 1878 1006 1918 Eug.
1033 1881 1069 1908 et
1093 1877 1185 1908 Peri.
1219 1875 1343 1907 Bubillo
1360 1876 1531 1907 GM.—18
1555 1876 1640 1911 Quid
1655 1879 1737 1915 ago?

283 1922 351 1962 An,
388 1922 477 1964 quod
510 1922 542 1952 in
580 1920 781 1962 quibusdam
809 1921 903 1951 libris
937 1926 1003 1959 est,
1036 1920 1077 1955 Q.
1114 1929 1183 1959 ego,
1216 1923 1414 1959 corruptum
1447 1928 1488 1949 ex
1524 1919 1609 1954 Quid
1635 1929 1708 1958 ergo
1719 1918 1734 1951 ζ’

282 1966 392 1996 VVest.
439 1967 498 1996 SY.
524 1964 611 2000 Quid
626 1962 711 2004 ago?
756 1964 827 1994 DE.
848 1963 961 1995 Dirae.
1007 1962 1076 1993 Alii
1101 1963 1191 2001 libri,
1219 1961 1303 1997 Quid
1323 1964 1438 2001 agam?
1461 1961 1531 2000 alii,
1557 1960 1641 1996 Quid
1654 1965 1738 2000 ago?

283 2008 340 2039 alii
357 2013 392 2039 et
409 2017 450 2038 ex
467 2008 517 2038 liis
531 2008 661 2047 aliquot
678 2007 819 2047 antiqui,
838 2006 924 2043 Quid
939 2004 1022 2045 ego?
1044 2005 1190 2036 habent:
1217 2003 1308 2046 quod
1333 2009 1542 2045 postremum
1559 2009 1644 2044 puto
1659 2004 1736 2036 esse

284 2056 498 2091 corruptum,
516 2060 534 2080 a
552 2051 637 2085 Quid
651 2059 749 2089 ergo3
772 2048 861 2090 quod
886 2049 918 2079 in
940 2049 1027 2079 libro
1044 2053 1179 2080 vetusto
1193 2057 1230 2078 se
1246 2046 1369 2087 legisse
1385 2047 1506 2078 asserit
1522 2046 1651 2078 Rivius.
1677 2047 1736 2078 Fa.

283 2093 393 2125 Immo
412 2094 496 2129 Quid
512 2102 568 2131 ego
593 2101 672 2123 vera
696 2092 799 2123 lectio
823 2096 887 2131 est,
912 2101 1013 2132 quam
1030 2101 1113 2122 unus
1129 2095 1259 2122 tantum
1276 2099 1318 2120 ex
1335 2089 1459 2121 nostris
1475 2089 1602 2121 habet:
1627 2089 1735 2120 ceteri

283 2147 355 2176 ago,
371 2146 472 2176 agam.
520 2135 604 2170 Quid
629 2139 706 2174 ego?
729 2134 873 2165 subaudi
894 2132 1065 2165 ‘faciam.'
1087 2134 1184 2165 Bent.
1232 2132 1316 2168 Quid
1331 2130 1412 2172 ego?
1438 2133 1537 2164 Both.
1583 2131 1625 2168 Q.
1642 2132 1737 2172 ergo?

285 2179 363 2220 Bip.
391 2179 517 2220 Delph.
544 2178 726 2209 Pell—19
749 2177 912 2218 Expressi
938 2176 1120 2208 editionem
1147 2176 1381 2207 Heinsianam.
1426 2174 1580 2207 Eundem
1601 2184 1737 2207 sensum

285 2222 345 2253 dat
359 2222 463 2254 lectio
479 2222 675 2259 Juntarum,
695 2221 786 2255 Aldi.
803 2226 839 2251 et
852 2220 894 2252 R.
909 2219 1087 2260 Stephani.
1112 2219 1166 2250 Cl.
1181 2218 1334 2250 Clericus
1349 2219 1413 2250 loc.
1429 2219 1487 2250 cit.
1498 2221 1530 2250 9.
1542 2221 1575 2250 9.
1606 2217 1653 2249 Tu
1663 2217 1737 2249 illac

285 2264 358 2296 abi.-
381 2269 499 2296 contra
515 2263 615 2294 fidem
634 2263 742 2295 Codd.
771 2262 871 2294 West.
907 2263 988 2303 Bip.
1003 2262 1074 2293 illac
1096 2272 1140 2293 ex
1164 2261 1260 2294 Junt.
1283 2260 1362 2293 Ald.
1377 2266 1414 2292 et
1428 2261 1478 2293 St.
1514 2260 1593 2292 Tum
1610 2270 1670 2301 pro
1688 2260 1738 2292 Tu

286 2306 400 2339 Guelf.
416 2310 533 2338 2.-20
561 2305 753 2344 Benefaxint
770 2309 799 2336 1.
817 2305 1030 2345 Delph.-2l
1057 2305 1144 2337 Bene
1161 2303 1380 2342 antefactum.
1398 2305 1429 2335 3.
1458 2304 1514 2334 Vos
1537 2308 1614 2343 post
1627 2304 1738 2342 dignos

285 2353 405 2381 2.—22
432 2351 488 2380 Est
502 2349 617 2381 rectius
632 2349 732 2380 Both.
780 2349 865 2384 Quid
881 2351 916 2379 tu
930 2348 977 2379 als
992 2348 1158 2379 AEsclzine?
1181 2348 1240 2379 Br.
1277 2347 1360 2382 Quid
1373 2349 1408 2377 tu
1418 2343 1492 2378 ais?
1515 2346 1617 2377 Bent.
1633 2346 1735 2377 Both.

286 2393 365 2433 Bip.
383 2393 421 2424 Z.
459 2393 503 2423 Tu
518 2392 590 2432 quid
605 2391 676 2424 ais?
696 2391 906 2431 Deum—23
926 2390 1131 2421 concinnius
1148 2390 1254 2420 nostri
1269 2390 1325 2421 hac
1341 2399 1421 2420 nunc
1435 2388 1518 2420 duci.
1542 2388 1645 2420 Beut.
1680 2388 1737 2420 Ita

287 2441 322 2466 et
338 2436 397 2466 ΒΓ.
415 2436 514 2466 Both.
532 2441 567 2465 et
584 2435 676 2465 Peri.
717 2435 783 2465 Ms.
800 2435 839 2465 R.
854 2438 889 2464 et
907 2438 975 2466 vet.
991 2434 1069 2465 cod.
1087 2443 1142 2475 ap.
1162 2432 1262 2464 Lind.
1285 2437 1320 2464 et
1345 2432 1421 2473 ssip.
1436 2442 1517 2464 nunc
1529 2431 1602 2463 duci
1623 2431 1736 2463 hac.-

287 2480 328 2509 24
352 2479 469 2509 Melius
485 2478 551 2508 ticli
567 2478 626 2508 Br.
644 2477 745 2508 Both.
762 2482 771 2493 ’

940 2547 1081 2578 NOTAE

287 2612 393 2644 tarius
409 2611 484 2643 fuit.
528 2612 637 2643 Erant
661 2611 855 2651 argentarii,
872 2616 986 2652 trape-
1039 2611 1141 2642 etiam
1158 2610 1387 2643 sumebantur.
1432 2610 1562 2642 Horum
1580 2613 1653 2642 erat
1668 2608 1740 2642 offi-

288 2664 380 2703 zstae,
397 2673 454 2694 seu
483 2663 642 2693 mensarii
664 2662 753 2703 apud
778 2672 859 2703 quos
883 2672 985 2703 pecu-
1040 2662 1129 2692 cium
1153 2660 1337 2701 publicum,
1359 2664 1394 2691 et
1420 2660 1579 2693 tabernas
1605 2660 1639 2692 in
1664 2659 1738 2693 foro

287 2715 352 2745 niae
370 2712 488 2745 foenori
503 2712 772 2754 collocabantur,
784 2717 819 2745 et
834 2721 852 2744 a
867 2712 988 2754 quibus
1041 2713 1169 2754 positas
1184 2710 1425 2743 illibabebant.
