1966 3302
718 205 1053 236 ARGUMENTA.
1532 199 1617 240 913

160 296 316 342 dicitur,
343 309 421 335 non
438 296 627 348 producte
644 298 719 336 ἀπὸ
739 307 803 337 τοῦ
821 303 1087 349 πρωτολογεῖν.
1144 301 1245 338 Nam
1266 300 1435 340 officium
1456 301 1614 355 Prologi

161 369 251 400 ante
273 361 464 399 actionem
479 362 491 378 ¹
522 361 679 412 quidem
696 363 749 400 rei
770 376 921 415 semper
937 371 1017 403 est:
1050 372 1314 404 verumtamen
1339 373 1378 404 et
1397 374 1489 417 post
1508 368 1617 419 prin-

159 425 302 477 cipium
321 424 478 463 Fabulae
506 425 715 472 inducitur,
744 435 787 465 ut
817 427 920 478 apud
947 428 1130 467 Plautum
1150 429 1189 467 in
1207 430 1334 470 Milite
1356 431 1552 480 Glorioso,
1574 440 1614 472 et

159 489 265 540 apud
284 496 434 528 ceteros
454 502 607 541 magnae
628 490 868 530 auctoritatis
884 498 1033 533 veteres
1054 493 1212 547 Poetas.

213 594 224 613 ⁸
246 595 313 627 Ms.
329 597 401 626 ante
416 598 536 626 narrat.
558 595 658 627 Lind.

292 832 408 862 AELll
447 832 631 862 DONATI
663 832 1024 864 ARGUMENTUM
1060 834 1111 865 IN
1148 835 1500 866 PHORMIONEM.

159 932 242 966 eum
269 933 443 974 Chremes,
474 935 696 976 Demiphonis
725 935 845 976 frater,
873 936 980 968 ascito
1004 937 1068 969 sibi
1098 939 1140 970 ad
1168 938 1340 971 fallaciam
1370 940 1518 981 nomine,
1549 951 1616 982 quo

199 987 411 1029 Stilphonem
439 999 474 1020 se
491 989 558 1021 dici
575 989 718 1030 fecerat,
739 990 822 1022 duas
839 991 959 1022 eodem
984 996 1139 1033 tempore
1162 993 1339 1025 habuisset
1356 1004 1492 1033 uxores,
1511 994 1617 1026 Athe·

199 1041 252 1072 nis
278 1042 437 1083 divitem,
460 1053 645 1085 pauperem
672 1044 812 1085 Lemni3
836 1055 878 1076 ex
905 1046 1013 1077 divite
1037 1047 1176 1078 sustulit
1201 1047 1319 1084 filium,
1342 1047 1399 1088 qui
1424 1047 1538 1079 dictus
1562 1055 1617 1081 est

198 1094 358 1127 Phaedria
374 1106 383 1134 ;
406 1106 448 1127 ex
465 1106 615 1138 paupere
635 1097 755 1129 furtim
772 1099 925 1140 suscepit
942 1103 1046 1141 atque
1062 1100 1224 1132 educavit
1237 1101 1354 1141 filiam,
1372 1101 1539 1133 Phanium
1556 1113 1616 1135 no-

197 1149 302 1189 mine,
324 1159 468 1191 eamque
491 1151 633 1183 consilio
657 1161 733 1183 cum
758 1150 866 1183 fratre
888 1152 1004 1184 habito
1026 1153 1215 1186 destinavit
1241 1154 1310 1186 filio
1336 1155 1407 1196 ejus
1423 1155 1616 1197 Antiphoni

198 1212 341 1234 uxorem
357 1203 450 1235 dare.
495 1204 626 1236 Quibus
650 1193 873 1246 complacitis,
896 1216 963 1237 uno
986 1210 1140 1248 tempore
1166 1206 1316 1248 profecti
1334 1206 1480 1239 Athenis
1503 1219 1618 1250 senes,

197 1256 370 1298 Demipho
385 1257 418 1288 in
435 1257 601 1298 Ciliciam,
625 1259 786 1291 Chremes
801 1260 966 1291 Lemnum
991 1260 1032 1291 ad
1056 1261 1293 1293 arcessendam
1309 1261 1424 1300 filiam,
1447 1272 1524 1303 quae
1541 1263 1616 1304 jam

195 1310 290 1341 illinc
305 1320 382 1342 cum
398 1317 506 1342 matre
519 1312 751 1353 navigaverat,
767 1313 981 1346 occasionem
997 1314 1167 1347 dederunt
1180 1316 1314 1347 amandi
1330 1316 1617 1349 adolescentibus.

199 1364 290 1396 Nam
315 1364 430 1395 statim
448 1364 606 1396 Phaedria
630 1366 879 1399 Citharistriam
904 1367 967 1399 sub
982 1369 1105 1400 lenone
1121 1370 1225 1410 coepit
1241 1370 1382 1401 ardere:
1408 1369 1560 1410 Antipho
1577 1370 1619 1401 il-

198 1417 265 1448 lam
280 1415 382 1447 filiasn
400 1418 512 1458 patrui
533 1418 701 1451 Phanium
718 1420 960 1461 desponsatam
978 1421 1054 1459 sibi,
1074 1423 1230 1454 nesciens
1243 1424 1466 1463 nescientem,
1481 1434 1559 1456 mox
1576 1430 1616 1456 ut

198 1469 350 1501 Athenas
378 1472 482 1511 venit,
511 1481 576 1503 nec
605 1478 738 1513 patrem
767 1476 908 1515 reperit,
930 1474 1018 1506 falsa
1044 1476 1174 1517 duplici
1197 1477 1269 1518 ejus
1292 1479 1441 1517 nomine,
1467 1483 1613 1509 matrem

196 1530 364 1556 mortuam
392 1525 473 1556 dum
498 1527 722 1567 lamentatur,
747 1526 941 1560 adamavit:
968 1530 1175 1572 consilioque
1200 1535 1235 1562 et
1257 1541 1364 1572 opera
1388 1532 1540 1573 parasiti,
1562 1541 1614 1563 se-

197 1577 346 1609 cundum
370 1578 463 1620 leges
480 1578 755 1620 Atheniensium,
779 1582 875 1622 quasi
903 1582 967 1614 sibi
995 1589 1144 1625 cognata
1168 1591 1273 1626 esset,
1299 1592 1458 1627 tanquam
1481 1586 1515 1617 in
1535 1586 1614 1627 jure

195 1631 307 1663 victus
332 1636 368 1664 et
385 1633 477 1664 velut
500 1639 652 1673 coactus,
674 1645 749 1667 eam
776 1637 912 1677 accepit
929 1646 1068 1669 uxorem
1092 1648 1154 1679 per
1177 1639 1363 1670 absentiam
1382 1640 1501 1680 patris.
1546 1640 1615 1673 Qui

196 1695 273 1716 cum
285 1685 494 1728 advenisset,
517 1692 552 1719 et
565 1689 670 1721 vellet
687 1699 760 1720 eam
778 1691 952 1731 expellere
969 1703 976 1721 :
1001 1692 1109 1732 primo
1123 1692 1319 1725 confutatur
1333 1703 1393 1735 per
1407 1694 1614 1735 impudenti-

194 1748 248 1770 am
267 1739 418 1780 parasiti.
465 1740 551 1773 Post
575 1752 652 1774 cum
674 1753 734 1775 suo
752 1743 857 1776 fratre
873 1745 922 1776 sic
950 1746 1136 1786 decipitur,
1160 1751 1211 1788 ut,
1236 1747 1316 1778 dum
1341 1757 1415 1778 eam
1436 1748 1546 1779 credit
1569 1749 1613 1780 ab

194 1792 394 1833 Antiphone
411 1803 512 1835 posse
536 1794 696 1837 disjungi,
719 1807 793 1829 eam
810 1798 979 1838 parasitus
996 1798 1071 1839 ipse
1089 1799 1191 1831 ducat
1209 1809 1370 1840 uxorem3
1396 1805 1431 1831 et
1455 1801 1513 1832 det
1530 1800 1612 1832 duc-

194 1849 273 1878 turo
289 1855 378 1879 xxx.
395 1847 500 1879 minas
517 1846 719 1890 praesenteis
735 1851 837 1890 dotis,
853 1853 975 1893 puellae
991 1853 1148 1892 nomine3
1174 1863 1256 1895 quas
1272 1854 1434 1885 Phormio
1452 1860 1612 1896 acceptas

174 1917 181 1936 χ
194 1899 368 1932 Phaedriae
385 1900 501 1933 dedit:
524 1902 584 1934 ille
599 1903 712 1935 lenoni
728 1904 771 1935 ad
796 1905 1046 1937 Citharistriam
1069 1906 1316 1939 redimendam.
1360 1908 1491 1941 Quibus
1508 1911 1612 1950 gestis

193 1953 334 1986 tandem
365 1954 527 1987 Chremes
564 1958 718 1998 agnoscit
752 1958 857 1990 filiam
890 1970 984 1991 suam
1016 1961 1237 2002 conjunctam
1274 1971 1351 1993 esse
1383 1961 1500 1994 fratris
1529 1963 1610 1995 filio.

194 2006 313 2039 Quare
336 2007 417 2039 dum
439 2013 570 2041 mutato
593 2011 736 2042 consilio
753 2020 844 2044 xxx.
868 2013 976 2044 minas
998 2023 1018 2045 a
1041 2014 1248 2046 Phormione
1264 2024 1326 2055 per
1342 2016 1451 2046 rixam
1468 2023 1611 2048 conatur

193 2061 345 2102 exigere,
371 2071 432 2102 per
455 2063 600 2095 eundem
617 2065 774 2105 proditus
789 2067 887 2099 uxori
905 2078 976 2099 suae
994 2069 1223 2100 Nausistratae
1240 2073 1313 2102 est:
1337 2074 1384 2109 et,
1401 2068 1511 2100 factus
1534 2069 1610 2101 libi-

193 2112 282 2145 dinis
305 2124 397 2155 reus,
421 2125 487 2147 non
514 2121 593 2148 ante
610 2118 743 2150 veniam
759 2120 883 2152 meruit
898 2130 918 2152 a
932 2121 1204 2162 matrefamilias,
1226 2132 1325 2163 quam
1342 2127 1378 2154 et
1393 2132 1485 2154 xxx.
1503 2124 1610 2155 mina-

193 2176 268 2198 rum
294 2173 330 2200 et
358 2170 480 2201 amoris
508 2171 734 2204 Citliaristriae
760 2174 892 2206 veniam
916 2174 1070 2208 dedisset
1095 2175 1176 2209 filio,
1221 2176 1358 2208 Primus
1383 2184 1480 2208 actus
1504 2178 1607 2209 estin

191 2222 362 2264 colloquio
376 2223 466 2255 Davi
483 2229 518 2255 et
536 2225 655 2256 Getae:
681 2225 745 2267 per
767 2237 849 2268 quos
874 2227 975 2260 discit
993 2229 1138 2270 populus
1162 2234 1412 2271 argumentum.
1457 2231 1609 2263 Secundi

190 2280 290 2307 actus
316 2281 414 2309 tenor
438 2279 591 2311 continet
618 2272 801 2312 adventum
824 2281 922 2313 Senis
948 2283 1196 2323 turbulentum,
1221 2288 1257 2315 et
1283 2284 1437 2323 ejusdem
1454 2285 1607 2326 jurgium

188 2329 352 2362 adversus
369 2331 494 2364 Getam
518 2337 553 2364 et
568 2334 774 2367 Phaedriam.
818 2336 939 2368 Tertio
963 2337 1055 2368 actui
1079 2337 1277 2369 attribuitur
1292 2337 1440 2378 litigium
1454 2338 1553 2370 Senis
1570 2345 1608 2371 et

188 2383 425 2417 Phormiouis:
448 2390 518 2417 tum
546 2388 753 2420 consultatio
777 2399 853 2421 cum
870 2389 1068 2422 advocatis:
1096 2395 1166 2422 tum
1182 2390 1389 2432 Antiphonis
1414 2392 1446 2422 in
1470 2402 1607 2424 scenam

191 2438 334 2478 reditus,
355 2440 627 2484 colloquiumque
650 2453 728 2475 cum
744 2443 856 2475 Geta:
879 2448 951 2476 tum
969 2445 1099 2476 lenonis
1124 2449 1159 2476 et
1182 2444 1353 2476 Phaedriae
1381 2445 1579 2477 colluctatio
1598 2457 1606 2477 z

191 2496 263 2523 tum
285 2492 480 2526 adhortatio
505 2495 606 2527 Getae
637 2497 679 2528 de
707 2497 910 2529 inveniendo
935 2502 1078 2540 argento
1106 2498 1148 2530 ad
1176 2499 1408 2530 redimendam
1435 2499 1605 2531 Phaedriae

191 2545 456 2580 Citharistriam.
502 2550 667 2582 Quartum
693 2555 805 2582 actum
822 2552 891 2583 ista
915 2552 1180 2584 concelebrant:
1216 2552 1382 2584 adventus
1401 2552 1606 2593 Chremetis,

190 2599 412 2642 ejusdemque
440 2612 515 2634 cum
543 2602 652 2635 fratre
675 2604 879 2637 deliberatio
904 2616 968 2647 per
995 2616 1145 2638 errorem
1174 2606 1216 2637 dc
1244 2607 1412 2647 ejicienda
1442 2607 1602 2639 Phanio:

190 2652 291 2684 Getae
315 2655 423 2687 verba
448 2656 491 2687 de
514 2656 672 2688 fallendis
697 2659 850 2690 senibus:
883 2659 1091 2700 Antiphonis
1115 2660 1225 2691 oratio
1249 2661 1338 2701 apud
1363 2666 1472 2691 semet
1494 2661 1602 2702 ipsum

190 2706 232 2737 de
256 2708 368 2740 amore
394 2710 599 2742 tractantis:
638 2711 737 2743 Getae
769 2722 882 2747 rursus
911 2722 986 2744 cum
1014 2713 1151 2745 senibus
1179 2713 1313 2752 callida,
1348 2719 1384 2746 et
1419 2724 1497 2746 mox
1525 2725 1602 2746 cum

191 2760 390 2801 Antiphone
407 2763 448 2794 de
466 2764 583 2796 eadem
606 2775 706 2798 causa
727 2766 870 2808 simplex
895 2767 1104 2808 disputatio:
1129 2777 1246 2799 senum
1264 2769 1353 2800 inter
1378 2778 1414 2800 se
1443 2769 1603 2809 colloqui-

236 2815 351 2856 Delph.
368 2820 395 2848 et
416 2819 490 2850 Vnr.
505 2820 588 2853 Clas.
817 2821 941 2853 Terent.
1434 2824 1451 2851 3
1477 2822 1513 2852 M
