1966 3302
583 257 634 287 ΙΝ
669 258 930 288 ADELPnos
965 258 1235 289 rnonoous.
1550 252 1634 292 675

186 351 424 393 Furtumne
443 352 609 394 factum
630 353 926 403 existumetis,
948 366 1004 394 an
1025 353 1171 394 locum

185 420 533 474 Reprehensum,
555 421 633 474 qui
653 422 902 475 praeteritus
924 421 1188 474 negligentia
1204 420 1272 462 ’st.

185 488 304 529 Nam
326 489 446 543 quod
467 489 540 530 isti
559 489 713 530 dicunt
734 489 956 540 malevoli,
979 489 1178 530 homines
1197 489 1369 531 nobiles
1584 489 1636 529 15

184 555 296 596 Eum
318 556 532 616 adjutare,
555 557 825 609 assidueque
847 569 933 598 una
956 556 1170 615 serii-ier&

183 622 314 674 Quod
335 610 402 666 iffi
419 613 695 666 maledictum
719 624 956 666 vehemens
978 637 1076 665 esse
1100 625 1385 674 existumant,

187 692 294 733 Eam
313 692 490 734 laudem
510 693 580 734 hic
601 693 722 734 ducit
742 706 1013 743 maxumam,
1034 706 1136 734 cum
1158 692 1248 733 illis
1269 693 1430 746 placet,

182 758 271 810 Qui
291 761 421 801 vobis
441 761 653 802 universis
674 764 717 802 et
735 761 905 815 populo
925 761 1100 815 placent
1117 774 1127 812 ;

183 826 383 878 Quorum
403 841 537 882 opera
558 829 601 869 in
621 829 750 878 bello,
772 829 816 869 in
839 829 942 879 otio,
964 829 1007 868 in
1029 829 1225 882 negotio,
1578 830 1633 871 90

181 895 273 936 Suo
296 896 486 950 quisque
505 900 703 951 tempore
725 910 834 937 usus
856 901 924 938 est
945 896 1039 938 sine
1062 897 1289 949 superbia.

181 963 351 1006 Dehinc
372 977 427 1005 ne
449 966 693 1019 expectetis
713 968 1005 1018 argumentum
1028 965 1190 1006 fabulae
1211 978 1220 1005 :

179 1033 319 1073 Senes
340 1033 414 1087 qui
434 1033 563 1087 primi
583 1033 776 1084 venient,
796 1033 827 1074 ii
850 1039 1018 1087 partem
1040 1033 1235 1087 aperient
1253 1047 1263 1085 ;

180 1099 233 1140 In
253 1100 422 1153 agendo
443 1105 611 1154 partem
634 1102 881 1142 ostendent.
943 1100 1111 1150 Facite,
1135 1099 1440 1154 aequanimitas

179 1166 332 1209 Poetae
354 1167 409 1208 ad
431 1167 706 1209 scribendum
728 1172 888 1222 augeat
910 1168 1190 1210 industriam.
1576 1170 1634 1210 25

180 1300 273 1332 Nunc
285 1301 449 1342 perspicite
463 1312 503 1332 απ
514 1311 636 1334 censere
651 1300 799 1341 debeatis,
813 1302 894 1333 hunc
908 1302 1016 1341 locum,
1033 1313 1119 1344 quem
1132 1306 1292 1334 mutuatus
1307 1305 1351 1333 est
1367 1301 1631 1341 Tei-eritius,s1o·li

176 1344 253 1373 vitio
274 1345 478 1375 accusandum
499 1345 553 1381 sit,
579 1355 619 1375 αη
639 1346 744 1385 potius
764 1345 926 1376 dicendum
948 1345 986 1376 ab
1008 1355 1041 1376 eo
1057 1349 1225 1377 resumtum
1242 1349 1271 1376 et
1287 1350 1439 1376 retentum
1456 1355 1531 1384 esse,
1549 1348 1628 1384 post-

176 1396 267 1426 quam
282 1387 415 1418 Plautus
434 1397 503 1418 eum
521 1398 577 1427 pro
600 1389 745 1419 derelicto
759 1389 955 1428 negligenter
979 1388 1138 1420 habuerat.
1187 1390 1283 1425 Nam,
1299 1390 1377 1428 quod
1392 1388 1564 1419 adversarii
1578 1388 1631 1417 isti

175 1429 209 1459 in
224 1428 473 1470 vidgusjactant‚
488 1430 623 1461 homines
638 1431 733 1461 nobili
748 1434 778 1461 et
795 1431 930 1471 patricia
945 1432 1045 1471 stirpe
1059 1432 1246 1463 clarissimos
1258 1435 1285 1461 et
1304 1441 1425 1472 operam
1440 1441 1528 1462 suum
1544 1432 1632 1467 dore,

118 1495 125 1500 .
175 1475 206 1502 et
225 1476 371 1512 perpetuo
395 1483 456 1504 una
482 1473 654 1504 Comoedias
669 1473 799 1510 facere‚·
821 1475 899 1514 quod
919 1474 968 1504 illi
991 1474 1176 1515 vituperium
1188 1485 1285 1513 grave
1306 1474 1512 1512 arbitrantur,
1526 1473 1558 1503 id
1573 1472 1633 1502 sibi

174 1514 299 1553 ingenti
311 1515 424 1555 gloriae
440 1515 563 1555 tribuit,
581 1526 650 1547 cum
664 1516 729 1547 illis
740 1520 852 1555 gratus
866 1520 897 1547 et
909 1520 1050 1557 acceptus
1065 1521 1123 1556 est,
1147 1519 1198 1558 qui
1212 1518 1308 1555 vohis,
1318 1521 1463 1557 quotquot
1479 1517 1529 1547 hic
1545 1516 1631 1553 estis,

177 1561 207 1588 et
219 1558 359 1589 universo
373 1559 482 1599 populo
495 1559 583 1597 grati
598 1563 629 1590 et
643 1560 761 1600 accepti
772 1563 860 1590 sunt.-
883 1570 1010 1600 quorum
1025 1560 1180 1601 beneficia,
1193 1561 1225 1591 iu
1242 1560 1355 1591 militia
1370 1563 1401 1590 et
1416 1560 1448 1590 in
1457 1569 1542 1600 pace,
1552 1569 1630 1589 com-

177 1601 262 1630 mode
277 1601 310 1631 in
325 1611 428 1632 omnes
442 1602 554 1632 collata
562 1601 695 1640 fuerunt
710 1602 774 1633 sine
788 1603 882 1640 sustu
897 1606 928 1633 et
943 1604 1159 1634 ostentatione.
1206 1603 1330 1634 Exinde
1354 1603 1450 1633 nolite
1470 1605 1632 1643 expectare

176 1645 211 1672 ut
236 1647 452 1683 argumentum
467 1643 587 1681 fobutae
603 1645 688 1676 vobis
702 1647 877 1676 enarretur.
920 1644 1028 1684 Senes,
1054 1646 1107 1686 qui
1132 1647 1225 1686 primi
1255 1646 1288 1676 iu
1309 1646 1501 1686 proscenium
1524 1646 1629 1684 prodi-

177 1685 264 1724 bunt,
277 1686 302 1716 ii
313 1689 432 1726 partem
448 1687 645 1726 explicabunt
658 1689 725 1728 ipso
740 1688 846 1727 initio,
860 1691 981 1728 partem
1004 1689 1038 1719 in
1063 1689 1178 1729 reliquo
1203 1690 1352 1720 dramate.
1402 1689 1579 1723 Concedite,
1595 1692 1630 1717 ut

176 1738 262 1769 aequo
277 1732 306 1760 et
320 1730 453 1770 propitio
468 1729 570 1760 animo
585 1731 707 1772 adsitis,
722 1742 779 1771 quo
795 1731 880 1762 labor
894 1734 925 1762 et
937 1731 1093 1763 industria
1111 1732 1217 1763 Poetoe
1233 1732 1442 1770 adfacienclas
1460 1730 1632 1762 Comoeaias

175 1771 277 1810 magis
290 1781 326 1803 ac
338 1773 440 1812 magis
451 1773 614 1805 excitetur.

803 1848 1022 1862 OOOOO‘C‘OOO

175 1921 264 1957 etus,
288 1917 381 1948 nulla
406 1917 525 1950 idonea
553 1919 687 1951 ratione
718 1924 838 1952 motus.
884 1921 969 1959 Eug.
1002 1921 1142 1951 Eundem
1164 1919 1261 1959 legit.
1290 1918 1390 1950 West.
1436 1919 1633 1957 Pernoscite,

167 1958 461 1998 furtumnefactum
472 1961 679 2003 existumetis]
706 1964 827 2004 Neque
843 1964 916 1995 haec
931 1959 1057 1995 locutio
1075 1962 1179 2002 magis
1198 1962 1344 1992 absurda
1361 1961 1467 1992 videri
1482 1962 1631 1992 debebat

175 2002 326 2044 Guyeto‚
341 2013 439 2045 quarn
455 2004 513 2036 illa
529 2005 561 2035 in
588 2007 738 2046 Prologo
758 2006 909 2046 Andriae,
927 2016 1023 2038 versu
1045 2008 1098 2037 24.
1136 2007 1145 2023 ‘
1161 2005 1244 2036 Rem
1263 2005 1472 2044 cognoscite,
1490 2006 1536 2035 Ut
1554 2015 1629 2044 per-

173 2045 344 2077 noscatis?
369 2046 500 2078 ld.—15
527 2048 676 2080 Davent.
692 2049 1037 2090 ‹listing11it,2nalevoli
1062 2049 1208 2086 homines,
1232 2047 1347 2078 nobiles
1374 2049 1450 2079 Tum
1474 2048 1629 2086 odjntare.

174 2088 310 2120 Praeter
325 2094 484 2127 mentem,
500 2091 632 2132 opinor,
644 2091 774 2124 Poetae.
798 2093 934 2124 Id.-—17
953 2093 1036 2123 Post
1049 2091 1059 2108 ‘
1075 2093 1254 2122 vehemens
1268 2090 1275 2103 '
1292 2091 1472 2131 interpone
1487 2091 1628 2121 verbum

173 2140 250 2170 esse,
266 2140 309 2162 ex
325 2141 358 2162 ο.
373 2132 395 2162 l.
412 2141 440 2162 s.
463 2133 521 2164 Fa.
565 2134 623 2166 Sic
646 2134 680 2165 in
705 2135 830 2166 nostris
855 2136 1023 2167 omnibus.
1052 2135 1143 2166 Bent.
1189 2135 1266 2165 Esse
1290 2133 1400 2165 omitt.
1419 2134 1474 2164 Er.
1500 2134 1630 2165 Peri.—

175 2176 218 2204 19
240 2173 386 2206 Quidam
402 2176 623 2207 vetustissimi
641 2177 785 2209 Codices
801 2178 931 2218 legunt,
947 2177 1057 2215 nobis;
1082 2177 1178 2218 quasi
1196 2186 1307 2207 sermo
1323 2177 1366 2207 sit
1383 2177 1424 2207 de
1443 2185 1546 2216 grege
1563 2176 1629 2206 his-

174 2217 334 2248 trionum.
359 2217 541 2250 West.-—2l
565 2220 626 2250 Est
641 2220 769 2252 omittit
782 2221 970 2252 Boin—23
987 2221 1071 2252 Mss.
1088 2220 1222 2259 plurimi
1239 2230 1246 2250 :
1270 2229 1336 2251 eum
1349 2223 1468 2260 partem
1480 2219 1630 2259 aperient.

174 2259 274 2292 Quod
291 2264 327 2291 et
343 2261 442 2291 estin
460 2260 535 2293 EA.
572 2261 654 2303 Alii,
685 2263 718 2294 lu·
738 2267 862 2304 partem
882 2264 1033 2304 aperient.
1059 2263 1165 2294 West.
1211 2263 1258 2293 Hi
1271 2265 1392 2302 partem.
1415 2263 1566 2302 aperient,
1591 2263 1629 2292 In

172 2304 291 2341 agendo
301 2306 424 2343 partem
440 2305 616 2346 ostendent]
653 2306 707 2337 Sic
725 2307 886 2344 codices;
920 2308 977 2337 sed
1001 2305 1196 2346 legendum,
1219 2306 1250 2336 lii
1272 2305 1390 2345 partim
1413 2305 1567 2345 aperient,
1591 2306 1627 2336 Iu

171 2346 290 2385 agendo
301 2347 417 2386 partim
431 2349 602 2379 ostendent.
629 2349 730 2380 Bent.
774 2349 841 2381 Sed
859 2359 974 2380 omnes
1000 2352 1121 2390 partem
1138 2349 1315 2389 utrobique
1344 2348 1485 2388 intelligi
1507 2353 1627 2386 putant

173 2388 321 2419 Fabulae.
356 2389 499 2420 Primum
515 2390 631 2422 Guelf.
661 2394 688 2422 l.
714 2392 800 2423 Pert.
848 2393 896 2424 Hi
913 2393 990 2433 Bip.
1006 2392 1238 2432 Delphffierl.
1273 2391 1334 2421 Hiz·
1350 2392 1408 2421 ΒΓ.
1434 2391 1626 2421 neum-{nm

172 2430 307 2462 omnino
323 2432 479 2473 sequitur
493 2433 692 2466 Both—24.
713 2437 753 2466 25
778 2435 902 2466 Boend.
918 2440 954 2467 et
978 2434 1051 2466 EA.
1070 2438 1105 2465 ut
1120 2438 1222 2465 vestra
1237 2434 1460 2474 (εᾳιιαηίνηὶιαε,
1498 2434 1625 2465 Forsan

172 2483 215 2504 ex
233 2474 363 2514 glossa3
386 2475 467 2516 quia
483 2480 518 2506 et
533 2477 691 2508 Donatus
707 2477 745 2508 τὸ
759 2481 862 2509 vestra
879 2478 998 2509 deesse
1021 2482 1129 2509 notat.
1154 2478 1262 2507 ssoecl.
1280 2477 1381 2507 etiam
1396 2476 1433 2507 τὸ
1448 2480 1481 2507 ut
1496 2477 1526 2506 iu
1545 2477 1625 2507 duo-

172 2516 235 2548 bus
253 2517 334 2549 Mss.
353 2519 493 2557 reperit.
538 2519 605 2550 Seu
622 2530 702 2551 vero
719 2521 826 2561 legem,
859 2522 970 2553 Vestra
995 2521 1094 2561 poe'tae
1117 2521 1156 2551 «ul
1181 2520 1374 2550 scribendum
1394 2524 1507 2558 augent
1525 2521 1628 2549 indus-

171 2560 278 2597 triam,
293 2569 363 2596 seu,
381 2560 490 2592 Po'e'toe
504 2563 543 2592 ad
559 2563 753 2594 scribendum
768 2568 882 2603 aug-eat
904 2568 937 2595 ut
954 2564 1152 2602 industrium,
1176 2572 1293 2594 versus
1316 2563 1499 2593 constabit.
1531 2563 1627 2593 Ill-st„

171 2603 180 2618 ‘
198 2603 321 2642 Deest,
338 2602 475 2642 vestra‚’
499 2604 608 2646 inquit
624 2606 803 2638 Donatus:
836 2612 870 2638 at
889 2616 955 2649 quo
972 2608 1052 2647 jure
1069 2607 1186 2637 deesse
1202 2606 1334 2647 potest?
1357 2616 1423 2647 qua
1448 2611 1625 2637 consuetu.

824 2703 963 2734 NOTAE

216 2767 254 2795 15
276 2765 424 2797 Homines
438 2765 568 2807 nobiles]
593 2767 726 2808 Nempe
741 2767 869 2807 Scipio·
926 2767 1098 2799 Publium.

173 2823 248 2846 nem
275 2814 484 2855 Africanum,
513 2817 663 2856 Laelium,
679 2823 712 2848 et
732 2818 868 2849 Furium
