1966 3302
292 232 377 273 684
780 245 821 275 P.
854 245 1095 277 TERENTH
1131 248 1249 278 ΛΡΜ

294 338 386 380 DE.
419 337 644 400 Quorsum
664 337 813 380 istuc?
874 338 959 380 ΜΙ.
983 338 1106 390 Quia
1123 345 1188 391 tu,
1213 342 1396 391 Demea,
1419 340 1518 382 haec
1541 341 1654 383 male
1670 342 1743 397 ju-

464 406 600 447 dicas.
1688 410 1744 451 20

294 473 398 515 Non
415 478 482 514 est
501 473 731 525 flagitium,
754 472 861 514 mihi
881 473 1025 524 erede,
1045 475 1418 531 adelescentulum

291 541 498 591 Scortari,
518 554 664 594 neque
685 545 867 594 potare3
898 554 986 582 non
1006 548 1101 593 est;
1129 556 1271 597 neque
1293 544 1410 585 fores

293 607 543 661 Effringere.
603 609 721 650 Haee
743 609 782 649 si
802 623 942 664 neque
964 623 1062 664 eg0,
1076 625 1221 665 neque
1242 617 1305 661 tu,
1326 612 1525 662 fecimus,

292 675 395 717 Non
418 676 523 717 sivit
543 680 715 729 egestas
736 676 880 717 facere
901 690 995 719 nos.
1055 679 1125 720 Tu
1146 692 1259 734 nun-*e
1280 680 1364 721 tibi

290 744 344 785 Id
363 743 484 785 laudi
503 744 646 796 ducis,
667 745 784 798 quod
804 750 895 803 tum
915 745 1060 788 fecisti
1077 747 1259 801 inopia'?
1686 747 1744 788 25

292 812 501 865 Injurium
518 817 609 863 est3
635 825 753 863 nam,
774 814 813 854 si
834 804 962 864 esset,
981 815 1097 857 unde
1115 814 1163 856 ‘id
1183 814 1326 866 fieret,

293 879 580 922 Faceremus:
609 886 654 922 et
673 884 720 922 tu
742 882 865 922 illum
886 885 1023 933 tuum,
1045 884 1082 924 si
1103 897 1220 925 esses
1240 883 1384 939 h9m9,

290 947 466 989 Sineres
487 961 602 990 nune
619 949 780 999 facere,
802 949 905 990 dum
925 963 1002 1003 per
1022 955 1196 992 aetatem
1218 951 1334 1001 licet,

289 1016 450 1058 Potius
471 1030 617 1070 quam,
637 1018 711 1059 ubi
733 1022 774 1059 te
797 1022 1082 1072 expectatum
1103 1018 1313 1074 ejecisset
1332 1017 1467 1068 foras,

288 1171 352 1205 Mt.
379 1173 461 1209 Quia
477 1178 522 1211 tu,
538 1175 666 1215 Demea,
679 1175 903 1216 pravojudicio
919 1185 968 1206 res
983 1175 1133 1208 (estimas.
1179 1176 1252 1206 Non
1274 1179 1320 1207 est
1330 1175 1459 1216 flagitii
1473 1174 1594 1206 nonzine
1608 1174 1738 1214 dignum

286 1216 446 1256 delictum,
475 1219 693 1248 adolescentem
719 1228 787 1249 cum
813 1219 1025 1249 meretricibus
1051 1220 1300 1250 consuetudinem
1329 1219 1450 1258 habere,
1478 1221 1507 1249 et
1534 1215 1741 1257 potationibus

284 1269 406 1298 vacare,
428 1270 523 1300 neque
537 1264 644 1301 portas
658 1260 770 1291 tedium
783 1271 990 1302 perrumpere,
1011 1262 1088 1293 mihi
1111 1264 1209 1293 crede.
1254 1262 1290 1292 Si
1314 1271 1408 1302 neque
1434 1271 1501 1300 ego,
1516 1270 1611 1301 neque
1627 1264 1661 1290 tu
1675 1261 1740 1291 hoec

285 1303 499 1342 commisimus,
525 1304 699 1343 indigentia
721 1305 808 1334 nobz‘s
830 1315 890 1335 uon
911 1304 1065 1345 permisit.
1112 1306 1158 1336 Tu
1176 1314 1253 1335 nune
1276 1308 1306 1336 te
1321 1305 1408 1335 laude
1424 1304 1553 1344 dignum
1569 1303 1741 1341 existimas,

285 1346 363 1384 quod
380 1348 453 1376 tanc
477 1347 514 1377 ab
530 1347 578 1377 his
597 1347 776 1378 abstinuisti
795 1357 862 1387 prce
884 1347 987 1387 inopia
999 1358 1010 1384 ;
1033 1347 1087 1378 hoe
1109 1352 1155 1378 est
1181 1348 1293 1386 injuste
1308 1347 1463 1386 judicare.
1512 1347 1604 1382 Nam,
1625 1347 1697 1376 olim
1711 1345 1743 1376 si

285 1387 373 1418 nobis
380 1387 521 1428 facultas
529 1390 644 1428 fuisset
667 1390 732 1420 hoec
746 1390 901 1429 faciendi,
907 1390 1091 1428 fecissemus
1103 1401 1113 1421 .·
1143 1395 1174 1422 et
1197 1394 1244 1429 tu,
1259 1391 1348 1421 illum
1364 1394 1450 1421 tuum
1469 1389 1694 1429 Ctesiphonem,
1711 1389 1740 1419 si

285 1429 477 1462 humanitate
499 1433 651 1472 praeditus
673 1443 765 1472 esses,
788 1436 939 1473 patereris
956 1433 1020 1464 haee
1034 1434 1143 1471 faeere
1157 1444 1247 1473 vtunc,
1261 1435 1333 1464 dum
1348 1437 1425 1464 oetns
1439 1431 1613 1472 perminii,-
1637 1431 1741 1471 potius

284 1483 387 1513 quam,
402 1474 455 1505 ubi
469 1478 536 1517 post
553 1479 680 1507 mortem
695 1478 780 1507 tuam
800 1479 865 1507 tam
880 1479 1056 1517 exoptatam
1069 1480 1099 1508 te
1114 1481 1185 1508 ante
1193 1477 1325 1516 januam
1341 1477 1525 1515 collocasset,
1540 1479 1569 1506 et
1585 1478 1739 1505 mortuum

891 1580 949 1594 θοι
954 1581 988 1593 oo
994 1581 1107 1593 'eote‘
1113 1581 1131 1592 e

282 1666 495 1707 Delph.—-2l
524 1668 622 1698 Crede
649 1668 691 1698 mi
718 1667 820 1700 Both.
868 1669 1000 1700 Credere
1025 1668 1142 1702 Guelf.
1168 1671 1286 1702 2.--22
1311 1669 1384 1700 Non
1412 1671 1458 1699 est
1485 1667 1608 1700 absunt
1639 1678 1658 1699 a
1685 1668 1736 1700 M.

288 1711 387 1742 West.
435 1710 502 1740 Dat
516 1710 616 1741 Both.
629 1714 736 1750 potare
756 1733 763 1741 .
782 1734 789 1742 .
809 1734 816 1742 .
835 1711 902 1743 DE.
919 1712 993 1742 Non
1008 1715 1074 1744 est?
1096 1713 1161 1743 Mr-
1187 1713 1293 1752 Neque
1297 1711 1398 1749 sores,
1409 1712 1544 1750 &ea-23
1571 1711 1676 1752 Neque
1691 1715 1738 1751 tu,

282 1763 377 1793 neque
391 1763 448 1791 ego
474 1754 596 1785 Boend.
614 1754 687 1784 EA.
716 1753 786 1785 ΕΡ.
816 1754 915 1785 Wrst.
960 1755 1001 1785 121
1015 1755 1042 1786 si
1057 1765 1152 1795 neque
1176 1759 1210 1786 tu
1223 1755 1357 1794 fecimus
1376 1764 1470 1794 neque
1491 1764 1548 1793 ego
1571 1753 1688 1789 Guelf.
1702 1757 1734 1786 2.

282 1799 366 1827 —24
389 1796 487 1826 Bem.
518 1796 590 1827 Non
617 1796 683 1827 siit.
709 1797 769 1829 Fa.
815 1796 935 1827 Nostri
966 1807 1084 1828 omnes
1113 1799 1206 1834 sivie,·
1237 1807 1334 1828 versu
1364 1797 1419 1827 siit
1448 1798 1606 1828 malente.
1643 1797 1737 1828 Bent-

282 1838 384 1879 Sivit]
407 1839 487 1870 Par.
511 1849 544 1879 p.
570 1849 642 1870 var.
661 1840 750 1872 sinit.
771 1839 866 1871 Perl.
913 1840 1031 1871 Facere
1053 1844 1175 1880 egestas
1198 1840 1384 1871 Both—25
1410 1839 1651 1879 Interrogandi
1674 1840 1738 1876 sigt-

282 1891 360 1912 num
386 1882 493 1922 posui,
508 1881 550 1912 ob
575 1882 736 1921 majorem
761 1882 949 1923 emphasin.
997 1883 1117 1924 Neque
1142 1883 1242 1914 aliter
1265 1883 1346 1913 satis
1373 1888 1454 1922 apte
1470 1881 1615 1914 infertur
1640 1882 1736 1921 illud,

282 1925 291 1941 ‘
308 1925 474 1966 Iujurium
500 1923 573 1955 est?
601 1925 842 1957 Westerhavius.
890 1925 968 1956 Hoc
989 1935 1051 1966 per
1065 1926 1365 1966 interrogationem
1379 1923 1598 1957 efferendum.
1641 1926 1738 1957 Unus

281 1973 395 1998 autem
423 1977 464 1998 ex
495 1967 611 2006 Regiis
637 1970 741 2006 duces,
768 1977 834 1999 non
857 1968 956 2000 ducis.
1016 1969 1129 2000 Etiam
1157 1969 1255 2000 bene.
1291 1969 1466 1999 Bentleius.
1523 1967 1645 2008 Duces]
1677 1968 1735 2000 Sic

282 2010 384 2041 Bent.
409 2019 451 2043 ex
473 2020 538 2041 uuo
557 2012 639 2050 Reg.
657 2011 755 2042 bene.
780 2011 868 2043 Perl.
911 2011 1016 2042 Duces
1032 2010 1114 2042 dant
1131 2012 1232 2043 Bent.
1249 2011 1353 2042 Both.
1371 2011 1461 2042 Perl.
1499 2010 1577 2041 Non
1592 2011 1736 2042 interro-

281 2059 363 2092 gant
382 2052 423 2084 Ζ.
447 2053 524 2094 Bip.
544 2053 637 2085 Perl.
684 2053 731 2084 Tu
748 2053 821 2084 sine
842 2058 907 2085 tum
922 2053 1038 2086 Guelf.
1054 2057 1174 2087 2.-—26
1198 2055 1236 2085 Id
1260 2054 1353 2085 delet
1377 2053 1470 2085 Perl.
1496 2053 1555 2094 qui
1580 2058 1676 2085 notat
1700 2053 1735 2085 id

281 2105 356 2126 esse
373 2096 405 2126 iu
421 2095 538 2130 Guelf.
557 2099 587 2127 2.
605 2098 723 2128 3.-27
751 2097 842 2137 Lege
859 2097 946 2127 illum
971 2100 1015 2128 tu.
1040 2097 1138 2128 Bent.
1183 2097 1346 2137 Sequitur
1373 2097 1464 2128 Perl.
1508 2096 1610 2127 Illum:
1633 2096 1737 2128 habet

282 2139 469 2170 Rom—28
497 2140 594 2171 Decet
615 2139 649 2170 J.
677 2139 880 2170 Gulielmius
903 2140 934 2170 in
961 2140 1034 2170 Mil.
1052 2139 1149 2171 Glor.
1195 2140 1326 2172 Quaest.
1341 2149 1414 2179 cap.
1430 2143 1460 2170 5.
1488 2139 1586 2171 W'est.
1630 2139 1738 2180 Licet]

280 2181 336 2211 Sic
352 2182 458 2212 nostri
476 2192 610 2212 omues:
637 2181 696 2212 sed
715 2182 782 2213 duo
796 2182 876 2213 Jani
895 2182 1081 2221 Gulielmii,
1106 2192 1187 2223 quos
1211 2182 1464 2223 antiquissimos
1487 2182 1618 2220 babuit,
1638 2183 1736 2222 (lecet,

280 2233 346 2254 nou
363 2224 445 2256 licet.
491 2224 578 2255 Vide
606 2225 715 2264 ipsum
743 2225 783 2255 ad
813 2225 927 2255 Plauti
958 2226 1106 2256 Militem
1136 2235 1213 2266 cap.
1230 2228 1262 2256 6.
1288 2230 1324 2256 et
1349 2234 1409 2255 nos
1432 2224 1473 2255 ad
1501 2225 1680 2256 Horatium
1696 2233 1736 2256 u.

280 2267 392 2308 Epist.
407 2270 438 2299 2.
454 2270 528 2299 216.
555 2268 648 2300 Bent.
696 2268 790 2300 Decet
820 2268 899 2300 Par.
927 2277 962 2308 p.
988 2278 1057 2298 var.
1081 2268 1257 2301 Part—29
1279 2268 1469 2301 Palmerius
1485 2268 1625 2307 elegisset
1641 2267 1736 2308 legit.

934 2386 1076 2420 NOTAE

321 2486 364 2515 29
388 2485 598 2524 Eoepectatum
613 2483 746 2521 ejecisset
757 2484 864 2525 foras]
886 2486 978 2517 Mor·
1032 2485 1101 2516 suis
1119 2483 1230 2515 verbis
1253 2482 1433 2523 significat.
1478 2482 1566 2514 Haec
1592 2483 1732 2516 Persius

279 2537 344 2575 tui,
360 2534 450 2576 apud
469 2535 650 2572 Romath,
667 2534 722 2564 ubi
739 2535 882 2566 unimam
899 2546 977 2575 ege·
1033 2537 1164 2568 indicat
1176 2536 1289 2567 Satira
1301 2544 1357 2567 ΙΙΙ.
1371 2535 1419 2565 his
1432 2534 1604 2565 versibus:
1620 2535 1729 2567 ‘Hinc

279 2591 370 2625 rant,
405 2586 492 2616 lecto
519 2583 667 2615 extructi
704 2584 793 2614 humi
832 2586 978 2626 depone·
1035 2587 1128 2625 tuba,
1151 2586 1314 2625 candelae,
1345 2585 1548 2625 tandemque
1573 2584 1729 2616 beatulus

279 2638 416 2676 bantur,
430 2635 552 2666 deinde
568 2635 782 2675 lavabantur,
809 2638 978 2678 ungebau-
1035 2638 1103 2668 alto
1112 2637 1328 2677 Compositus
1340 2635 1634 2676 lecto‚crassisque
1646 2637 1730 2667 luta-

279 2694 347 2727 tur,
363 2689 454 2719 lecto
470 2686 605 2717 funebri
619 2685 835 2726 aptabantur,
849 2694 918 2719 tum
935 2688 975 2720 ad
1035 2692 1088 2718 tus
1102 2687 1253 2726 amomis,
1270 2686 1309 2717 In
1330 2692 1460 2726 portam
1477 2685 1602 2726 rigidos
1617 2686 1729 2718 calces

281 2739 403 2770 ostium
420 2738 537 2768 domus
554 2736 702 2768 cadaver
718 2736 977 2777 admovebatur,
1032 2739 1211 2770 extendit:
1237 2744 1270 2770 at
1285 2738 1375 2769 illum
1392 2737 1533 2768 Exterui
1549 2738 1663 2779 capite
1681 2738 1729 2773 in-

280 2791 384 2822 versis
398 2789 429 2821 in
444 2792 573 2829 portam
588 2786 752 2828 pedibus;
774 2787 861 2828 quod
879 2789 978 2821 Mitio
1032 2791 1115 2824 (luto
1131 2791 1266 2823 subiere
1283 2787 1456 2823 Quirites!
