1966 3302
316 221 404 264 924
818 232 858 260 P.
891 229 1132 262 TEREN'ru
1167 231 1283 261 Arm

318 328 557 370 Tonstrina
576 330 672 368 erat
692 325 897 380 quaedam
914 338 925 367 :
955 325 1029 366 hic
1050 325 1303 366 solebamus
1323 324 1414 366 fere

317 397 584 448 Plerumque
606 407 703 435 eam
724 393 929 447 opperiri,
951 393 1056 433 dum
1076 392 1181 433 inde
1201 393 1283 433 iret
1302 392 1499 433 domum.
1713 392 1770 433 40

318 465 508 513 Interea,
529 462 632 503 dum
654 461 856 503 sedemus
877 461 987 511 illic,
1009 461 1247 502 intervenit

318 530 596 572 Adolescens
618 529 797 584 quidam
818 529 1069 582 lacrymans
1087 541 1097 569 :
1126 541 1205 568 nos
1224 527 1447 568 mirarier:

321 598 570 651 Rogamus,
593 596 697 650 quid
718 597 810 637 sit‘?
842 609 1065 649 nunquam
1090 607 1234 648 aeque,
1253 595 1414 649 inquit,
1437 608 1491 637 ac
1509 595 1657 646 modo,

321 667 574 718 Paupertas
595 664 702 704 mihi
725 677 837 705 onus
853 665 997 705 visum
1019 667 1098 713 est,
1121 668 1166 704 et
1185 663 1410 714 miserum,
1433 668 1476 704 et
1498 676 1643 716 grave.

319 732 458 774 Modo
479 732 699 786 quandam
721 732 816 773 vidi
838 731 1056 783 virginem
1077 731 1148 771 hic
1170 731 1346 772 viciniae
1718 732 1775 771 45

318 800 549 851 Miseram,
571 813 696 841 suam
717 804 895 841 matrem
915 799 1148 840 lamentari
1171 802 1398 840 mortuam.

320 868 388 910 Ea
407 869 493 910 sita
513 872 605 909 erat
626 880 685 909 ex
707 867 974 909 advorsum:
1005 881 1150 921 neque
1172 867 1237 908 illi
1259 866 1544 916 benevolens,

320 936 480 991 Neque
500 941 648 984 notus,
670 948 812 989 neque
832 939 1065 988 cognatus,
1087 939 1211 976 extra
1231 948 1364 976 unam
1386 935 1618 984 aniculam,

322 1005 570 1058 Quisquam
592 1004 761 1054 aderat,
782 1004 857 1056 qui
875 992 1102 1056 'adjutaret
1121 1003 1278 1044 funus:
1310 1002 1555 1042 miseritum
1575 1001 1645 1043 'st.

319 1155 389 1182 erat
407 1152 529 1194 officina
549 1152 702 1189 tonsoris;
730 1150 779 1182 hic
801 1150 969 1183 solebamus
987 1159 1053 1181 eam
1078 1153 1239 1191 expectare
1261 1159 1412 1191 quousque
1426 1149 1498 1180 inde
1512 1148 1629 1180 rediret
1645 1148 1778 1178 domum.

322 1195 448 1226 Interea
462 1197 533 1226 dum
549 1196 613 1226 illic
628 1194 720 1226 otiosi
743 1204 910 1233 moramur,
926 1197 1049 1234 repente
1063 1193 1238 1234 supervenit
1253 1194 1425 1224 adolescens
1441 1192 1564 1232 quidam
1572 1191 1667 1232 fleus.
1714 1191 1779 1221 Nos

318 1239 441 1277 mirati,
455 1239 622 1279 qucerimus
644 1248 711 1278 quae
733 1248 826 1268 causa
849 1238 878 1268 ei
891 1237 990 1278 fletus
1014 1241 1104 1268 esset.
1151 1237 1328 1277 Nunquam,
1354 1237 1411 1274 ait,
1435 1235 1513 1266 mihi
1526 1235 1572 1266 ita
1588 1234 1780 1275 perspectum

313 1281 397 1321 fuit,
410 1292 446 1312 ac
465 1284 561 1320 modo,
576 1292 666 1322 quum
683 1290 889 1311 ‹erumnosum
903 1284 934 1310 et
950 1281 1108 1310 molestum
1123 1283 1200 1310 esset
1220 1280 1335 1319 pondus
1347 1282 1524 1319 paupertas.
1561 1278 1665 1308 -Modo
1684 1286 1780 1317 quan-

320 1325 393 1354 dam
408 1324 473 1354 vidi
489 1324 643 1362 infelicem
656 1325 788 1365 puellam
800 1333 893 1364 prope
908 1323 941 1353 in
957 1323 1014 1354 Ιιαε
1028 1323 1153 1360 vicinia,
1173 1322 1335 1363 deflentem
1350 1325 1479 1352 matrem
1501 1330 1589 1351 suum
1616 1320 1678 1350 vita
1686 1319 1780 1358 func·

322 1370 397 1397 tam.
443 1368 492 1397 Εα
507 1367 608 1408 posita
623 1371 691 1398 erat
705 1370 812 1397 contra
829 1369 993 1403 mortuam,
1009 1375 1104 1406 neque
1121 1366 1280 1406 quisquam
1293 1365 1421 1404 clinicus,
1434 1374 1530 1403 neque
1542 1363 1674 1400 vicinus,
1687 1371 1780 1403 neque

320 1410 506 1451 propinquus
529 1420 597 1442 eam
623 1410 787 1449 adjuvabat
812 1410 845 1440 in
871 1410 1007 1440 curando
1025 1408 1152 1449 funere,
1179 1412 1295 1449 proeler
1318 1417 1411 1439 unum
1441 1407 1585 1439 vetulam.
1628 1405 1780 1437 Misereri

930 1513 1167 1525 commove-e

324 1602 399 1628 nus,
422 1591 510 1633 quod
527 1591 568 1622 ad
584 1591 674 1622 hunc
692 1591 801 1622 locum
818 1591 943 1623 attinet
959 1603 966 1623 :
990 1601 1066 1623 nain
1093 1592 1149 1622 hie
1171 1591 1180 1608 ‘
1194 1589 1438 1623 exadversum'
1461 1589 1553 1620 acuit
1576 1587 1756 1620 secundam
1772 1599 1780 1619 z

324 1637 383 1666 sed
411 1645 487 1665 mox
513 1645 561 1665 νς.
579 1637 632 1665 47.
658 1640 693 1665 et
717 1633 818 1665 Adel.
844 1644 895 1666 ιν.
918 1637 948 1665 2.
964 1637 1016 1666 45.
1045 1635 1185 1675 primam
1209 1635 1303 1665 acuit
1325 1632 1570 1664 ‘exadversum
1585 1632 1606 1663 :'
1631 1637 1667 1662 ut
1691 1632 1781 1672 apu'd

325 1679 484 1709 Plautum
513 1678 642 1708 Bacch.
670 1686 720 1708 lv.
736 1680 768 1709 7.
785 1680 838 1708 37.
862 1680 871 1694 ‘
886 1677 995 1709 Video
1009 1677 1231 1709 exadversum
1250 1677 1472 1708 Pistoclerum
1490 1681 1525 1706 et
1542 1674 1746 1706 Bacchidem
1760 1674 1782 1706 :’

325 1721 379 1752 Ad
408 1721 547 1752 nihilum
574 1730 656 1760 ergo
682 1720 805 1751 recidit
823 1721 968 1751 Anniani
991 1721 1080 1751 iilius
1098 1721 1282 1751 subtilitas.
1307 1720 1403 1750 Beut.
1453 1719 1666 1749 Exadversum
1681 1717 1783 1749 Both.

327 1765 406 1805 Bip.
431 1764 523 1795 Peri.
570 1763 770 1803 Exadverso]
805 1763 846 1794 In
871 1764 944 1794 aliis
970 1764 1175 1794 editionibus
1201 1769 1254 1794 est
1277 1764 1500 1798 exadversum;
1521 1762 1716 1792 Burinanno
1739 1760 1782 1791 ad

323 1808 464 1838 Sueton.
483 1807 515 1837 in
527 1806 643 1837 Tiber.
659 1815 689 1837 c.
705 1808 758 1837 33.
775 1807 902 1838 rectius
920 1806 1057 1838 videtur
1072 1816 1112 1838 ex
1128 1808 1254 1838 adverso
1270 1806 1404 1836 divisim
1422 1805 1586 1844 scriptum
1600 1805 1631 1834 in
1650 1813 1716 1844 quo
1733 1803 1782 1833 in-

327 1851 501 1890 telligatur
523 1848 639 1880 ‘loco’
664 1849 718 1879 vel
745 1850 853 1880 simile
875 1849 968 1891 quid.
1013 1849 1081 1881 Sed
1106 1859 1148 1880 ex
1175 1851 1336 1880 adversum
1361 1852 1476 1879 tuetur
1493 1846 1716 1886 Oudendorp.
1742 1846 1784 1876 ad

324 1894 465 1924 Sueton.
491 1893 618 1924 Caesar.
636 1902 665 1925 c.
682 1895 735 1923 39.
760 1892 802 1923 R.
819 1892 950 1923 D.-41
968 1892 1104 1923 Praeter
1119 1893 1291 1922 Donatum
1307 1891 1409 1922 etiam
1427 1889 1502 1921 cod.
1521 1890 1618 1920 Bem.
1633 1889 1691 1919 illi.
1715 1888 1781 1920 Sed

326 1941 361 1967 et
379 1936 425 1967 ita
443 1935 695 1972 Gambarelius,
712 1935 937 1975 Pulmannus,
953 1939 987 1966 et
1005 1934 1110 1966 Aldus
1127 1935 1319 1965 ediderunt.
1364 1933 1440 1964 Vox
1458 1933 1581 1963 Plauto
1598 1931 1784 1962 familiaris.

332 1980 434 2011 West.
478 1978 625 2009 Sedemus
641 1977 743 2017 illinc]
768 1978 860 2008 Alias
877 1978 951 2009 illic.
979 1978 1037 2008 Er.
1083 1978 1139 2008 Illi
1165 1978 1203 2009 Z.
1222 1978 1324 2008 Bent.
1372 1976 1534 2014 Sedemus,
1553 1975 1600 2006 illi
1617 1974 1784 2005 intervenit

326 2022 406 2061 Bip.
439 2021 583 2052 Botliius
599 2021 684 2060 legit
710 2021 846 2059 Interea,
862 2022 934 2051 dum
950 2020 995 2051 ihi
1009 2022 1145 2052 sedemus
1161 2021 1243 2057 olim,
1260 2019 1525 2050 intervenia—42
1547 2017 1734 2048 Adolescens
1750 2017 1784 2048 in

327 2065 401 2096 GC.
417 2065 520 2105 priori
538 2063 649 2094 versui
666 2072 848 2094 annexum.
886 2064 993 2104 Cujus
1011 2063 1146 2094 omnino
1164 2063 1290 2093 codicis
1309 2071 1464 2092 versuum
1482 2061 1661 2092 distinctio
1677 2070 1696 2090 a
1713 2060 1784 2090 vui-

327 2113 408 2148 gata
431 2107 557 2148 passim
581 2105 743 2137 discedit.
765 2106 936 2137 Perl.—43
961 2105 1076 2138 Guelf.
1100 2109 1131 2137 2.
1153 2106 1261 2146 inquid
1287 2114 1349 2146 pro
1375 2105 1575 2145 inmun—44
1598 2104 1690 2134 Mira
1705 2111 1786 2134 sane

327 2150 552 2185 constructio,
576 2150 585 2166 ‘
600 2149 795 2190 Paupertas
823 2150 928 2180 visum
955 2148 1034 2180 est.’
1079 2148 1197 2180 Codex
1223 2148 1293 2180 CC.
1318 2152 1407 2178 uotae
1424 2148 1562 2188 optimae
1578 2147 1648 2177 visa
1662 2149 1729 2183 est;
1752 2149 1788 2177 et

328 2194 376 2224 sic
394 2193 484 2234 apud
502 2192 716 2224 Priscianum
732 2192 858 2223 citatur
875 2202 910 2232 p.
928 2195 1023 2223 1026.
1048 2192 1153 2223 etiam
1183 2192 1215 2222 in
1245 2190 1383 2233 scriptis
1411 2190 1514 2221 codd.
1538 2189 1637 2220 Bent.
1683 2189 1785 2220 Botli.

327 2236 405 2266 mihi
429 2237 498 2267 visa
523 2245 598 2266 onus
624 2239 682 2266 est.
726 2233 822 2266 Perl.
844 2235 912 2266 visa
939 2238 996 2266 est.
1021 2238 1058 2266 et
1083 2239 1181 2265 notat
1206 2239 1213 2252 ¹
1228 2234 1309 2264 Par.
1336 2234 1370 2264 in
1387 2243 1493 2273 marg.
1518 2233 1527 2250 ⁴
1543 2242 1603 2272 pro
1618 2232 1688 2264 visa
1700 2230 1788 2263 est.'’

329 2281 338 2295 ⁴
354 2280 455 2310 Bent.
480 2288 556 2310 cum
584 2277 761 2308 Prisciano
777 2287 898 2318 sapere
924 2278 1055 2317 maluit,
1077 2287 1178 2318 quam
1205 2287 1280 2307 cum
1308 2276 1381 2307 Cic.
1411 2276 1484 2307 Liv.
1510 2275 1590 2306 Sall.
1624 2275 1786 2315 Nepote;

329 2321 524 2362 frustraque
540 2321 690 2351 correxit
705 2320 773 2351 visa
789 2324 849 2360 est,
873 2320 961 2362 quod
979 2325 1014 2351 et
1030 2321 1132 2361 pauci
1150 2320 1269 2359 scripti
1285 2319 1424 2350 liabent.
1469 2318 1646 2358 Exempla,
1662 2317 1787 2357 quibus

329 2366 468 2405 vulgata
483 2363 707 2404 approbetur,
724 2364 839 2403 pueris
856 2368 937 2394 nota
953 2363 1054 2394 sunt!
1078 2363 1242 2403 Rip—45
1260 2362 1326 2393 Hic
1341 2362 1475 2393 vicinioe.
1500 2361 1585 2392 Mss.
1602 2359 1786 2391 Leidenses

330 2412 412 2447 tres,
431 2408 480 2438 M.
497 2407 542 2438 G.
559 2407 618 2437 Tr.
632 2406 733 2437 Bodl.
750 2416 826 2437 cum
849 2406 920 2436 ΕΡ.
945 2411 980 2437 et
1007 2407 1076 2437 ET.
1101 2406 1180 2437 EM.
1207 2410 1243 2435 et
1260 2406 1341 2436 Mss.
1360 2403 1536 2436 Pulmanni
1561 2403 1680 2442 tribus,
1696 2402 1788 2433 Pris-

330 2451 440 2488 ciano,
457 2450 515 2480 lib.
534 2458 628 2480 xvn.
644 2454 680 2480 et
698 2449 812 2480 Nonio
829 2450 1010 2487 Marcello,
1033 2449 1114 2479 huic.
1162 2449 1246 2479 Mss.
1278 2447 1491 2478 Leidensium
1519 2451 1671 2487 quiartus,
1696 2445 1788 2483 hujus

329 2493 467 2524 vicinioe:
486 2493 624 2534 quintus
640 2492 690 2522 hic
706 2491 842 2523 vicinioe.
878 2492 998 2522 ssoend.
1016 2491 1087 2522 huic
1099 2491 1232 2522 viciuioe.
1256 2490 1345 2521 Vide
1362 2489 1402 2520 ad
1419 2489 1511 2521 And.
1529 2498 1552 2519 1.
1567 2491 1596 2520 1.
1613 2491 1664 2519 43.
1687 2488 1787 2519 West.

332 2535 419 2566 Hinc
446 2537 593 2566 Ere—46
617 2536 683 2566 Ms.
713 2535 840 2565 Lovan.
869 2539 958 2566 teste
986 2535 1189 2570 Pulmanno,
1217 2533 1350 2564 Misere.
1374 2533 1481 2564 West.
1526 2531 1612 2562 Post
1635 2530 1788 2562 Miseram

329 2585 396 2608 non
425 2578 602 2619 distinguit
628 2578 688 2608 Br.
733 2577 853 2608 Misere
876 2578 1066 2609 Rom—47
1090 2577 1133 2608 G.
1161 2575 1280 2607 Boend.
1305 2581 1339 2606 et
1366 2575 1432 2606 Ms.
1454 2575 1550 2615 Lips.
1567 2583 1642 2605 cum
1660 2573 1731 2604 ΕΡ.
1747 2583 1787 2604 ea:

330 2621 467 2651 advorso.
500 2622 590 2661 Guy.
606 2620 777 2660 integrum
794 2629 924 2651 versum
939 2619 1118 2660 expungit.
1165 2620 1214 2650 Ειι
1228 2619 1290 2649 sita
1306 2621 1374 2649 erut
1391 2628 1430 2649 ex
1442 2619 1579 2648 adverso.
1602 2616 1668 2647 Hic
1687 2616 1786 2647 Rem.

331 2669 367 2694 et
381 2664 437 2693 Vi.
456 2663 570 2701 habet,
586 2672 626 2693 ex
644 2665 818 2702 advorsum,
834 2663 882 2693 ita
898 2663 1048 2694 habebat
1064 2666 1099 2693 et
1111 2662 1154 2693 V.
1169 2661 1228 2692 sed
1245 2661 1381 2699 deindo,
1398 2660 1525 2691 abrasis
1543 2658 1787 2700 posterioribus

331 2706 455 2744 literis,
471 2717 487 2735 ο
504 2704 715 2745 suppositum
732 2710 797 2736 est.
823 2706 883 2737 Fu.
924 2705 1044 2737 Nostri
1057 2714 1171 2736 ornnes
1184 2705 1236 2736 liic
1251 2704 1376 2735 habent
1391 2713 1431 2735 ea:
1447 2704 1583 2733 adverso.
1598 2702 1699 2732 Bent.
1732 2702 1787 2732 Ex

331 2750 460 2779 adverso
488 2749 545 2778 Br.
561 2747 676 2779 Guelf.
696 2751 726 2779 l.
744 2751 774 2778 3.
792 2748 956 2788 Bip.-48
983 2749 1033 2779 M.
1055 2752 1091 2779 et
1119 2746 1240 2778 Boend.
1278 2747 1386 2786 Neque
1410 2749 1512 2784 notus,
1537 2753 1632 2784 neque
1655 2743 1789 2780 vicinus,

333 2801 429 2832 neque
444 2801 511 2830 cog.
528 2791 722 2821 West.—49
737 2790 907 2828 Aajutaret
924 2792 1034 2829 simus.
1056 2791 1110 2822 Sic
1130 2790 1216 2821 Hec.
1233 2798 1288 2821 ιιι.
1303 2792 1334 2821 2.
1351 2791 1404 2820 24.
1425 2790 1433 2805 ‘
1449 2788 1513 2820 His
1527 2797 1629 2819 onera
1646 2786 1786 2827 adjuta!
