1966 3302
495 232 805 264 PHOleoNlS
839 230 948 262 Ac'r.
983 231 1055 260 ιιι.
1089 229 1155 260 sc.
1190 230 1240 259 11.
1518 222 1604 264 977

154 328 320 384 Repeti
341 328 416 382 qui
438 327 525 377 det,
546 341 684 381 neque
704 327 948 379 lacrymet:
981 325 1039 366 da
1061 326 1208 366 locum
1231 325 1499 367 melioribus.

151 397 249 438 AN.
278 396 408 438 Certe
426 395 587 445 hercle,
609 407 691 448 ego
713 394 751 435 si
774 394 884 434 satis
906 392 1203 442 commemini,
1228 392 1307 434 tibi
1329 393 1508 446 quidem
1530 399 1604 434 est

323 463 430 504 olim
449 462 563 513 dies,

154 530 302 582 Quam
340 530 396 571 ad
433 530 558 571 dares
593 529 710 578 huic,
751 529 1019 582 praestituta.
1081 527 1216 571 PHAE.
1250 528 1453 570 Factum.
1515 529 1605 570 Do.

326 597 448 638 Num
468 610 549 650 ego
571 598 687 637 istuc
708 597 853 649 nego?

154 664 251 706 AN·
279 665 309 706 J
315 677 386 706 am
407 678 461 706 ea
481 664 723 718 praeteriit?
786 663 877 704 Do.
901 663 944 704 N
950 676 1030 715 on;
1051 676 1204 705 verum
1225 664 1320 706 haec
1341 665 1382 705 ei
1404 669 1609 706 anteces-

328 733 401 775 sit.
459 731 553 774 AN.
583 732 690 773 Non
710 731 850 785 pudet
1553 733 1610 774 40

153 798 415 842 Vanitatis?
476 800 566 841 Do.
599 798 800 849 Minime,
822 798 927 839 dum
950 799 1008 839 ob
1035 811 1136 839 rem.
1199 799 1290 841 GE.
1323 799 1609 854 Sterquilini-

327 881 415 909 um.
475 867 613 908 PHAE.
644 867 802 917 Dorio,

156 934 282 983 Itane
311 935 487 977 tandem
520 934 664 976 facere
699 935 903 988 oportet?
966 934 1057 975 Do.
1087 933 1163 975 Sic
1202 947 1325 976 sum:
1358 934 1396 976 si
1436 935 1611 989 placeo,

328 1007 466 1046 utere.

156 1069 254 1111 AM.
285 1067 464 1112 Siccine
497 1071 610 1112 hunc
641 1070 849 1124 decipis?
911 1070 999 1111 Do.
1035 1070 1174 1111 Immo
1207 1071 1449 1121 enimvero,
1483 1070 1612 1114 Anti-

338 1138 446 1192 pho,
466 1137 539 1180 hic
558 1151 629 1179 me
648 1138 778 1192 decip

156 1243 218 1284 tui,
231 1244 284 1285 qui
298 1243 358 1275 scit
375 1245 462 1282 dare,
478 1253 537 1275 uon
547 1253 620 1275 vero
629 1244 814 1285 promittere
821 1245 961 1285 frustra,
977 1244 1105 1285 etflere.
1152 1245 1234 1275 Cede
1247 1245 1312 1275 illis
1326 1245 1378 1285 qui
1391 1245 1460 1285 plus
1473 1250 1616 1287 possunt,

159 1297 249 1327 qnam
264 1290 310 1318 tu.
354 1285 426 1318 AN.
454 1286 614 1327 Equidem,
637 1288 666 1318 si
688 1297 744 1326 ego
767 1289 848 1319 satis
868 1290 1022 1327 recordor,
1037 1288 1119 1318 diem
1139 1291 1220 1318 certe
1236 1288 1406 1329 definivisti
1420 1289 1560 1328 antehac,
1575 1293 1615 1321 ad

158 1339 251 1370 quam
267 1330 464 1370 Pamphilam
480 1330 639 1361 Phoedrioe
654 1332 805 1362 traderes.
839 1331 912 1363 Pu.
938 1332 991 1362 Ita
1005 1334 1062 1362 est.
1100 1331 1169 1362 Do.
1194 1331 1279 1361 Num
1293 1340 1349 1369 ego
1363 1330 1507 1372 infitior?
1544 1332 1616 1364 ΑΝ.

160 1372 376 1412 Proeterlapsa
391 1371 463 1405 est?
505 1373 572 1403 Do.
597 1373 682 1411 Non,
698 1374 751 1404 sed
765 1374 831 1404 hoec
847 1375 925 1414 dies,
942 1384 1000 1414 qua
1016 1376 1161 1405 emtor-em
1176 1374 1292 1412 inveni,
1307 1384 1386 1412 eam,
1402 1384 1469 1413 quoe
1483 1375 1616 1419 praefixu

151 1415 236 1453 fuit,
266 1415 449 1455 anticipavit
478 1416 750 1455 repraesentatione
771 1418 918 1456 pecum'oe.
964 1416 1032 1448 ΑΝ.
1057 1418 1131 1447 Non
1155 1418 1271 1456 pudore
1292 1416 1484 1457 suffimderis
1503 1419 1540 1448 de
1563 1428 1616 1449 va-

160 1459 260 1489 nitate
266 1458 349 1499 fidei
362 1461 392 1489 et
404 1458 550 1499 perfidia.
596 1459 665 1489 Do.
690 1459 822 1490 Minime
835 1471 845 1491 .-
869 1461 1030 1490 dummodo
1044 1460 1302 1496 lucrumfaciam.
1347 1459 1413 1490 GE.
1437 1459 1617 1492 Stercorum

159 1499 393 1540 receptaculum.
438 1501 509 1532 PH.
532 1501 623 1532 [tane
637 1502 760 1532 tandem
774 1503 828 1541 agi
843 1504 945 1534 decet?
992 1504 1060 1533 Do.
1083 1502 1137 1533 Sic
1152 1512 1170 1532 α
1185 1506 1298 1533 natura
1323 1506 1516 1541 comparatus
1536 1513 1617 1542 sum,

160 1543 190 1575 si
202 1547 315 1583 gratus
328 1553 408 1584 sum,
423 1553 471 1575 me
485 1547 581 1575 utere.
627 1543 697 1576 ΑΝ.
721 1545 846 1577 Siccine
867 1546 947 1576 hunc
962 1546 1078 1583 fallis?
1122 1546 1192 1577 Do.
1219 1545 1304 1581 Quin
1325 1545 1430 1585 potius
1455 1549 1539 1577 certe
1555 1547 1617 1587 hic,

772 1639 1009 1651 eeeeeeeeeeee

162 1707 269 1735 contra
291 1703 393 1735 omnia
415 1705 490 1743 hoec,
507 1705 640 1745 Repperi
666 1704 706 1736 Z.
754 1705 845 1735 Nunc
859 1708 978 1743 contra,
994 1704 1096 1735 omnia
1119 1705 1183 1735 hoec
1199 1704 1336 1745 Repperi
1357 1705 1436 1745 Bip.
1482 1706 1491 1722 ‘
1509 1705 1621 1737 Abest

163 1747 229 1777 hoec
260 1756 280 1776 a
306 1746 391 1778 GM.
437 1748 590 1778 Necesse
620 1753 673 1778 est
703 1749 774 1779 liaec
801 1747 903 1778 verba
933 1748 1020 1778 serie
1046 1757 1112 1778 una
1141 1747 1342 1778 continuari.
1388 1748 1487 1779 Falso
1515 1749 1620 1788 igitur

166 1790 248 1820 Par.
269 1799 349 1820 iiunc
364 1793 482 1826 contra,
493 1790 596 1821 omnia
610 1790 674 1820 hoec
699 1790 1046 1831 virgulainterposita
1068 1789 1246 1821 distinxit!
1269 1791 1358 1821 Peri.
1404 1791 1449 1821 Et
1465 1791 1545 1822 niliil
1560 1793 1619 1822 ΒΓ.

165 1830 281 1863 Guelf.
296 1835 328 1863 2.
373 1832 462 1862 lbid.
479 1836 510 1863 et
532 1838 611 1863 aitte
637 1843 727 1864 nuuc.
777 1835 817 1864 Et
843 1834 926 1871 niis.
952 1834 1141 1864 Bent.-—3S
1167 1835 1259 1864 Certe
1279 1833 1378 1864 hercle
1399 1834 1428 1864 si
1447 1835 1526 1864 satis
1540 1845 1620 1865 com-

163 1875 302 1914 memini,
319 1874 377 1905 tihi
390 1876 512 1915 quidem
526 1876 599 1906 olim
613 1879 659 1906 est
672 1877 748 1908 aies.
793 1876 911 1915 Aliqui
924 1876 1003 1907 libri
1020 1881 1098 1917 post
1111 1880 1194 1907 certe
1207 1876 1333 1907 liabent
1350 1886 1535 1916 pronomen
1552 1888 1620 1917 ego.

166 1917 265 1948 Rem.
293 1922 329 1948 et
351 1918 432 1949 Bas.
459 1923 495 1949 et
514 1919 568 1949 Vi.
595 1923 673 1958 post
698 1919 819 1954 hercle,⁴
843 1928 927 1960 quos
953 1924 988 1950 et
1012 1919 1206 1960 sequimur:
1230 1929 1306 1960 quae
1324 1929 1405 1950 vero
1431 1926 1621 1960 sequuntur

166 1960 284 2000 verba,
300 1969 415 1991 omnes
436 1965 602 2002 quotquot
628 1966 720 1999 sunt,
747 1967 782 1993 et
799 1962 969 1998 Donatum
986 1962 1036 1992 ita
1062 1962 1234 2000 ordinant,
1251 1962 1310 1992 tibi
1334 1962 1454 2002 quidem
1480 1967 1526 1994 est
1550 1965 1623 1994 olim

165 2002 244 2033 dies.
288 2003 375 2033 Haec
391 2003 603 2035 laborantem
620 2004 829 2035 trochaicum
854 2010 988 2036 sanant.
1013 2005 1070 2035 Fa.
1114 2006 1306 2046 Utrumque
1323 2005 1523 2037 confirmant
1544 2006 1622 2037 libri

167 2044 288 2076 nostri.
311 2046 407 2077 Rem.
445 2047 530 2077 Olim
543 2050 589 2077 est
608 2047 675 2078 dies
691 2048 837 2080 Br.-—39
861 2047 952 2088 Guy.
967 2048 1078 2083 Quoad
1093 2049 1192 2078 dares.
1227 2048 1349 2079 Boend.
1372 2049 1623 2088 praeconsez'tuea.

168 2087 277 2119 Codd.
301 2088 436 2128 quidam
454 2089 527 2120 Non
549 2099 604 2128 ego
626 2090 707 2120 istuc
726 2100 815 2128 nego.
839 2091 945 2122 West.
990 2091 1082 2130 Lege
1105 2100 1148 2121 ex
1166 2091 1324 2122 Petrensi
1347 2096 1485 2122 nostro:
1514 2093 1625 2127 Quoad

167 2132 268 2162 dares.
289 2131 390 2162 Bent.
435 2132 481 2162 Et
496 2133 544 2162 ita
566 2132 729 2163 exhibent
753 2133 853 2164 Both.
869 2133 948 2174 Rip.
972 2133 1067 2164 Peri.
1112 2134 1120 2150 ‘
1138 2133 1266 2165 Nostra
1283 2137 1350 2164 vet.
1375 2143 1451 2165 cnm
1468 2133 1548 2175 figg.
1566 2135 1624 2166 ha·

171 2173 230 2205 bet
249 2174 320 2209 Qua
342 2175 444 2214 dares,
457 2174 528 2205 hinc
554 2175 813 2214 praeconstituta.'
838 2176 917 2216 Bip.
964 2176 1066 2211 Quam
1087 2177 1214 2207 adderes
1240 2177 1299 2208 ΒΓ.
1316 2176 1431 2208 Guelf.
1446 2180 1478 2208 2.
1524 2177 1622 2209 Idem

169 2215 289 2247 Guelf.
315 2217 388 2247 Non
412 2227 473 2258 pro
490 2218 673 2249 Num—40
698 2219 746 2248 M.
773 2219 885 2249 ιΙαηιηε
907 2228 966 2249 ea:
991 2219 1157 2259 quomodo
1181 2223 1216 2250 et
1242 2219 1397 2259 impressi
1414 2219 1550 2259 quidam
1566 2230 1622 2251 ve—

171 2264 273 2290 teres.
319 2259 386 2290 Sed
412 2260 512 2291 aliter
535 2260 658 2300 legisse
689 2261 861 2292 Donatum
886 2265 1042 2301 apparet.
1073 2262 1172 2294 West.
1216 2261 1390 2293 Al.ve1·um
1411 2262 1440 2294 ei
1462 2263 1621 2295 hcm—41

169 2301 398 2340 Stercilinium,
420 2302 533 2333 Dorio.
578 2303 634 2333 Sic
661 2303 757 2334 dedit
782 2304 842 2335 Fa.
864 2313 963 2335 versu
990 2304 1063 2344 ipso
1090 2304 1211 2335 melius
1235 2304 1449 2337 admonente.
1496 2306 1626 2338 Noster

169 2353 303 2385 qnoque
332 2347 406 2376 900.
431 2355 608 2385 annorum,
635 2345 870 2383 Stercilinium3
893 2346 951 2377 sed
977 2348 1180 2378 veterrimus
1207 2346 1428 2379 sterculinum.
1472 2349 1537 2379 Vel
1562 2350 1624 2380 hoc

170 2387 282 2418 retine
299 2388 352 2418 vel
368 2388 587 2419 Stercilinnm:
616 2398 752 2429 semper
768 2390 868 2428 enim,
884 2394 1049 2430 quantum
1065 2400 1107 2421 ex
1122 2394 1232 2421 metro
1248 2391 1384 2429 scimus,
1400 2391 1625 2432 quadrisylla-

170 2429 251 2461 bum
279 2434 344 2461 est.
386 2431 502 2462 Plaut.
531 2432 629 2462 Pers.
646 2440 704 2462 ιιι.
720 2435 751 2462 3.
769 2435 799 2462 3.
844 2434 852 2449 ‘
870 2432 1084 2463 Conmictum
1110 2442 1253 2472 coenum,
1277 2434 1487 2465 stercilinum
1517 2435 1626 2474 publi-

171 2471 271 2504 cum!
315 2472 373 2503 Sic
388 2473 490 2504 habet
506 2479 541 2504 et
565 2475 766 2505 veterrimus
780 2475 942 2506 Varronis
966 2476 1088 2512 codex,
1106 2479 1194 2506 teste
1210 2477 1378 2507 Victorio.
1423 2476 1536 2508 Casin.
1552 2487 1577 2509 1.
1595 2481 1625 2508 1.

171 2517 227 2546 26.
260 2515 269 2532 ‘
285 2516 337 2546 Ex
355 2517 542 2548 sterculino
559 2516 689 2555 effosse,
706 2524 763 2547 tua
780 2518 867 2549 illarc
884 2518 1002 2558 praeda
1015 2519 1057 2549 sit
1070 2519 1090 2549 ?’
1120 2519 1177 2549 Sic
1194 2519 1380 2550 Pandectae
1397 2519 1625 2551 Florentinae:

173 2558 222 2588 sic
255 2557 287 2588 in
314 2560 494 2590 veterrimo
521 2559 666 2590 Palladii
692 2560 812 2591 codice
835 2561 985 2602 repperi.
1030 2561 1241 2592 Glossarium
1265 2566 1375 2601 vetus,
1401 2562 1625 2603 Stoi-calinum,

174 2602 404 2640 κοπροδοχεῖον,
425 2601 544 2643 icon-pia.
588 2602 754 2634 Phaedrus
780 2612 839 2634 ιιι.
859 2606 910 2635 12.
955 2608 962 2620 ¹
988 2603 1029 2634 In
1059 2604 1243 2635 sterculino
1267 2606 1378 2644 pullus
1406 2605 1626 2645 gallinaceus,

173 2645 266 2674 Dum
289 2645 412 2684 quaerit
435 2655 559 2684 escam,
581 2646 800 2686 margaritam
824 2645 1002 2686 repperit?
1025 2647 1121 2678 Reut.
1166 2646 1381 2678 Stercilinium
1399 2648 1459 2679 Br.
1502 2649 1512 2666 ⁶
1537 2648 1627 2679 Scri-

175 2685 322 2716 bendum
338 2687 546 2719 Sterculinum
565 2688 616 2719 vel
632 2688 824 2719 stercilinum
846 2694 884 2719 ut
900 2689 944 2720 sit
968 2689 1278 2729 quadrisyllabum!
1324 2691 1367 2721 R.
1384 2691 1429 2721 D.
1476 2691 1626 2722 Sterculi-

175 2738 247 2758 mcm
259 2729 362 2761 Both.
406 2731 620 2761 Stercilz'nimn
635 2732 806 2762 GM-ass
830 2732 929 2762 Bodi.
946 2736 980 2762 et
998 2732 1040 2763 G.
1057 2733 1185 2771 decepit.
1209 2733 1314 2764 Wcst.
1349 2734 1446 2764 Immo
1462 2735 1628 2771 enimi-ern,

177 2770 327 2811 Antipho,
343 2773 393 2803 liic
415 2784 461 2805 me
485 2774 609 2813 decipit.
655 2774 749 2815 Lege
767 2783 883 2806 versus
910 2775 1033 2816 gratia,
1049 2775 1146 2806 Immo
1162 2775 1313 2808 enimvero
1338 2777 1398 2816 hic,
1416 2777 1565 2817 Antipho,
1581 2787 1627 2808 me

264 2826 377 2866 Delple,
394 2830 422 2858 et
445 2828 516 2858 rar,
531 2827 614 2859 Clas.
842 2828 965 2860 Terent„
1465 2832 1483 2859 3
1508 2830 1539 2861 Q
