1966 3302
498 208 915 242 HEAUTONTJMOR.
946 207 1055 238 Ac'r.
1089 207 1133 237 v.
1165 206 1233 235 So.
1268 204 1310 235 v,
1545 193 1628 235 665

177 311 255 352 So.
287 309 431 351 Gnate
451 308 526 358 mi,
561 320 642 360 ego
673 306 749 360 pol
778 305 860 347 tibi
887 304 1003 346 dabo
1034 302 1157 344 illam
1185 300 1396 355 lepidam,
1429 311 1561 353 quarn
1583 305 1631 341 tu

346 377 476 418 facile
497 389 632 426 ames,

179 447 341 488 Filiam
364 445 660 486 Phanocratae
683 441 836 482 nostri.
896 439 981 482 CL.
1013 438 1234 480 Rufamne
1263 435 1387 476 illam
1408 434 1633 487 virginem,

178 514 391 563 Caesiam,
413 524 571 566 sparso
594 523 685 560 ore,
707 509 881 550 adunco
902 508 1044 548 naso'?
1076 518 1165 546 non
1185 516 1387 558 possum,
1408 508 1546 556 pater.

177 582 265 623 CH.
297 579 440 622 Heia!
469 582 517 620 ut
549 578 731 630 elegans
761 576 851 617 est!
883 573 1034 616 credas
1066 573 1258 614 animum
1290 571 1354 612 ibi
1382 583 1494 611 esse.
1557 570 1633 611 So.

348 648 500 689 Aliam
521 646 651 687 dabo.

178 717 263 759 CL.
295 714 417 766 Quid
438 714 573 755 istic?
606 709 960 766 quandoquidem
982 707 1187 750 ducenda
1203 711 1283 757 est,
1301 709 1473 760 egomet
1489 706 1633 746 habeo

347 781 682 837 propemodum,
1578 774 1635 815 20

179 852 323 903 Quam
354 850 478 892 volo.
539 850 617 890 So.
650 847 780 889 Nunc
809 846 944 888 laudo
973 851 1033 896 te,
1065 849 1210 898 gnate.
1271 843 1356 885 CL.
1393 842 1635 884 Archonidi

348 919 480 973 hujus
499 917 650 958 filiam.

179 991 252 1032 So.
285 987 536 1042 Perplacet.
597 983 683 1026 CL.
715 983 863 1033 Pater,
896 982 980 1023 hoc
1011 994 1124 1022 nunc
1146 982 1296 1022 restat.
1358 977 1447 1019 CH.
1480 977 1632 1028 Quid?

348 1056 435 1098 CL.
468 1055 582 1109 Syro
604 1054 811 1108 ignoscas
833 1052 952 1102 volo,

177 1226 236 1257 So.
266 1225 332 1257 Fili
358 1225 412 1265 mi,
427 1234 483 1265 per
500 1223 669 1262 Pollucem,
693 1222 769 1254 dabo
795 1221 855 1253 tibi
877 1221 1010 1262 puellam
1035 1220 1122 1251 illam
1147 1221 1318 1256 renustam,
1352 1224 1444 1257 quam
1469 1218 1503 1246 tu
1528 1213 1636 1253 cupide

178 1278 274 1307 umeri,
290 1268 398 1310 filiam
417 1268 632 1304 Phunocratae,
647 1266 748 1296 nostri
762 1265 868 1296 cicini.
906 1265 966 1296 CL.
989 1263 1130 1294 Dabz'sne
1145 1262 1231 1292 illam
1243 1261 1376 1301 puellam
1390 1259 1504 1297 rufmn,
1519 1256 1641 1296 glaucis

177 1312 282 1350 oculis,
297 1311 586 1350 leutiginosafncie,
608 1318 682 1339 naso
697 1309 824 1339 incurvo
849 1310 879 1337 et
895 1307 1008 1346 inflexo
1020 1305 1036 1338 ’.7
1050 1317 1066 1336 ο
1081 1309 1180 1346 pater,
1205 1314 1265 1334 uon
1280 1313 1400 1343 possum
1426 1312 1492 1333 eum
1517 1301 1637 1330 (lucere.

181 1355 250 1385 CH.
275 1355 350 1392 Eia,
365 1364 456 1394 quam
475 1355 611 1394 prudens
626 1355 673 1382 est
687 1352 721 1382 in
738 1352 793 1381 hoc
807 1351 926 1381 delectu
937 1349 952 1380 !
990 1349 1098 1381 Facile
1112 1357 1261 1387 agnoscas
1275 1347 1375 1386 ipsum
1390 1347 1430 1376 ad
1445 1346 1522 1375 hunc
1537 1346 1638 1373 artem

178 1398 315 1428 animum
330 1397 488 1436 adjecisse.
525 1398 584 1427 So.
609 1394 701 1426 Dabo
716 1394 811 1424 aliam
827 1393 895 1424 tibi.
934 1393 995 1424 CL.
1022 1392 1086 1428 Qui
1104 1394 1225 1422 tantum
1242 1389 1441 1420 laborandum
1454 1384 1526 1418 est?
1548 1388 1642 1424 certe,

178 1440 323 1480 quoniam
339 1450 458 1471 necesse
473 1442 518 1470 est
535 1449 581 1470 me
594 1447 721 1469 uxorem
737 1438 857 1474 ducere,
872 1446 929 1475 ego
944 1436 1048 1466 inveni
1056 1435 1129 1472 fere
1144 1434 1222 1473 quod
1243 1432 1406 1473 quoeritur.
1453 1430 1512 1462 So.
1532 1429 1560 1459 Ο
1571 1428 1639 1469 fili,

177 1493 259 1513 nuuc
277 1484 366 1514 laudo
383 1487 423 1513 te.
470 1483 530 1513 CL.
557 1482 691 1513 Gratum
706 1479 915 1520 liabeofilium
932 1478 1121 1510 Archonidis
1135 1477 1238 1515 hujus.
1285 1476 1344 1506 So.
1374 1475 1469 1505 Valde
1483 1475 1577 1513 grata
1593 1473 1639 1501 est

179 1526 267 1557 mihi.
317 1527 377 1558 CL.
404 1527 547 1567 Opater,
564 1535 644 1556 nunc
659 1533 752 1555 unum
767 1523 920 1562 reliquum
937 1525 996 1553 est.
1041 1521 1111 1552 Cn.
1139 1520 1296 1555 Quidnam
1309 1519 1415 1549 istud?
1461 1517 1524 1547 CL.
1553 1514 1641 1554 Volo,

787 1644 1032 1658 eeeeeeeeeeee

181 1750 286 1781 Illam.
312 1749 381 1780 Ms.
398 1747 499 1780 Bodl.
516 1748 560 1779 G.
585 1751 620 1778 et
641 1747 690 1778 M.
719 1756 793 1777 cum
817 1744 892 1776 EA.
911 1743 981 1775 ET.
998 1742 1078 1774 EM.
1101 1742 1256 1781 puellam:
1278 1739 1370 1781 quod
1395 1746 1528 1771 versum
1556 1737 1641 1769 facit

179 1802 276 1834 aequo
292 1792 491 1831 longiorem.
536 1790 578 1821 Id
594 1791 750 1821 Erasmus
767 1788 1058 1826 animadvertens,
1075 1786 1179 1817 Gnate
1193 1784 1251 1823 mi,
1268 1783 1420 1814 sustulit.
1444 1782 1539 1813 Glar.
1555 1791 1641 1812 rese-

180 1841 250 1872 cat,
265 1835 319 1866 mi.
337 1835 426 1866 Gov.
443 1839 478 1865 et
494 1834 585 1865 Mur.
602 1833 671 1864 tibi.
717 1832 837 1863 Lectio
853 1841 950 1873 quain
977 1829 1136 1867 exhibeo,
1152 1833 1204 1860 est
1223 1827 1427 1867 optimorum
1451 1825 1614 1856 librorum
1630 1834 1641 1861 ;

180 1880 241 1910 sed
262 1883 298 1909 et
313 1883 458 1909 metrum
477 1883 604 1908 servat.
650 1876 690 1907 In
715 1876 787 1908 ΕΡ.
803 1880 877 1906 est:
900 1873 992 1905 Dabo
1014 1872 1150 1913 puellam
1170 1870 1302 1912 lepidam
1325 1870 1412 1901 illam
1433 1867 1555 1899 caesiam
1577 1868 1641 1897 vir-

177 1923 294 1962 ginem.
319 1922 426 1952 West.
473 1920 582 1951 Recte
598 1919 706 1950 illam.-
730 1918 839 1949 nostri
855 1917 1015 1948 mendose
1030 1916 1174 1956 puellum.
1197 1914 1302 1945 Bent.
1349 1914 1358 1930 ‘
1373 1912 1461 1943 Haec
1478 1911 1641 1942 Sostratae

180 1964 384 2004 attribuunt,
400 1963 461 1995 sed
478 1962 650 1994 Chremeti
673 1962 747 1993 cod.
772 1961 817 2000 A,
840 1959 963 1992 recte.’
989 1958 1085 1990 Both.
1118 1957 1264 1989 Puellam
1290 1956 1350 1987 ΒΥ.
1395 1957 1404 1973 ⁴
1422 1954 1508 1986 GM.
1537 1954 1642 1984 Gnate

180 2008 278 2039 mihi.-
301 2007 351 2039 ita
373 2011 488 2038 tamen
514 2005 693 2046 scriptum,
710 2009 748 2036 ut
774 2003 944 2045 posterior
966 2001 1108 2043 syllaba,
1122 2002 1130 2018 ‘
1145 1999 1201 2031 hi'
1218 1999 1398 2040 pallidiore
1419 2001 1609 2028 atramento
1623 2006 1643 2027 a

180 2051 306 2082 seriore
330 2059 433 2080 manu
460 2048 595 2090 adjecta
609 2049 780 2079 videatur.
805 2047 888 2079 libb.
912 2046 1018 2086 antiq.
1042 2045 1175 2085 puellam
1197 2052 1259 2083 pro
1282 2041 1378 2073 illam.
1415 2040 1497 2071 Par.
1522 2050 1555 2080 p.
1571 2049 1642 2071 var.

181 2092 293 2124 ellam!
316 2092 411 2124 Perl.
433 2091 545 2124 Abest
571 2095 607 2122 tu
624 2090 740 2123 Guelf.
757 2092 873 2122 2.—-17
899 2090 978 2121 Vet.
995 2088 1070 2120 cod.
1095 2097 1151 2127 ap.
1178 2085 1278 2117 Lind.
1301 2086 1389 2116 illam
1410 2084 1641 2123 puellam—20

181 2136 302 2168 Nostri
328 2145 444 2166 omnes
462 2135 546 2170 Quid
571 2133 666 2167 istic?
691 2135 813 2165 Placet
840 2138 967 2173 tamen,
989 2131 1079 2172 quod
1095 2128 1283 2161 Bembinus
1311 2127 1386 2167 dat,
1402 2127 1511 2157 Immo.
1537 2126 1642 2156 Bent.

181 2179 238 2210 Ita
255 2183 290 2209 et
301 2178 427 2209 habent
440 2177 533 2209 Perl.
549 2177 628 2218 Bip.
646 2177 749 2209 Both.
764 2176 819 2217 qui
837 2175 941 2206 etiam
956 2176 1125 2206 ducendum
1146 2172 1242 2213 legit.
1286 2169 1399 2202 Abest
1413 2170 1511 2200 Immo
1527 2167 1644 2200 Guelf.

182 2224 300 2253 3.-21
325 2221 368 2254 G.
389 2222 480 2252 Nunc
504 2221 607 2259 laudo,
630 2223 737 2259 gnate.
781 2220 827 2250 Et
850 2228 940 2258 mox,
957 2216 1154 2249 Archonidis.
1201 2215 1257 2246 Ita
1274 2219 1310 2245 et
1331 2213 1402 2245 ΕΤ.
1426 2218 1461 2243 et
1477 2212 1557 2242 EM.
1576 2212 1643 2242 Ms.

182 2264 276 2305 Lips.
300 2274 368 2296 non
390 2264 546 2303 agnoscit
561 2262 599 2294 τὸ
615 2263 718 2303 hujus.
763 2261 804 2293 In
822 2261 943 2292 Boend.
963 2265 998 2292 et
1021 2260 1095 2291 ΕΡ.
1119 2262 1173 2290 est
1199 2255 1510 2296 Archonidisfilz'am.
1532 2255 1643 2286 West.

181 2307 373 2339 Archonidis
384 2307 502 2349 filiam.
547 2306 644 2337 Idem
673 2306 759 2337 liber
781 2305 911 2346 [Bem.]
936 2302 1111 2335 Archonidi
1129 2300 1259 2341 hujus-f.
1273 2309 1338 2332 nec
1359 2299 1462 2329 aliter
1484 2302 1553 2329 stat
1575 2303 1644 2329 tro-

181 2350 338 2382 chaicus:
362 2356 398 2381 et
423 2351 474 2381 ita
496 2350 598 2381 etiam
624 2349 710 2380 citat
733 2348 929 2379 Priscianus
951 2346 1040 2378 libro
1064 2350 1172 2376 sexto.
1196 2344 1257 2375 Fa.
1302 2342 1499 2375 Priscianus
1519 2350 1552 2380 p.
1568 2343 1644 2372 706.

182 2393 270 2424 citat
284 2393 588 2434 Archonidifiliam:
613 2392 672 2424 sed
688 2401 754 2422 non
773 2390 877 2422 habet
894 2389 1004 2428 hnjus:
1026 2390 1090 2420 hoc
1115 2387 1283 2419 Bembino
1299 2386 1477 2417 debemus.
1523 2383 1644 2414 Nostri

180 2435 350 2467 Arconidis
364 2436 482 2477 filiam.
508 2437 609 2467 Bent.
659 2436 749 2466 Nunc
769 2435 871 2472 laudo,
882 2437 990 2473 gnate.
1036 2432 1136 2471 Vulg.
1152 2431 1226 2461 haec
1243 2434 1280 2462 et
1303 2438 1450 2470 sequens
1472 2428 1482 2444 ‘
1500 2426 1645 2467 Perpla-

181 2478 257 2510 cet’
276 2479 364 2510 male
387 2480 552 2510 Sostratae
578 2478 806 2510 ascribuntur.
850 2476 993 2518 Legitur
1017 2484 1152 2517 quoque
1176 2472 1364 2513 depravate
1387 2470 1570 2508 Archonidi,
1589 2471 1642 2500 vel

181 2522 379 2557 Archonidis,
396 2522 451 2553 vel
477 2521 635 2562 denique,
662 2522 694 2552 in
723 2520 822 2551 Italis
851 2518 1042 2560 praesertim
1069 2516 1371 2555 libris‚Arconidis.
1418 2515 1550 2545 Nomen
1576 2517 1642 2551 est,

181 2566 190 2582 ‘
210 2564 421 2598 Archonidas
435 2564 444 2577 ’
458 2565 512 2595 vel
528 2564 655 2595 Dorice
671 2565 681 2581 ‘
698 2562 927 2603 Archondas,'
942 2560 1140 2602 Ἀρχωνίδας,
1154 2559 1340 2600 Ἀρχώνδας,
1356 2567 1420 2598 quo
1446 2557 1521 2596 plus
1537 2556 1644 2586 semel

181 2608 398 2648 impegerunt
413 2607 556 2639 librarii.
597 2607 680 2637 Vid.
707 2607 894 2637 Valkenar.
924 2606 966 2636 ad
990 2605 1094 2636 schol.
1126 2603 1247 2643 Eurip.
1276 2602 1397 2633 Plioen.
1422 2602 1517 2630 1386.
1542 2599 1643 2630 Both.

183 2652 240 2692 qui
258 2651 364 2682 verba
379 2660 454 2691 sup.
469 2650 576 2682 citata
599 2649 773 2682 Chremeti
791 2648 925 2688 tribuit,
942 2653 978 2679 et
994 2647 1072 2678 inde
1089 2647 1149 2678 dat
1164 2645 1352 2676 Archonidoe
1374 2642 1501 2680 hujusf.
1524 2642 1645 2673 Archo-

183 2693 379 2734 nidisfilz'am
394 2694 453 2725 Br.
479 2693 605 2733 Delph.
643 2691 684 2723 Τὸ
700 2695 730 2723 te
747 2691 846 2723 abest
868 2692 928 2722 ΒΓ.
952 2691 1054 2722 Bent.
1077 2689 1170 2721 Perl.
1187 2688 1226 2719 Z.
1250 2687 1353 2719 Both.
1391 2686 1488 2716 Dant
1510 2684 1589 2724 Bip.
1607 2690 1644 2715 et

186 2736 398 2778 Delph.—22
422 2737 492 2768 Pro
517 2745 598 2769 nunc
622 2735 719 2768 Perl.
745 2733 847 2766 habet
873 2744 978 2766 unum.
1023 2733 1075 2765 M.
1093 2730 1218 2764 Boend.
1249 2736 1285 2762 et
1307 2727 1423 2761 Guelf.
1440 2730 1471 2759 2.
1497 2728 1540 2758 Ut
1563 2727 1644 2768 Syro
