1966 3302
525 245 832 277 PHouuiouls
867 245 978 277 Aer.
1014 246 1079 276 ιν.
1113 245 1180 276 sc.
1215 245 1243 275 i.
1522 235 1607 277 985

154 344 219 384 Te
240 342 344 383 mihi
363 340 536 382 fidelem
556 355 656 383 esse
678 355 823 396 aeque,
847 348 978 396 atque
1000 347 1173 396 egomet
1193 355 1291 384 sum
1311 341 1434 391 mihi,
1551 343 1607 382 15

155 411 357 452 Scibam:
387 409 474 458 ille,
497 409 536 449 si
558 422 625 450 me
645 409 816 451 alienus
840 409 1012 450 affinem
1034 410 1167 458 volet,

153 477 359 526 Tacebit,
382 476 488 516 dum
505 475 740 517 intercedet
758 476 1034 517 familiaritas
1053 489 1064 527 ;

154 545 231 586 Sin
251 544 467 598 spreverit
485 557 569 591 me,
591 544 706 597 plus,
727 557 858 598 quam
882 557 998 598 opus
1020 547 1086 584 est
1108 543 1238 593 scito,
1261 544 1375 584 sciet
1395 557 1405 585 t

153 611 422 666 Vereorque,
443 623 497 652 ne
517 624 633 652 uxor
655 611 804 665 aliqua
823 611 905 652 hoc
928 610 1143 651 resciscat
1163 623 1289 651 mea:

155 679 286 730 Quod
306 680 344 720 si
365 678 427 730 fit,
449 684 499 720 ut
517 692 586 720 me
607 679 846 729 excutiam,
871 683 1005 733 atque
1029 678 1226 732 egrediar
1244 678 1394 728 domo,
1552 678 1609 719 20

150 747 206 789 Id
226 750 384 798 restat3
414 759 516 788 nam
535 760 615 800 ego
634 759 833 788 meorum
851 747 972 788 solus
991 759 1090 787 sum
1111 758 1254 787 meus.

154 815 247 856 DE.
279 814 385 856 Scio
406 814 469 855 ita
488 827 613 865 esse;
642 816 685 854 et
703 814 859 855 isthaec
878 814 985 855 mihi
1006 827 1075 855 res
1098 813 1371 854 solicitudini
1392 818 1461 854 est
1479 827 1489 854 z

155 882 313 935 Neque
334 881 446 922 adeo
467 880 704 923 defetiscar
723 895 919 936 unquam
942 881 1197 935 experirier‚

144 1000 245 1042 fidem
257 1001 335 1032 mihi
355 1006 547 1033 servaturum
570 1011 645 1039 esse,
665 1011 757 1041 quam
777 1006 895 1041 egomet
917 1001 1005 1038 mihi,
1029 1012 1184 1034 noveram.
1229 1002 1288 1033 Ille
1304 1013 1375 1034 vero
1388 1005 1566 1040 extranens,
1582 1001 1611 1032 si

155 1053 254 1075 meam
268 1045 454 1086 affinitatem
466 1049 621 1085 acceptam
632 1045 785 1085 habuerit,
797 1046 956 1076 silentium
971 1045 1142 1076 observabit
1158 1046 1195 1076 de
1209 1046 1329 1085 nuptiis
1343 1045 1419 1076 meis
1433 1055 1501 1076 cum
1518 1045 1609 1075 Lem-

153 1087 208 1117 m'a
221 1096 329 1125 uxore,
344 1090 381 1119 de
401 1098 460 1128 qua
475 1092 549 1119 nata
564 1091 610 1118 est
616 1088 693 1129 filia
709 1088 876 1127 Phanium,
891 1089 964 1118 (lum
981 1088 1190 1128 perseverabit
1213 1093 1296 1119 stare
1311 1088 1519 1119 benevolentia
1530 1100 1539 1118 :
1560 1088 1610 1118 sin

153 1139 202 1160 me
215 1131 401 1170 despexerit,
417 1135 446 1162 et
450 1130 558 1172 filiam
573 1140 669 1161 meam
683 1131 849 1171 repudians
863 1132 1012 1172 affinitati
1033 1132 1268 1169 renuntiaverit,
1282 1132 1337 1161 hoc
1352 1132 1440 1167 scito,
1453 1133 1523 1172 plus
1533 1131 1610 1161 sciet

154 1173 192 1202 (Ie
203 1172 303 1210 rebus,
315 1183 404 1213 quam
414 1174 555 1213 eapediet
569 1174 645 1204 milti
658 1183 725 1204 eum
737 1174 826 1211 scire,
842 1184 878 1204 ae
892 1177 993 1205 metuo
1005 1183 1041 1204 ne
1058 1176 1180 1204 tandem
1195 1183 1274 1205 uxor
1289 1185 1353 1205 mea
1365 1175 1478 1205 certior
1483 1174 1558 1214 fiat,
1574 1174 1611 1203 de

153 1216 370 1246 consuetudine
391 1226 481 1256 quam
507 1216 599 1246 habui
621 1227 689 1247 cum
715 1216 777 1246 alia
805 1226 912 1247 uxore.
960 1218 1050 1252 Quod
1063 1218 1090 1248 si
1112 1217 1237 1255 accidit,
1262 1217 1343 1248 nihil
1363 1218 1446 1248 uliud
1461 1219 1612 1257 superest,

154 1267 245 1296 quam
259 1261 293 1289 ut
309 1258 438 1298 ipsemet
453 1268 499 1289 me
515 1260 680 1289 extrudam
686 1258 791 1297 seras,
806 1263 837 1290 et
852 1262 939 1290 domo
955 1270 1060 1290 exeam
1071 1270 1082 1291 .·
1104 1270 1177 1290 nam
1192 1263 1227 1290 ut
1241 1270 1347 1290 rerum
1363 1261 1462 1291 dicam
1477 1270 1517 1290 ex
1533 1259 1610 1290 meis

153 1301 328 1332 domesticis
342 1301 535 1343 solusfidelis
549 1302 626 1332 mihi
640 1312 720 1339 sum,
734 1312 753 1332 a
768 1312 824 1342 quo
841 1303 1001 1333 consilium
1015 1306 1130 1343 petam.
1156 1303 1226 1334 DE.
1250 1303 1290 1333 Id
1303 1307 1353 1334 sat
1366 1304 1428 1333 scio
1443 1304 1507 1333 laaec
1521 1312 1554 1333 se
1566 1302 1611 1331 ita

153 1342 264 1375 habere
287 1347 323 1376 ut
348 1344 428 1376 dicis
438 1354 451 1382 ,·
473 1348 505 1376 et
527 1345 612 1376 istud
638 1345 715 1376 milti
738 1355 798 1376 non
822 1346 918 1376 levem
941 1356 1046 1376 curam
1068 1349 1098 1377 et
1123 1345 1295 1377 molestiam
1310 1345 1420 1387 affert,
1435 1356 1529 1386 neque
1549 1346 1611 1377 ullo

768 1442 964 1454 OO‘IO‘OOO‘
970 1442 1006 1454 O&

155 1525 176 1546 a
190 1516 264 1548 cod.
283 1516 430 1549 Br.—16
443 1518 563 1550 Nostri
580 1519 743 1556 Sciebam
760 1523 796 1551 et
812 1529 854 1551 ex
872 1519 1038 1551 Bembino
1054 1518 1107 1551 liic
1124 1520 1277 1560 colligas,
1289 1523 1384 1551 recte
1400 1528 1459 1550 nos
1476 1518 1615 1560 fecisse,

155 1560 212 1600 qui
229 1559 262 1590 in
280 1561 405 1591 ceteris
422 1562 518 1600 locis,
532 1562 587 1593 ubi
604 1563 677 1603 ipse
694 1563 879 1594 Bembiuus
897 1563 998 1602 fallit,
1013 1573 1056 1594 ex
1072 1564 1171 1594 metri
1188 1564 1264 1603 lege
1277 1562 1424 1603 syllabas
1438 1563 1611 1594 contraxi-

155 1611 238 1632 mus.
262 1603 359 1634 Bene.
405 1604 547 1635 Sciebam
571 1605 636 1637 Br:
659 1606 744 1637 GM.
771 1606 845 1637 GC.
888 1605 983 1637 Alius
1008 1616 1071 1647 pro
1096 1606 1214 1637 alienus
1236 1605 1351 1637 Guelf.
1367 1608 1484 1637 2.-18
1507 1606 1611 1639 Both.

155 1654 222 1675 non
237 1645 341 1677 habet
355 1645 393 1676 τὸ
408 1650 465 1678 est.
491 1648 581 1685 Plus,
597 1659 687 1688 quam
701 1659 748 1679 me
764 1647 882 1680 Guelf.
897 1652 1015 1680 2.—20
1032 1650 1117 1680 Mss.
1134 1655 1171 1680 et
1187 1649 1271 1680 editi
1287 1648 1422 1690 quidam
1442 1653 1518 1689 post
1534 1649 1608 1681 ΕΡ,

157 1687 248 1722 Quod
272 1689 300 1719 si
324 1689 393 1720 scit.
417 1690 525 1721 West.
573 1691 629 1723 Uti
654 1701 701 1722 me
726 1691 893 1723 excutiam.
929 1692 975 1723 Ο.
993 1693 1013 1724 Ι.
1030 1703 1055 1724 s.
1071 1696 1117 1722 ut.
1140 1693 1198 1723 Fa.
1243 1693 1287 1723 Et
1312 1692 1417 1722 nostri
1434 1700 1550 1722 omnes
1566 1696 1611 1724 ut.

156 1730 261 1762 Beut.
305 1732 395 1767 Quod
409 1732 436 1762 εἰ
450 1732 510 1764 siet
537 1733 596 1764 ΒΥ.
628 1734 637 1750 ‘
652 1734 718 1766 Ms.
737 1734 818 1766 Par.
837 1739 916 1765 tert.
933 1734 1009 1766 sciet
1025 1744 1219 1776 perperam.
1264 1735 1312 1766 At
1339 1744 1402 1775 ego
1428 1735 1559 1765 mallem
1583 1735 1612 1767 si

156 1782 218 1813 per
233 1773 332 1805 codd.
350 1775 481 1815 liceret,
503 1775 563 1807 siet
580 1776 632 1806 vel
648 1777 713 1813 sit,·
735 1777 862 1818 quippe
878 1788 953 1818 quae
968 1778 1176 1818 periphrasis
1194 1782 1282 1808 esset
1299 1778 1426 1809 Nostro
1443 1776 1539 1807 valde
1561 1776 1612 1808 fa·

151 1816 302 1848 miliaris.
337 1818 402 1848 Do.
419 1823 529 1856 notat,
545 1819 695 1860 ‘legitur
710 1825 747 1851 et
762 1820 898 1851 excutiat
911 1820 933 1851 :'
960 1831 1057 1861 quani
1073 1821 1199 1851 variam
1216 1821 1296 1851 lect.
1313 1820 1440 1851 Donati
1465 1820 1612 1852 Schmie-

154 1859 256 1890 derus
273 1858 380 1892 fovet.
424 1861 498 1901 Ego
511 1871 590 1892 non.
635 1863 724 1893 Nam
742 1863 939 1903 conjunctio
961 1864 969 1880 ‘
982 1864 1102 1905 atque’
1118 1864 1405 1894 constructionem
1424 1863 1611 1894 continuat.

153 1902 200 1933 Et
215 1902 295 1934 inde
311 1903 477 1944 sequitur,
497 1908 548 1943 ut,
565 1904 592 1935 si
612 1906 750 1937 excutiat
765 1915 845 1937 vera
861 1910 949 1937 esset
966 1906 1086 1945 lectio,
1108 1907 1292 1938 Terentius
1309 1916 1390 1937 sane
1407 1906 1611 1946 scripsisset,

155 1945 353 1984 pronomine
370 1946 501 1985 addito,
517 1957 574 1986 ego
588 1948 743 1987 egrediar.
770 1950 848 1980 Par.
865 1958 927 1988 pro
940 1959 1010 1981 var.
1025 1950 1186 1981 excrucias
1201 1949 1413 1990 depravate!
1432 1950 1516 1980 Perl.
1543 1948 1612 1981 Scit

155 1987 271 2019 Guelf.
298 1991 415 2019 3.-—21
447 1990 589 2030 Namque
616 1991 810 2022 Idem-22
837 1992 912 2023 ΕΡ.
938 1995 969 2023 et
991 1993 1059 2023 ideo
1081 1993 1168 2023 istaec
1193 2002 1242 2024 res
1264 1992 1341 2023 mihi
1364 1992 1611 2024 sollicitudinem.

154 2030 263 2062 West.
309 2030 396 2062 Scito
420 2032 467 2062 ita
490 2043 565 2071 esse,
589 2037 620 2063 et
645 2034 712 2065 ideo
737 2034 825 2065 istaec
850 2035 994 2066 Bra-23
1021 2036 1129 2077 Neque
1143 2037 1217 2067 adeo
1232 2035 1398 2073 defetiscar
1413 2045 1544 2075 unquam
1557 2044 1611 2065 ea·

152 2073 295 2114 peririer.
332 2074 420 2105 Haec
446 2074 539 2106 Libri
564 2076 720 2107 Bembini
745 2078 848 2108 lectio
875 2082 950 2116 est3
972 2088 1048 2119 quae
1066 2078 1159 2110 varie
1176 2079 1356 2109 exhibetur
1373 2079 1405 2108 in
1422 2078 1507 2109 Mss.
1523 2078 1611 2109 aliis.

155 2116 340 2148 Leidenses
364 2117 523 2158 quinque,
545 2119 601 2150 Tr.
618 2119 663 2150 G.
687 2120 793 2160 Neque
808 2120 974 2158 defetiscar
994 2131 1127 2162 unquam
1148 2131 1205 2160 ego
1230 2122 1412 2161 experirier.
1457 2120 1610 2152 Eandem

153 2159 335 2190 lectionem
353 2160 470 2191 laudat
486 2161 576 2200 Gny.
594 2171 637 2192 ex
652 2161 735 2193 Cod.
748 2164 866 2203 Regio,
881 2168 916 2194 et
932 2164 1120 2196 Quadrato.
1137 2169 1258 2205 estque
1271 2165 1304 2194 in
1321 2164 1399 2195 edd.
1415 2164 1512 2196 Junt.
1532 2163 1610 2195 Ald.

154 2200 412 2243 Antverpiensi,
429 2204 506 2234 anni
525 2206 620 2235 1546.
643 2204 864 2243 pictaviensi,
880 2211 914 2236 et
931 2206 981 2236 St.
1000 2207 1062 2236 nisi
1080 2207 1169 2248 quod
1187 2207 1317 2247 priores
1336 2207 1424 2238 binae
1442 2205 1618 2244 defeciscat*-

153 2245 286 2284 legunt.
331 2246 399 2276 Ms.
426 2246 546 2277 Boend.
576 2247 685 2287 Neque
711 2249 874 2286 defetiscar
896 2258 953 2287 ego
968 2259 1101 2289 uuquam
1115 2251 1190 2280 adeo
1203 2250 1384 2290 experirier.
1430 2249 1545 2290 Atque
1562 2249 1612 2280 ita

157 2288 229 2319 EA.
246 2288 306 2319 sed
322 2288 650 2330 lege¹15‚‹1eficisca1·:
672 2299 782 2331 neque
810 2292 910 2322 aliter
926 2293 1083 2332 Venetae,
1109 2302 1184 2323 cum
1212 2292 1295 2332 Arg.
1319 2298 1354 2323 et
1376 2292 1462 2323 aliis.
1507 2292 1612 2323 Bodl.

156 2331 265 2370 Neque
280 2331 444 2369 defetiscar
460 2333 528 2362 ideo
543 2333 666 2371 inquam
681 2343 737 2371 ego
752 2334 934 2374 experirier.
982 2335 1063 2365 Wit.
1091 2336 1158 2366 Nec
1182 2335 1347 2372 defetiscar
1366 2345 1521 2375 uunquam
1537 2336 1611 2365 adea

155 2374 339 2412 experirier.
385 2374 470 2413 Eug.
496 2380 532 2405 et
559 2375 818 2407 Gambareuus:
845 2377 954 2417 Neque
979 2378 1142 2416 defetiscar
1166 2388 1300 2418 unquam
1326 2379 1400 2409 adeo
1426 2378 1610 2418 experirier.

156 2415 286 2455 Rivius,
314 2416 422 2456 Neque
446 2417 610 2455 defetiscar
623 2428 716 2460 nsque
729 2420 804 2450 adeo
817 2420 1002 2460 experirier.
1048 2421 1224 2453 Quomodo
1242 2422 1327 2452 citat
1342 2421 1537 2452 Priscianus
1553 2421 1611 2453 lib.

155 2467 193 2489 x.
208 2463 245 2490 et
268 2467 377 2490 xvul.
393 2469 580 2500 exponens,
595 2461 666 2491 οὔτε
689 2461 897 2501 ἐξατονήσοιμι
913 2461 962 2494 ἄν.
1007 2463 1124 2495 Lectio
1141 2468 1255 2494 autem
1281 2465 1365 2495 Mss.
1391 2463 1609 2494 Leidensium

154 2501 301 2541 genuina
323 2501 472 2542 videtur,
498 2503 530 2533 in
547 2513 613 2544 qua
628 2503 665 2534 τὸ
688 2514 745 2544 ego
769 2510 845 2545 post
860 2516 993 2546 unquam
1008 2507 1206 2538 collocatur.
1222 2506 1259 2537 τὸ
1273 2508 1348 2537 adeo
1366 2511 1478 2537 autem
1497 2506 1549 2536 vel
1566 2506 1610 2537 ob

155 2545 408 2576 inconstantem
424 2545 539 2576 sedem
556 2552 748 2586 suspectum
766 2547 911 2580 videtur.
957 2548 997 2579 In
1021 2549 1222 2590 quibusdam
1239 2549 1346 2580 Codd.
1369 2549 1540 2587 defatiscar
1563 2549 1610 2579 le-

155 2587 258 2627 gitur.
287 2588 390 2619 West.
436 2588 545 2629 Neque
569 2589 734 2627 affeciscar
749 2600 842 2631 usqae
858 2601 914 2630 ego
928 2592 1110 2632 experirier.
1153 2592 1308 2623 Maxima
1323 2592 1458 2633 quidem
1475 2601 1555 2631 pars
1572 2592 1611 2622 li-

155 2630 292 2662 brorum
308 2631 354 2661 ita
371 2629 483 2670 habet,
506 2635 544 2662 ut
568 2631 602 2662 in
625 2632 771 2663 lectione
792 2634 927 2674 vulgata
942 2645 950 2673 ;
974 2634 1033 2665 sed
1051 2634 1234 2666 Bembinus
1249 2636 1309 2673 ita,
1326 2636 1430 2675 Neque
1443 2637 1518 2666 adeo
1534 2634 1610 2675 defi-

155 2673 252 2703 tiscar
264 2682 398 2714 unquam
412 2674 596 2714 experirier,
621 2675 708 2715 qnod
725 2680 815 2707 stare
833 2686 899 2707 non
915 2682 1042 2716 potest,
1056 2677 1118 2708 nisi
1134 2676 1171 2707 τὸ
1186 2679 1260 2708 adeo
1276 2678 1464 2718 penultima
1479 2678 1523 2710 sit
1539 2677 1610 2708 dic·

155 2716 206 2746 tio
221 2715 321 2756 hujus
338 2725 479 2747 versus:
506 2717 787 2757 quemadmodum
803 2723 838 2750 et
855 2720 888 2749 in
905 2720 990 2750 libro
1006 2720 1158 2751 Terentii
1176 2721 1304 2760 scripto
1321 2721 1433 2751 iuveni
1452 2730 1525 2754 eam
1541 2721 1609 2751 col-

155 2758 314 2796 locatam,
339 2762 374 2790 et
400 2758 489 2799 apud
506 2759 718 2791 Priscianum
741 2761 827 2792 libro
844 2762 974 2793 decimo
990 2762 1078 2793 hunc
1095 2763 1206 2793 locum
1225 2763 1409 2795 citantem:
1435 2764 1485 2796 ita
1506 2764 1609 2799 etiam

156 2800 284 2833 Paulus
298 2802 475 2834 Manutius
491 2802 686 2845 impressit:
710 2813 770 2836 nos
789 2809 902 2836 tamen
914 2805 1096 2838 lectionem
1112 2805 1192 2838 libri
1208 2806 1381 2849 Bembini,
1397 2810 1434 2838 ut
1446 2807 1608 2848 antiquis-
