1966 3302
518 191 867 225 ADELPHORUM
901 190 1010 220 Aer.
1043 190 1087 218 v.
1119 188 1188 217 sc.
1223 186 1294 216 ix.
1545 172 1630 214 791

180 294 380 334 Scortum
402 290 631 339 adducere,
654 300 871 342 apparare
892 285 1037 337 dgslie
1060 283 1336 347 conQum:

183 361 286 402 Non
308 359 544 401 mediocris
566 357 754 398 hominis
779 358 875 397 haec
907 359 1006 395 sunt
1037 352 1196 394 officia.
1250 343 1340 391 ¹SY.
1372 347 1411 388 Ο
1433 346 1633 401 lepidum

355 441 407 469 ca
443 426 509 467 ut!

183 497 274 538 DE.
306 441 551 544 Postlzemo,
571 493 716 542 hodie,
747 492 793 532 in
814 491 1001 544 psaltria
1026 491 1111 530 hac
1133 486 1335 535 emunda,
1369 484 1439 526 hic
1461 482 1636 537 adJutor

354 563 451 612 fuit,
1582 550 1636 591 10

187 631 279 672 Hic
301 631 501 672 curavit:
533 628 744 682 prodesse
767 639 939 680 aequom
962 624 1041 666 'stt
1073 624 1149 665 alii
1169 622 1376 663 meliores
1397 624 1549 662 erunt:

184 699 391 752 Denique
420 698 489 738 hic
522 696 616 737 volt
651 694 756 735 fieri.
818 693 903 734 M1.
934 691 1040 733 Vin'
1062 698 1105 733 tu
1127 691 1209 732 hoc
1230 690 1357 730 fieri?
1419 688 1520 729 AEs.
1551 685 1638 727 Cu-

357 767 449 818 pio.
510 764 595 804 Mr.
627 763 675 803 Si
698 760 878 815 quidem

185 834 256 876 Tu
291 835 376 883 vis,
411 833 534 887 Syre,
566 831 672 873 eho!
706 830 869 871 accede
905 830 988 870 huc
1023 828 1076 869 ad
1114 841 1208 868 me:
1241 827 1349 867 liber
1384 829 1495 865 esto.
1558 822 1639 864 ΞΥ.

361 901 480 942 Bene
500 900 621 941 facis.

190 970 406 1012 Omnibus
428 969 608 1021 gratiam
630 967 802 1016 habe03
824 968 868 1006 et
883 976 1085 1005 seorsum
1109 963 1188 1003 tibi
1212 966 1441 1016 praeterea,
1456 959 1641 1000 Demea.

190 1039 282 1080 DE.
313 1036 512 1079 Gaudeo.
575 1035 675 1075 AEs.
707 1034 762 1075 Et
781 1046 874 1086 ege.
894 1021 1018 1073 Ἦ.
1051 1030 1220 1072 Credo:
1251 1030 1417 1070 utinam
1439 1027 1524 1068 hoc
1545 1039 1643 1082 per-

363 1109 537 1160 petuum
560 1103 637 1144 fiat
658 1101 882 1155 gaudium,
1588 1094 1645 1134 15

191 1175 425 1230 Phrygiam
444 1178 490 1214 ut
510 1184 697 1213 uxorem
717 1182 860 1210 meam
880 1181 968 1208 una
987 1180 1158 1208 meeum
1182 1165 1358 1207 videam
1380 1163 1583 1204 liberam.

190 1243 280 1284 DE.
312 1241 552 1295 Optumam
576 1238 753 1293 quidem
773 1237 1012 1277 mulierem.
1074 1234 1158 1275 ΞΥ.
1189 1234 1247 1274 Et
1270 1232 1447 1286 quidem
1468 1236 1544 1272 tuo
1566 1242 1643 1270 ne-

365 1309 475 1363 poti,
496 1309 625 1362 hujus
641 1306 751 1356 filio,
985 1300 987 1302 ’

190 1432 290 1455 emere
301 1425 332 1453 et
350 1420 492 1452 condire.-
515 1419 704 1450 meren-icem
718 1418 758 1447 ad
772 1417 840 1447 illos
845 1415 987 1456 fideliter
1002 1415 1162 1452 deducere,
1178 1412 1350 1444 convivium
1364 1412 1402 1441 de
1416 1409 1515 1441 medio
1531 1409 1581 1440 die
1595 1417 1648 1448 ap-

189 1476 313 1508 parare.
339 1465 413 1495 Non.
428 1463 561 1502 cujusvis
577 1460 719 1496 hominis,
731 1464 785 1490 aut
799 1460 872 1489 vilis
883 1459 964 1489 serr-z·
977 1458 1024 1489 hae
1038 1461 1107 1488 sunt
1121 1466 1229 1497 operte.
1253 1457 1314 1486 ΒΥ.
1345 1454 1374 1484 O
1381 1453 1533 1492 festivum
1547 1451 1649 1482 virum

193 1513 286 1550 atque
309 1507 458 1539 urbanum
471 1506 487 1538 Ι
530 1507 598 1537 ΒΕ.
623 1504 765 1543 Denique
781 1503 966 1534 AEschz'mmz
980 1503 1014 1531 in
1035 1501 1160 1531 emenda
1183 1500 1240 1530 hac
1256 1498 1391 1540 fidicina
1407 1496 1540 1535 adjuvit,
1558 1498 1649 1535 atque

196 1553 337 1583 hortatus
351 1553 398 1581 est
409 1561 419 1580 .-
447 1550 517 1580 huic
534 1546 708 1585 benefacere
716 1546 839 1585 justum
856 1548 923 1575 est.-
946 1544 1004 1575 alz'i
1020 1545 1101 1575 servi
1116 1543 1154 1573 ab
1174 1542 1229 1573 hoc
1244 1541 1381 1581 exemplo
1395 1539 1551 1580 probiores
1556 1537 1653 1578 fient.

197 1595 342 1634 Denique
367 1593 534 1624 AEschinus
557 1591 637 1631 cupit
654 1591 708 1620 hoc
716 1589 804 1632 fieri.
850 1588 915 1618 Mr.
938 1587 1101 1625 [Eschine,
1116 1587 1202 1616 visne
1217 1589 1253 1615 tu
1268 1583 1430 1625 hocfieri?
1452 1582 1522 1613 AEs.
1543 1580 1654 1620 Cupio.

194 1638 263 1668 ΜΙ.
287 1637 446 1677 Siquidem
473 1639 506 1666 tu
533 1634 697 1670 consentis,
719 1633 787 1670 eho,
814 1631 904 1672 Syr-e,
929 1632 1038 1661 accede
1061 1630 1189 1670 propius
1204 1628 1243 1659 ad
1259 1637 1323 1658 me.-
1347 1625 1442 1657 Liber
1468 1628 1544 1656 esto.
1588 1624 1651 1654 SY.

197 1680 390 1717 Benesacz'S,
406 1682 441 1710 ut
457 1679 564 1709 bonam
579 1677 684 1707 herum
702 1677 797 1706 decet.
844 1674 995 1704 Omnibus
1014 1673 1156 1709 gratiam
1178 1671 1273 1702 habeo
1286 1682 1295 1700 .·
1319 1680 1355 1700 ac
1368 1671 1487 1709 praeter
1495 1677 1531 1699 ea
1546 1666 1652 1705 singu-

199 1725 294 1754 larem
315 1722 388 1761 tibi,
408 1723 532 1753 Demea.
577 1720 644 1750 DE.
671 1719 710 1748 111
734 1718 863 1757 gaudeo.
909 1717 977 1747 AEs.
1003 1717 1047 1746 Et
1073 1726 1139 1755 ego.
1186 1715 1247 1746 sy.
1279 1714 1391 1749 Credo,
1406 1721 1474 1751 quoe
1488 1714 1534 1741 est
1549 1713 1653 1740 vestra

195 1766 382 1805 benignitas.
431 1764 561 1795 Utinam
598 1763 682 1792 istud
718 1761 870 1800 gaudium
906 1759 966 1790 Dii
1001 1761 1180 1799 perpetuent
1216 1757 1328 1796 absque
1357 1756 1423 1786 ulla
1452 1752 1655 1792 aegritudine,

195 1813 232 1840 ut
258 1809 374 1850 possim
405 1807 508 1838 videre
539 1806 712 1846 Phrygiam
741 1813 839 1834 meam
861 1812 988 1833 uxorem
1014 1802 1106 1832 simul
1130 1810 1245 1831 mecum
1272 1800 1410 1830 liberam.
1456 1798 1528 1828 DE.
1560 1795 1654 1835 Opti-

195 1862 277 1883 mam
305 1855 388 1883 certe
403 1849 578 1888 foeminam.
623 1849 687 1879 ὃν.
712 1848 755 1878 Et
780 1846 900 1886 quidem
923 1849 975 1876 tuo
1004 1845 1120 1885 nepoti,
1149 1843 1293 1874 AEschz'ni
1315 1841 1400 1884 filio,
1425 1840 1543 1871 scilicet
1565 1838 1654 1869 hodie

805 1929 822 1940 ο
827 1929 1046 1942 eeeeneeeeve

199 2007 306 2044 guunt
321 2003 422 2034 Bent.
440 2001 544 2033 Both.
562 2000 653 2032 Pei-1.
669 2000 747 2039 Rip.
764 1999 803 2030 Z.
839 1998 881 2030 Τὸ
897 1999 962 2030 hoec
977 1997 1075 2028 abest
1090 1995 1282 2037 Delph.--8
1306 1994 1364 2025 Br.
1376 1993 1535 2024 abducere.
1569 1991 1579 2008 ‘
1598 1990 1657 2022 Al.

197 2049 236 2079 de
251 2047 302 2078 die
316 2047 350 2077 in
365 2044 470 2078 diem?
494 2044 675 2075 Per1.—1o
699 2043 738 2073 In
758 2042 891 2083 psaltria
911 2041 974 2072 ista
1002 2041 1142 2071 emunda.
1187 2037 1303 2078 Aliqui
1331 2036 1407 2068 libri
1424 2035 1552 2066 habent
1565 2033 1658 2073 istac,

200 2090 260 2122 sed
276 2089 442 2130 impedita
457 2092 512 2118 est
527 2086 614 2117 ratio
632 2096 767 2117 versus:
793 2085 910 2126 aliqui,
925 2089 961 2115 et
975 2084 1010 2114 hi
1027 2093 1069 2114 ex
1087 2080 1348 2122 antiquioribus,
1362 2080 1430 2118 hac,
1442 2077 1533 2120 quod
1550 2078 1657 2118 magis

199 2134 326 2173 placet.
350 2132 411 2162 Fa.
458 2131 577 2161 Nostri
594 2138 708 2160 omnes
722 2129 811 2159 istac.
855 2128 948 2168 Lege
963 2127 1039 2165 ista,
1052 2135 1117 2156 non
1133 2125 1200 2156 hac.
1223 2124 1326 2155 Bent.
1364 2122 1450 2153 Istae
1466 2122 1526 2153 ΒΓ.
1543 2119 1658 2152 Guelf.

198 2179 232 2208 3.
277 2175 345 2207 Ista
360 2172 475 2206 Guelf.
491 2176 523 2204 2.
561 2172 664 2204 Both.
681 2172 760 2212 Bip.
779 2171 992 2212 Delph.—ll
1018 2168 1111 2201 Libri
1134 2167 1270 2209 quidam
1299 2166 1437 2206 legunt:
1462 2164 1564 2195 omnia
1586 2173 1659 2204 pro-

199 2221 296 2251 desse.
326 2218 523 2248 West.—14
552 2214 667 2247 Guelf.
694 2217 726 2245 2.
758 2214 849 2245 habeo
885 2213 1017 2244 vitiose.
1047 2211 1228 2243 Perl.—l5
1262 2209 1364 2250 Vulg.
1395 2210 1497 2246 credo,
1525 2206 1656 2245 utinam,

199 2262 299 2293 nimis
318 2260 467 2292 inficete.
505 2259 602 2289 Both.
618 2258 675 2299 qui
692 2258 766 2298 ipse
781 2257 840 2289 dat
863 2257 948 2294 cedo,
961 2256 1010 2286 nti
1023 2254 1191 2293 jam—16
1213 2253 1280 2284 Ms.
1298 2252 1389 2292 Lips.
1406 2257 1440 2282 et
1459 2249 1581 2281 Boend.
1597 2259 1659 2280 una

197 2305 338 2336 videam.-
362 2303 486 2335 omisso
502 2311 629 2333 mecam.
645 2301 755 2333 West.
797 2300 855 2331 Ita
872 2305 907 2331 et
922 2300 982 2330 Br.
998 2298 1055 2339 qui
1069 2298 1173 2329 etiam
1192 2296 1337 2336 Frigiam
1353 2294 1484 2326 scribit.
1515 2292 1659 2324 Bothius

199 2347 304 2379 habet
330 2346 399 2378 sic:
428 2345 604 2386 Phrygiam
626 2347 659 2375 ut
684 2354 744 2374 una
760 2353 877 2374 mecum
902 2342 1022 2373 videam
1052 2341 1192 2378 liberam,
1207 2348 1335 2370 uxorem
1360 2347 1470 2370 meam.
1513 2335 1554 2366 Τὸ
1574 2336 1658 2366 utin

201 2391 327 2432 Delph.
344 2389 458 2421 versui
474 2387 686 2430 praecedenti
713 2386 872 2418 additur:
897 2391 932 2416 et
946 2384 984 2415 τὺ
1006 2387 1160 2425 optumam
1183 2393 1226 2414 ex
1242 2392 1288 2414 vs.
1304 2380 1462 2423 sequenti
1488 2379 1531 2411 ud
1558 2377 1660 2409 finem

859 2477 1000 2509 NOTAE

243 2549 264 2578 8
285 2546 449 2586 Apparare
477 2545 514 2575 de
543 2543 593 2575 die
619 2542 807 2582 convivium]
847 2543 901 2573 De
957 2539 1183 2572 Macedonem
1206 2537 1416 2580 uotat‚quod
1433 2536 1476 2568 de
1502 2536 1559 2568 die
1580 2546 1658 2568 con-

204 2597 259 2629 die
275 2596 420 2638 epulari,
434 2600 494 2627 aut
516 2600 648 2636 potare,
661 2604 796 2635 semper
813 2592 902 2634 apud
959 2592 1049 2623 vivia
1072 2591 1199 2628 iniret3
1223 2596 1260 2621 et
1287 2590 1403 2622 Livius
1421 2590 1554 2627 Poenos,
1569 2588 1660 2629 quod

203 2648 362 2690 antiquos
379 2647 520 2680 Graecos
535 2650 572 2677 et
589 2645 762 2676 Romanos
787 2644 903 2689 dutum
960 2641 1003 2673 de
1029 2641 1084 2673 die
1107 2642 1340 2682 epularentur.
1387 2641 1432 2672 Et
1456 2640 1500 2671 ab
1527 2640 1662 2681 Hippo-

202 2699 286 2730 vitio
300 2697 380 2737 fuit,
396 2702 435 2729 ut
458 2696 730 2737 intemperantiae
748 2700 781 2726 et
807 2695 905 2724 luxus
961 2692 1065 2723 cratis
1092 2701 1197 2732 usque
1221 2690 1431 2731 temporibus
1459 2700 1555 2722 rarus
1581 2691 1661 2722 olim

202 2755 456 2791 argumentum:
472 2748 521 2780 ita
530 2746 665 2780 Curtius
676 2744 907 2778 Alexandnnn
962 2742 1027 2774 fuit
1045 2742 1260 2784 prandiorum
1277 2750 1366 2773 usus,
