1966 3302
317 188 405 231 864
814 196 855 228 P.
886 193 1130 226 TEREN'ru
1165 196 1282 227 Ami

317 293 425 344 Sed,
444 296 494 334 ut
515 292 620 333 olim
642 294 686 332 te
702 290 949 341 ostendisti,
979 290 1134 332 eadem
1168 304 1283 342 esse,
1314 289 1421 332 nihil
1443 289 1676 333 cessavisti
1695 302 1772 333 us·

523 372 575 400 ue
597 358 756 408 adhuc,

315 431 379 474 Ut
396 374 531 471 fiiiagi
552 427 608 468 ab
629 439 683 467 eo
708 425 979 478 abduceres;
1011 437 1110 475 neu,
1146 423 1270 478 quod
1302 437 1383 477 ego
1414 425 1619 478 egissem,
1651 429 1769 469 esset

487 500 649 536 ratum.
1717 493 1775 535 30

313 567 368 610 Id
387 577 497 606 nunc
518 574 589 603 res
609 561 825 602 indicium
844 560 940 602 haec
962 559 1086 609 facit,
1109 573 1195 613 quo
1217 563 1354 612 pacto
1374 558 1541 600 factum
1563 560 1772 602 volueris.

318 634 459 676 MYR.
490 627 665 672 Adeon'
685 641 756 670 me
778 641 878 670 esse
899 628 1174 682 pervicacem
1196 640 1368 678 censeS,
1391 628 1463 668 cui
1479 631 1620 668 mater
1642 628 1765 678 siem,

324 703 387 745 Ut
406 714 461 744 eo
483 710 630 741 essem
651 697 816 748 animo,
851 697 891 738 si
924 709 982 737 ex
1016 709 1101 736 usu
1139 698 1254 737 esset
1273 698 1420 736 nostro
1440 695 1526 736 hoc
1546 695 1772 738 matrimo-

491 767 609 807 nium
623 766 642 806 'i

321 838 468 880 PHID.
498 831 612 875 Tun'
633 832 902 887 prospicere,
938 836 1015 874 aut
1039 830 1244 886 judicare
1263 835 1460 872 nostram
1476 830 1521 872 in
1537 843 1626 872 rem
1647 828 1762 884 quod

492 902 565 951 sit,
587 900 752 955 potes?

319 970 500 1015 Audisti
523 981 582 1011 ex
603 968 752 1022 aliquo
775 966 977 1017 fortasse,
997 966 1074 1021 qui
1097 965 1263 1007 vidisse
1284 977 1382 1005 eum
1406 963 1573 1005 diceret
1717 963 1777 1006 35

316 1100 386 1132 odio
401 1100 541 1133 habebit:
562 1101 617 1132 sed
634 1104 667 1132 ut
683 1099 757 1130 olim
770 1102 801 1131 te
814 1096 991 1139 praebuisti,
1006 1106 1161 1137 nunquam
1182 1093 1336 1127 destitisti
1357 1095 1485 1125 eandem
1505 1096 1537 1125 te
1559 1093 1709 1134 praebere,
1723 1094 1777 1124 ad-

317 1144 488 1175 versariam
511 1144 661 1175 nimirum
685 1143 757 1174 huic
787 1141 1000 1178 matrimonio,
1025 1143 1062 1170 ut
1085 1139 1302 1170 Philumenam
1331 1147 1351 1168 a
1380 1135 1547 1178 Pamphilo
1576 1135 1778 1172 distraheres,

316 1196 402 1226 neve,
419 1188 498 1227 quod
513 1187 661 1225 egissem,
676 1188 755 1216 esset
768 1185 902 1225 firmum
916 1187 947 1214 et
968 1182 1091 1214 stabile.
1137 1182 1176 1212 Id
1190 1191 1271 1217 nunc
1287 1181 1352 1211 hoec
1366 1189 1416 1211 res
1430 1179 1554 1210 omnino
1576 1178 1778 1217 manifestum

308 1229 408 1268 facit,
423 1240 491 1261 cum
504 1232 630 1271 partum
636 1228 719 1269 filiae
733 1237 789 1259 nos
803 1237 906 1258 omnes
920 1226 1079 1265 celaveris,
1093 1235 1151 1265 quo
1167 1225 1254 1255 modo
1269 1223 1324 1254 has
1338 1222 1476 1262 nuptias,
1490 1231 1567 1262 quas
1573 1221 1652 1262 feci,
1664 1224 1777 1261 gratas

317 1271 470 1304 habueris.
515 1273 593 1303 ΜΥ.
616 1271 744 1302 Adeone
759 1280 806 1301 me
820 1273 1030 1300 contumacem
1050 1278 1116 1299 esse
1133 1277 1248 1304 censes,
1270 1269 1307 1297 ut
1327 1275 1394 1296 eum
1416 1265 1553 1296 animum
1568 1263 1708 1295 haberem
1723 1265 1777 1294 ad·

316 1325 425 1347 versus
440 1325 520 1353 eam,
535 1315 585 1346 cui
601 1318 702 1346 mater·
716 1313 787 1352 sim,
802 1313 830 1343 si
844 1313 899 1343 hoc
915 1311 1145 1342 matrimonium
1159 1311 1192 1340 z'n
1208 1309 1379 1341 utilitatem
1394 1307 1658 1349 nostramficret?
1703 1306 1774 1337 Pu.

323 1357 409 1390 Tune
420 1359 595 1400 providere,
610 1361 665 1389 aut
679 1356 830 1388 arbitrari
842 1358 941 1396 potes,
957 1354 1032 1395 quid
1046 1354 1137 1385 rebus
1148 1352 1265 1384 nostris
1278 1348 1456 1383 conducat?
1478 1349 1628 1391 accepisti
1636 1348 1725 1388 forle
1740 1348 1779 1380 ab

929 1447 1166 1461 OOO‘OOOOOOOO

321 1521 356 1550 tu
371 1517 460 1549 illum
471 1516 547 1548 scivi
564 1515 750 1548 Bous—27
777 1515 948 1555 Nunquam
972 1514 1084 1546 vitium
1110 1512 1297 1544 Boot—28
1321 1511 1389 1542 Vel
1413 1510 1503 1551 lege,
1531 1509 1614 1541 Nam
1631 1509 1664 1540 id
1690 1509 1780 1540 inna-

322 1564 431 1598 tumst,
449 1566 487 1591 ut
510 1559 719 1591 Trochaicus
744 1558 788 1589 sit
810 1567 887 1589 cum
906 1557 1204 1598 praecedentibus3
1238 1556 1291 1585 vel
1315 1555 1401 1585 Nam
1415 1554 1449 1584 id
1462 1552 1601 1584 omnibus
1614 1552 1779 1588 innatum,-

321 1609 360 1635 ut
377 1603 547 1635 Iambicus
565 1603 609 1633 sit
624 1611 701 1634 cum
727 1601 958 1641 sequentibus.
1003 1600 1113 1631 Porro
1139 1599 1247 1630 nestri
1274 1607 1402 1634 omnes,
1418 1596 1519 1627 aderit
1545 1599 1676 1636 tempus,
1699 1603 1781 1631 cum,

322 1647 415 1679 Quid
442 1647 469 1677 si
496 1646 544 1676 sic
570 1646 673 1685 legas,
689 1647 724 1675 et
750 1643 952 1684 distinguas,
981 1642 1095 1674 Verum
1119 1642 1153 1673 id
1180 1641 1291 1672 uitium
1305 1648 1469 1679 numquam
1483 1638 1607 1670 decrevi
1621 1647 1687 1668 esse
1701 1647 1781 1676 ega:

320 1691 535 1721 adulescentia>
551 1688 698 1719 Innatum
714 1690 779 1718 est.-
811 1689 845 1717 at
866 1687 918 1727 pol
935 1685 1006 1724 jam
1030 1687 1132 1717 aderit
1148 1689 1278 1724 tempus,
1293 1693 1326 1714 se
1347 1691 1464 1723 quoque
1479 1682 1573 1712 etiam
1586 1690 1656 1712 cum
1669 1679 1782 1713 oderit.-

320 1732 379 1764 Sic
396 1732 539 1763 Plautus
557 1731 684 1761 Bacch.
700 1739 757 1761 111.
772 1732 805 1760 3.
822 1732 873 1760 14.
895 1731 904 1745 ‘
922 1729 999 1761 Jam
1023 1727 1135 1759 aderit
1151 1732 1298 1767 tempus,
1312 1735 1389 1757 cum
1403 1734 1476 1756 sese
1492 1724 1595 1756 etiam
1611 1724 1684 1763 ipse
1702 1722 1782 1754 ode-

322 1775 387 1806 rit:
414 1784 541 1805 morem
559 1773 678 1813 geras!
734 1772 854 1812 Virgil.
882 1772 1000 1811 Eclog.
1026 1780 1077 1802 lv.
1102 1771 1112 1787 ‘
1129 1769 1329 1811 Aggredere
1352 1778 1372 1799 o
1399 1776 1551 1806 magnos,
1575 1766 1686 1797 aderit
1706 1765 1781 1805 jam

324 1822 470 1858 tempus,
494 1815 663 1847 honores.'
707 1815 775 1846 Sed
799 1815 928 1846 Noster
953 1813 1043 1844 And.
1068 1822 1093 1844 1.
1119 1816 1148 1844 1.
1177 1816 1250 1844 125.
1275 1813 1283 1828 ‘
1301 1811 1415 1850 Prope
1442 1809 1552 1848 adest,
1569 1818 1644 1840 cum
1671 1808 1782 1839 alieno

324 1870 418 1891 more
437 1859 652 1891 vivendumst
668 1858 770 1890 mihi!
793 1859 889 1889 Bent.
932 1857 973 1888 Id
988 1856 1114 1895 deleto,
1131 1856 1230 1887 Both.
1244 1854 1329 1894 legit
1343 1852 1470 1893 potjam
1478 1852 1511 1883 id
1522 1852 1581 1882 erit
1593 1854 1643 1882 sat
1656 1860 1783 1891 quoque.

322 1905 331 1921 ‘
351 1904 451 1935 Bodl.
468 1908 503 1934 et
519 1903 610 1943 Lips.
623 1903 699 1933 Jam
718 1902 821 1932 aderit
835 1904 967 1940 tempus.
1012 1899 1069 1930 Ita
1085 1904 1119 1929 et
1135 1898 1208 1929 EP.
1228 1899 1323 1928 1469.
1336 1901 1372 1927 et
1390 1904 1506 1936 paucae
1524 1894 1612 1926 aliae.
1656 1894 1782 1924 Sensus

324 1952 401 1978 est:
426 1950 434 1964 ‘
455 1946 556 1977 Brevi
573 1944 736 1982 futurum,
751 1948 789 1975 ut
806 1943 972 1984 poeniteat
996 1951 1071 1973 eum
1098 1939 1183 1972 facti
1207 1948 1406 1978 morumque
1422 1936 1581 1968 suorum!
1627 1935 1783 1977 Gnyetus

325 1989 498 2021 existimat
513 1989 545 2019 in
562 1988 682 2027 glossis
707 1988 790 2018 Mss.
806 1986 931 2025 Quoque
947 1985 1115 2025 glossema
1131 1993 1218 2022 esse,
1238 1982 1343 2013 Etiam
1358 1980 1554 2022 genuinum.
1599 1978 1690 2010 Pun.
1706 1979 1728 2009 Ι.
1746 1987 1783 2012 x,

324 2042 380 2073 ep.
397 2035 450 2063 97.
473 2034 482 2048 ⁶
497 2031 565 2062 Alii
582 2030 624 2061 ab
642 2030 754 2060 indice
772 2028 949 2066 nominati,
965 2037 1039 2058 esse
1055 2036 1091 2058 se
1109 2026 1319 2058 Christianos
1334 2024 1509 2062 dixerunt,
1525 2026 1561 2054 et
1577 2031 1654 2052 mox
1680 2030 1784 2060 nega-

325 2080 468 2106 verunt:
503 2073 608 2104 fuisse
633 2072 783 2114 quidem,
805 2071 866 2102 sed
890 2070 1032 2109 desisse,
1056 2069 1191 2110 quidam
1219 2072 1300 2098 ante
1326 2066 1519 2104 triennium,
1542 2064 1677 2106 quidam
1705 2067 1784 2094 ante

324 2118 438 2158 plures
454 2126 571 2155 annos,
588 2125 654 2147 non
671 2124 770 2146 nemo
785 2115 879 2146 etiam
904 2120 983 2144 ante
1013 2113 1133 2152 viginti
1156 2109 1296 2152 quoque.'
1341 2110 1450 2142 Quam
1467 2108 1650 2139 lectionem
1668 2111 1786 2137 contra

325 2160 602 2195 Rittershusium,
621 2160 805 2199 legentem,
818 2160 889 2187 ante
904 2156 1022 2195 viginti
1036 2155 1168 2196 quinque
1181 2160 1277 2185 recte
1289 2157 1406 2184 tuetur
1416 2151 1495 2183 Chr.
1508 2149 1684 2181 Cenat-ius.
1729 2149 1785 2180 In-

326 2202 380 2234 fra
396 2212 429 2234 v.
449 2206 479 2234 1.
497 2202 562 2234 363
589 2202 689 2234 West.
733 2205 741 2218 ‘
761 2199 899 2238 Pozjam
915 2198 1017 2230 aderit
1032 2201 1151 2238 tempus
1167 2207 1209 2228 ex
1233 2194 1366 2236 glossa?
1389 2194 1490 2225 Boecl.
1534 2191 1649 2224 Aderit
1667 2194 1787 2232 tempus

327 2247 396 2277 Ms.
413 2245 508 2286 Lips.
524 2246 582 2276 ΒΥ.
600 2245 643 2275 G.
658 2243 775 2275 EM.—
784 2245 826 2273 29
848 2242 943 2273 Male
958 2242 1076 2280 eadem,
1089 2240 1179 2282 quod
1199 2243 1344 2270 accentu
1360 2237 1445 2277 erigi
1460 2235 1623 2274 debebat,
1639 2234 1671 2265 in
1682 2234 1787 2265 Thesi

328 2289 544 2329 deprimitur.
589 2287 714 2318 Melius
731 2285 818 2317 Edd.
838 2290 923 2316 vett.
941 2288 975 2315 et
990 2293 1033 2315 ex
1050 2283 1172 2314 nostris
1191 2291 1273 2313 unus
1288 2292 1296 2313 :
1329 2280 1390 2311 Sed
1406 2283 1441 2310 ut
1457 2279 1532 2310 olim
1556 2282 1587 2309 te
1612 2276 1787 2316 ostendisti,

326 2332 407 2362 nihil
421 2331 579 2362 cessavisti
594 2330 701 2360 eadem
717 2339 780 2360 esse
793 2338 886 2368 usque
900 2327 1009 2358 adhuc.
1032 2327 1134 2358 Bent.
1158 2326 1299 2356 Eandem
1312 2324 1359 2354 nit
1374 2322 1473 2353 Both.
1497 2322 1506 2339 ‘
1519 2322 1571 2351 sed
1585 2329 1654 2351 cum
1668 2320 1741 2350 olim
1756 2322 1787 2350 te

327 2374 489 2405 ostendisti
504 2373 584 2404 nihil
597 2372 757 2403 cessavisti
770 2371 896 2402 eundem
912 2379 975 2401 esse
990 2370 1074 2401 Mss.
1089 2368 1179 2399 duo.'
1197 2368 1296 2398 Boecl.
1314 2366 1453 2396 Eandem
1468 2363 1545 2404 Bip.
1560 2363 1618 2394 ΒΓ.
1631 2362 1674 2399 A,
1689 2363 1731 2400 B,
1744 2361 1786 2393 C.

328 2417 373 2448 nit
394 2417 553 2447 cessavisti
575 2417 679 2446 eadem
704 2424 768 2444 esse
797 2414 890 2444 Peri.
921 2414 1048 2444 eandem
1071 2412 1150 2452 Bip.
1178 2420 1244 2449 quo
1263 2409 1381 2450 judice
1402 2407 1481 2438 ‘alii
1505 2406 1656 2437 ordinem
1683 2405 1786 2435 alium

329 2459 548 2500 praeferendo
573 2457 843 2489 aberrant.'—30
865 2456 940 2486 ‘Ne
966 2455 1015 2486 M.
1043 2454 1143 2486 Bodl.
1170 2453 1244 2484 ΕΡ.
1262 2453 1349 2483 Ven.
1371 2450 1456 2489 Arg.
1485 2448 1594 2490 Lugd.
1622 2449 1683 2479 ΒΓ.
1699 2446 1787 2478 GM.

331 2502 411 2533 Hah
436 2504 445 2518 ⁴
470 2502 570 2542 idque
598 2501 708 2531 verius
735 2499 884 2534 videtur,
916 2508 992 2529 cum
1017 2507 1077 2528 neu
1103 2505 1169 2527 non
1193 2500 1369 2536 sequatur,
1401 2493 1463 2524 nisi
1490 2501 1528 2522 ne
1555 2489 1787 2532 praecedente.

330 2545 393 2575 nisi
411 2544 501 2575 forte
517 2544 596 2575 nihil
613 2554 659 2574 vs.
677 2546 729 2574 29.
745 2543 855 2573 locum
869 2541 927 2571 τοῦ
947 2551 985 2572 ne
1003 2540 1159 2571 obtinere
1177 2536 1340 2579 putetur.'
1363 2536 1538 2567 Perl.--3l
1565 2533 1721 2564 Indicium
1736 2541 1786 2562 res

330 2588 417 2618 Bod.
438 2587 511 2618 EP.
534 2587 591 2617 Br.
616 2586 714 2616 abest
746 2586 811 2616 liaec
838 2594 858 2615 a
885 2582 1000 2615 Guelf.
1027 2585 1146 2614 3.-32
1173 2583 1286 2612 Censes
1311 2579 1340 2611 ei
1365 2579 1415 2609 cui
1441 2577 1526 2609 Mss.
1550 2585 1666 2607 omnes
1695 2573 1788 2615 apud

331 2630 439 2660 Boecl.
457 2633 491 2660 et
508 2630 662 2660 ER—-ss
687 2629 753 2659 Aut
769 2637 830 2668 pro
847 2636 916 2657 var.
931 2627 1010 2657 lect.
1026 2626 1086 2657 ΒΥ.
1118 2634 1194 2655 mox
1210 2634 1267 2663 ego
1284 2622 1357 2653 vice
1373 2631 1406 2652 eo
1423 2618 1540 2652 Guelf.
1557 2621 1589 2650 2.
1623 2618 1633 2636 ⁴
1650 2618 1716 2650 Usu
1731 2617 1788 2648 hie

333 2673 367 2703 in
384 2672 469 2702 thesi
487 2672 572 2702 male
589 2671 795 2702 occultatur.
841 2669 985 2710 Repone
1007 2669 1035 2699 si
1050 2665 1129 2699 esSet
1144 2670 1247 2698 nostro
1264 2675 1303 2697 ex
1318 2663 1396 2696 usu?
1420 2663 1609 2694 Βοιὼ-34
1627 2659 1706 2691 Tun’
1723 2669 1786 2700 pro

332 2718 406 2746 tunc
428 2717 437 2731 ⁶
449 2724 491 2745 ex
506 2715 526 2744 Ι.
542 2724 568 2745 s,
588 2720 622 2744 et
638 2723 754 2745 versus
770 2712 923 2744 ratione.'
949 2712 1009 2743 Fa.
1032 2711 1041 2728 ‘
1055 2712 1099 2742 Et
1115 2710 1222 2742 nostri
1233 2717 1368 2750 quoque
1383 2705 1472 2739 tun’.'
1496 2705 1599 2735 Bent.
1632 2703 1711 2734 Tum
1726 2703 1786 2734 Bt.

333 2757 376 2789 In
393 2757 479 2790 Bod.
505 2757 563 2788 Br.
585 2756 671 2788 GM.
700 2756 732 2789 h.
749 2765 780 2788 v.
807 2755 984 2797 Myrrhina
1007 2754 1198 2793 continuat,
1220 2760 1364 2793 sequeus
1380 2747 1542 2781 tribuitur
1555 2746 1787 2787 Phidippo.-
