1966 3302
573 202 786 234 HEcYRAE
818 201 926 232 ACT.
952 201 993 231 v.
1024 199 1095 231 sc,
1128 201 1194 229 iv.
1531 187 1617 228 905

163 303 281 345 Nam
303 312 527 355 nunquam
548 301 647 340 ante
668 296 783 338 hunc
804 295 917 337 diem
937 294 1048 337 meis
1069 294 1213 336 oculis
1236 306 1351 344 eam,
1375 293 1493 347 quod
1512 305 1614 335 nos—

336 382 444 418 sem,
463 366 659 408 videam.

163 437 444 481 Perliberalis
464 434 562 476 visa
583 431 651 473 'st.
710 430 838 471 PAM.
871 429 959 471 Dic
980 441 1146 471 verum.
1207 428 1326 469 BAc.
1358 427 1428 468 Ita
1454 440 1523 468 me
1554 427 1617 468 Di

333 508 493 553 ament,
514 499 748 554 Pamphile
770 498 780 539 !

166 573 296 614 PAM.
329 571 417 613 Dic
437 569 560 619 mihi,
591 568 747 610 harum
780 578 924 607 rerum
955 563 1170 618 numquid
1191 562 1307 604 dixti
1337 563 1434 617 jam
1467 563 1615 617 patri?

333 639 455 680 BAc.
488 636 625 679 Nihil.
691 634 814 677 PAM.
847 633 1008 685 Neque
1029 643 1142 685 opus
1165 636 1258 683 est3
1561 631 1618 672 25

163 706 292 748 Adeo
313 707 473 748 mutito
491 719 501 746 ε
531 704 692 759 placet,
712 715 801 743 non
818 701 912 742 fieri
929 701 1016 741 hoc
1036 699 1203 749 itidem,
1226 703 1276 740 ut
1295 699 1338 740 in
1361 698 1616 748 comoediis,

166 774 330 816 Omnia
367 785 525 815 omnes
562 771 640 814 ubi
678 770 952 812 resciscunt:
991 767 1078 818 hic,
1116 780 1230 822 quos
1265 780 1347 822 par
1376 767 1519 809 suerat
1551 780 1617 808 re-

335 853 541 889 sciscere,

163 909 342 960 Sciunt3
366 921 481 962 quos
502 919 591 948 non
613 909 758 947 autem
779 917 954 960 aequom
976 903 1031 945 ’st
1048 903 1174 955 scire,
1193 917 1340 958 neque
1361 902 1617 952 resciscent,

334 988 475 1030 neque
496 975 653 1017 scient.

163 1129 230 1152 eam
245 1121 343 1151 adhuc
354 1129 447 1160 usque
462 1119 537 1150 meis
552 1118 647 1150 oculis
659 1118 704 1150 sic
718 1118 870 1157 videram,
885 1121 920 1148 ut
934 1117 1082 1148 notitiam
1098 1115 1162 1155 ejus
1177 1114 1288 1147 habere
1299 1123 1417 1154 possem
1430 1113 1579 1154 :pulchra
1590 1117 1621 1144 et

164 1164 292 1194 hmzesta
306 1163 382 1194 mihi
397 1163 463 1193 visa
478 1165 534 1194 est.
579 1163 677 1193 ΡΛΜ.
706 1162 854 1192 Verumne
868 1159 973 1192 dicis?
1020 1161 1084 1191 BA.
1108 1159 1161 1190 Ita
1175 1168 1222 1189 me
1240 1158 1300 1188 Dii
1313 1160 1427 1194 ament,
1443 1157 1622 1197 Pamphile,

164 1210 202 1236 ut
220 1215 326 1236 verum
340 1207 420 1238 dico.
466 1206 569 1236 PAM.
593 1205 656 1236 Dic
681 1204 770 1243 mihi,
796 1205 905 1235 harum
924 1213 1026 1234 rerum
1042 1202 1160 1234 nihilne
1175 1202 1335 1242 quicquam
1348 1200 1435 1241 patri
1451 1200 1624 1230 nunciasti?

164 1248 232 1279 ΒΑ.
258 1249 362 1280 Nihil.
409 1247 508 1279 ΡΑΜ.
532 1248 643 1288 Neque
663 1257 737 1287 opus
753 1251 799 1279 est
812 1259 822 1279 .·
845 1248 920 1278 adeo
939 1250 973 1279 ut
989 1246 1072 1278 atius
1085 1245 1126 1276 sit
1149 1249 1179 1275 te
1201 1243 1381 1275 mussitare.
1429 1243 1502 1273 Non
1521 1243 1621 1282 placet

163 1291 304 1332 hocficri
318 1292 351 1322 in
367 1301 402 1322 ea
416 1300 449 1321 re
465 1290 628 1332 quodfierz'
643 1291 719 1321 solet
734 1290 766 1321 in
782 1289 958 1324 Comoediis,
973 1289 1008 1320 in
1022 1298 1152 1329 quarum
1157 1287 1226 1327 fine
1242 1286 1344 1317 omnia
1351 1286 1438 1326 fiunt
1454 1285 1622 1323 manifesta

163 1334 319 1365 omnibus:
341 1334 374 1365 in
399 1334 457 1365 hac
480 1343 551 1364 vero
574 1343 621 1373 re,
649 1343 722 1373 quos
747 1343 865 1373 (equum
883 1333 993 1371 fuerat
1017 1332 1110 1371 scire,
1124 1330 1228 1362 sciunt
1247 1339 1314 1370 quae
1327 1329 1420 1367 facta
1435 1332 1526 1360 sunt:
1549 1338 1622 1368 quos

162 1380 266 1408 autem
279 1387 341 1408 non
352 1376 494 1409 com-enit
506 1377 598 1416 scire,
614 1386 711 1417 neque
726 1379 906 1416 cognoscent
922 1385 961 1410 ex
976 1374 1051 1416 ulio,
1066 1384 1162 1416 neque
1177 1373 1273 1405 scient
1284 1382 1342 1412 per
1355 1381 1398 1404 se.
1444 1372 1510 1404 ΒΑ.
1535 1371 1623 1408 Quin

771 1481 1017 1494 ‘W‘N‘NO'

166 1555 226 1586 Fa.
268 1554 326 1586 Sic
350 1557 387 1586 et
412 1553 531 1585 nostri.
554 1554 739 1585 Bent.-23
764 1554 833 1590 Quo
859 1563 978 1586 nossem
1000 1552 1084 1583 Mss.
1106 1551 1186 1584 duo.
1211 1550 1399 1582 Rama—24
1421 1549 1553 1582 Dixtin’
1572 1561 1624 1582 ve-

163 1608 233 1628 rum
248 1597 322 1629 ΕΡ.
339 1601 376 1628 et
399 1606 481 1628 sane
498 1596 532 1627 in
549 1596 607 1628 ΒΓ.
624 1597 666 1627 ad
683 1597 732 1629 dic
745 1602 797 1628 est
813 1598 858 1638 gl.
881 1597 891 1613 ‘
909 1606 971 1637 pro
991 1594 1098 1627 dicis-IV
1123 1594 1210 1626 Vice
1227 1595 1278 1625 dic
1294 1603 1412 1632 terum,
1440 1594 1543 1625 Both.
1563 1594 1624 1625 tibi

166 1650 235 1671 vero
245 1639 346 1672 2—25
371 1639 434 1671 Dic
448 1639 536 1675 mihi,
552 1640 698 1680 numquid
722 1640 832 1671 harwn
856 1649 959 1672 rerum
980 1638 1068 1680 putri
1081 1639 1173 1678 J'am?
1197 1637 1387 1668 Rutu—26
1411 1636 1444 1666 Si
1460 1646 1520 1676 pro
1536 1639 1624 1669 tenui

164 1683 247 1714 dicto
262 1692 337 1715 cum
356 1683 494 1713 Donato
510 1682 673 1723 accipias,
686 1683 866 1723 legendum
877 1684 943 1714 erit
958 1681 1131 1717 continue,
1142 1680 1250 1721 Neque
1261 1689 1337 1720 opus
1348 1683 1394 1711 est
1405 1681 1481 1711 adeo
1495 1681 1622 1712 mutilo.

165 1726 214 1757 Ut
226 1735 343 1757 sensus
359 1725 423 1757 sit:
449 1725 558 1765 Neque
571 1734 644 1757 sane
659 1735 733 1766 opus
748 1729 794 1757 est
808 1727 857 1758 vel
868 1725 994 1757 minimo
1008 1725 1136 1756 indicio.
1179 1724 1271 1754 Vide
1289 1723 1330 1754 ad
1347 1722 1438 1754 And.
1453 1731 1510 1753 111.
1525 1725 1555 1754 2.
1568 1726 1623 1754 25.

165 1768 235 1800 Ms.
251 1768 296 1802 G.
321 1769 430 1808 Neque
452 1778 528 1809 opus
552 1772 599 1799 est
623 1769 698 1800 adeo
721 1769 755 1800 in
777 1772 856 1800 tuto.
889 1779 965 1810 quae
989 1772 1193 1809 sequuntur,
1220 1766 1387 1799 Bacchidi
1415 1765 1624 1798 tribuuntur.

171 1811 272 1844 West.
315 1810 435 1842 Mutito
450 1812 548 1847 adem
570 1821 629 1842 non
642 1812 766 1851 placet;
788 1812 901 1843 itidem
915 1811 1056 1853 hocfieri
1070 1813 1104 1841 ut
1120 1810 1222 1841 Both.
1272 1809 1367 1840 Haud
1379 1809 1471 1850 fieri,
1482 1809 1571 1849 quod
1587 1809 1622 1840 in

165 1855 320 1893 proximo
335 1859 402 1891 est,
416 1855 489 1885 vult
503 1854 605 1885 Bent.
627 1854 683 1885 hoc
697 1855 861 1886 omittunt
878 1854 944 1886 duo
959 1855 1045 1886 Mss.
1063 1852 1154 1894 apud
1173 1852 1283 1883 Boecl.
1298 1861 1364 1893 quo
1379 1856 1478 1886 teste,
1491 1852 1558 1882 duo
1570 1852 1622 1883 illi

161 1898 275 1939 placet,
283 1899 336 1937 &sc-
344 1906 451 1938 usque
463 1896 505 1928 ad
515 1897 628 1937 optime
639 1898 730 1928 estin
743 1907 772 1929 v.
785 1901 839 1930 31.
849 1897 1013 1929 Bacchidi
1027 1897 1195 1931 tribuunt,
1204 1905 1289 1926 unus
1302 1896 1404 1936 placet
1415 1895 1524 1926 solum
1537 1895 1626 1926 Bac-

165 1939 258 1971 chidi
284 1939 414 1980 tribuit,
436 1944 473 1971 at
495 1939 686 1980 Pamphilo,
703 1951 777 1982 quae
802 1946 992 1982 sequnntur
1009 1949 1115 1981 usque
1141 1938 1183 1971 ad
1208 1948 1241 1969 v.
1256 1940 1395 1969 29.—·27
1420 1937 1487 1969 Hic
1505 1947 1623 1970 versus

164 1983 356 2014 trochaicus
368 1988 421 2014 est
437 1987 571 2014 tetram.
588 1983 877 2023 hypercatalect.;
903 1983 964 2015 sed
983 1983 1068 2015 tales
1083 1991 1149 2013 non
1166 1981 1303 2021 placent
1317 1981 1396 2012 mihi
1410 1990 1418 2012 z
1454 1982 1625 2020 quomodo

165 2035 249 2066 ergo
267 2026 376 2066 possit
398 2035 474 2056 esse
501 2026 736 2064 catalecticus,
751 2037 794 2058 ex
818 2026 967 2068 antiquis
990 2025 1193 2058 lectionibus
1211 2024 1410 2055 eruendum.
1456 2024 1553 2055 Bem.
1576 2024 1625 2056 ita

165 2068 282 2107 habet,
297 2068 347 2099 hic
362 2078 435 2108 quos
452 2068 557 2106 fuerit
579 2078 637 2108 par
658 2069 834 2101 resciscere.
877 2070 1037 2101 Donatus
1060 2069 1120 2105 sic,
1135 2067 1185 2098 hic
1209 2077 1284 2107 quos
1306 2077 1366 2107 par
1382 2066 1498 2105 suerit.
1544 2067 1624 2100 Vat.

165 2111 244 2142 Bas.
257 2117 294 2144 et
309 2111 458 2143 nonnulli
476 2111 545 2147 alii,
561 2121 623 2151 pro
638 2112 810 2148 resciscere,
826 2113 955 2145 sciscere
966 2112 1106 2144 habent.
1130 2110 1220 2152 quod
1238 2109 1327 2140 idem
1346 2114 1408 2148 est,
1420 2109 1510 2150 quod
1532 2111 1624 2142 scire.

166 2155 313 2185 Plautus
328 2154 361 2186 iu
378 2153 551 2194 Amphitr.
572 2153 695 2186 Accede
721 2158 755 2185 ut
777 2155 907 2186 sciscam
928 2155 1004 2196 quid
1028 2155 1124 2187 velit:
1155 2153 1214 2185 sed
1232 2162 1273 2183 ne
1289 2152 1336 2183 sic
1354 2152 1488 2193 quidem
1506 2162 1624 2184 versus

166 2197 336 2237 procedit.
359 2207 425 2237 ego
449 2196 663 2228 considerata
688 2198 832 2229 lectione
859 2198 936 2229 libri
963 2197 1118 2229 Bembini
1134 2200 1169 2228 et
1188 2195 1330 2231 Donati,
1348 2205 1423 2237 quae
1441 2200 1493 2226 est
1506 2196 1624 2233 fuerit,

165 2240 257 2281 quod
274 2245 387 2271 tamen
403 2250 480 2270 cuin
497 2239 539 2270 de
556 2239 669 2271 futuro
685 2240 742 2279 sit,
758 2245 795 2272 et
818 2241 850 2272 in
876 2241 1040 2281 praesenti
1064 2244 1229 2281 sequatur
1247 2238 1364 2276 sciunt,
1382 2247 1447 2270 non
1464 2244 1518 2270 sat
1534 2239 1624 2270 bene

167 2292 243 2314 cum
260 2292 301 2314 eo
317 2283 479 2321 cohaeret,
498 2292 557 2322 pro
574 2282 690 2320 fuerit,
705 2284 776 2322 fuit
792 2284 974 2324 legendum
991 2282 1202 2314 censuerim:
1235 2281 1285 2313 ita
1308 2285 1343 2312 et
1370 2281 1480 2312 versui
1497 2286 1533 2313 et
1549 2292 1624 2314 ora·

166 2326 250 2357 tioni
269 2326 398 2367 optime
414 2325 617 2365 consulitur,
634 2330 670 2357 et
685 2327 826 2367 antiqua
838 2327 938 2358 lectio
955 2326 1080 2366 partim
1096 2329 1329 2364 conservatur,
1344 2324 1468 2364 partim
1485 2325 1626 2356 minima

166 2369 404 2400 immutatione
421 2367 645 2408 emendatum
668 2369 818 2409 legemus
833 2379 929 2410 ergo,
939 2370 990 2401 hic
1003 2368 1153 2410 quossuit
1165 2377 1226 2408 par
1236 2367 1375 2399 sciscere.
1401 2367 1458 2398 Fa.
1508 2368 1624 2399 Omnia

166 2421 271 2444 omnes
283 2411 338 2443 ubi
350 2411 531 2450 resciscunt,
547 2411 597 2442 hic
607 2412 755 2452 quossuit
769 2422 829 2452 par
840 2414 979 2444 sciscere.
1024 2412 1198 2452 Nusquam
1220 2414 1289 2442 tam
1306 2410 1392 2445 male
1405 2410 1510 2441 cessit
1521 2411 1622 2442 Faer-

165 2464 224 2494 no,
239 2464 340 2496 quam
364 2455 400 2485 in
425 2454 488 2485 hoc
503 2454 593 2493 loco,
609 2454 688 2486 dum
713 2455 847 2487 laborat
873 2465 1019 2494 versum,
1034 2455 1091 2496 qui
1113 2453 1286 2485 Iambicus
1304 2458 1368 2492 est,
1384 2452 1426 2484 ad
1444 2453 1625 2485 'l'rochaici

166 2496 311 2529 formam
324 2497 494 2536 redigere.
540 2497 694 2537 Repone‚
711 2498 827 2530 Omnia
841 2508 944 2530 omnes
957 2498 1011 2530 ubi
1024 2497 1205 2529 resciscunt.
1251 2496 1288 2527 H
1291 2497 1330 2535 ic,
1343 2505 1417 2536 quos
1430 2496 1546 2534 fuerat
1563 2507 1625 2537 pur

165 2540 339 2572 resciscere.
384 2539 506 2572 Nostri
522 2539 668 2579 codices,
683 2540 733 2572 Hi
747 2552 834 2582 quos.
877 2541 944 2573 Sed
962 2544 1055 2573 recte
1075 2541 1150 2579 Hic,
1162 2544 1200 2571 ut
1213 2539 1380 2577 Donatum,
1391 2538 1432 2569 In
1446 2539 1504 2570 hac
1518 2549 1626 2571 comoe·

167 2583 232 2623 dia,
251 2584 299 2615 vel
318 2582 353 2614 in
375 2583 432 2614 hac
457 2592 502 2614 re.
548 2583 617 2614 Par
633 2583 744 2621 fuerat
762 2585 938 2623 resciscere,
957 2583 1063 2615 nostri
1079 2582 1228 2614 universi
1244 2592 1252 2612 z
1276 2581 1443 2619 ordinem,
1459 2588 1623 2614 accentus

169 2626 292 2665 gratia,
306 2636 348 2657 ex
366 2626 531 2657 Bembino
545 2625 762 2658 adscivimus.
809 2628 926 2658 Omnia
936 2627 969 2659 in
987 2627 1095 2666 primo
1112 2625 1199 2666 pede
1213 2625 1276 2655 rite
1292 2624 1492 2665 corripitur.
1524 2626 1621 2656 Bent.

171 2669 232 2707 Hi,
246 2679 322 2709 quos
340 2669 425 2699 Mss.
443 2667 580 2709 qnidam
607 2674 643 2699 et
669 2669 751 2700 editi
780 2675 857 2709 post
885 2671 959 2701 ΕΡ.
988 2669 1088 2701 ἶνα-π.
1134 2668 1184 2699 Hi
1209 2672 1245 2698 et
1272 2668 1332 2699 Br.
1360 2673 1395 2699 at
1420 2667 1466 2698 Ιιίἰ
1491 2667 1621 2700 GM.—

168 2714 222 2742 27.
237 2714 279 2742 28
302 2712 368 2743 Hic
382 2721 455 2752 quos
466 2711 653 2751 parsitant,
664 2711 778 2751 sciunt,
798 2712 803 2753 1
826 2714 910 2748 Quos
924 2723 985 2743 uon
999 2715 1103 2743 autem
1116 2712 1195 2742 scire
1209 2713 1255 2741 est
1267 2720 1385 2750 <equum
1400 2711 1499 2742 Both.
1522 2711 1620 2746 Bem.

166 2754 254 2790 hanc
268 2755 528 2787 collocationem
546 2753 727 2788 verborum
743 2756 867 2788 habet:
893 2765 967 2796 quos
981 2765 1042 2787 non
1061 2758 1164 2787 autem
1190 2757 1341 2795 ceqmtmse
1357 2754 1437 2786 scire
1449 2764 1459 2784 .·
1483 2754 1529 2784 ita
1547 2763 1621 2795 pro-
