1966 3302
587 224 933 256 ADELPHORUM
968 226 1074 256 Ac'r.
1100 228 1128 257 1.
1162 227 1229 257 sc.
1264 229 1295 257 1.
1583 220 1666 262 681

220 317 338 358 Dum
358 317 402 358 id
424 318 630 359 rescitum
650 319 703 359 iri
724 320 876 370 credit,
891 321 1107 377 tantisper
1126 327 1277 365 cavet:
1613 328 1670 368 45

218 385 266 426 Si
287 389 433 439 sperat
451 385 541 427 fore
563 387 689 436 clam,
712 399 883 428 rursum
906 388 962 429 ad
983 388 1202 442 ingenium
1224 390 1355 432 redit.

218 452 312 501 Ille,
333 466 459 506 quem
483 453 696 495 beneficio
718 454 949 508 adjungas,
967 468 1022 496 ex
1048 457 1194 497 animo
1216 458 1349 509 facit3

219 520 371 561 Studet
389 534 466 574 par
485 521 668 564 referre:
699 536 913 576 praesenS‚
934 525 1203 577 absensque,
1226 526 1344 566 idem
1362 528 1458 568 erit.

220 586 325 627 Hoc
344 589 534 642 patrium
556 593 637 639 est,
659 590 809 643 potius
830 591 1141 632 consuefacere
1163 592 1317 642 filium,

218 644 312 695 SR
333 660 486 709 sponte
506 645 624 697 recte
644 657 802 706 facere,
834 671 967 711 quam
989 658 1136 698 alieno
1159 664 1291 699 metu.
1613 665 1669 704 50

217 721 322 763 Hoc
340 726 465 776 pater
484 736 536 764 ac
556 723 759 765 dominus
781 726 979 766 interest:
1009 725 1096 767 hoc
1119 727 1194 779 qui
1215 728 1380 781 nequit,

218 777 430 831 Fateatur
449 792 620 832 nescire
637 791 851 845 imperare
872 792 1037 833 liberis.

218 857 307 897 Sed
328 862 447 899 estne
467 859 538 899 hic
559 859 700 912 ipsus,
722 860 775 900 de
795 873 884 914 quo
909 861 1094 912 agebam
1108 861 1127 900 Ί
1157 865 1197 902 et
1219 867 1332 903 certe
1354 863 1392 903 is
1413 869 1497 905 est.

218 925 386 968 Nescio
409 929 515 981 quid
536 929 702 969 tristem
725 929 874 970 video:
906 929 1036 970 credo
1051 929 1162 983 jam,
1183 934 1230 971 ut
1251 931 1381 981 solet,

215 993 430 1048 Jurgabit,
491 996 672 1038 Salvum
694 1001 737 1038 te
759 997 978 1048 advenire,
1000 998 1186 1047 Demea,

219 1063 499 1106 Gaudemus!

1613 1002 1639 1040 0¹

1643 1002 1670 1041 0¹

213 1202 271 1232 per
285 1197 372 1226 cavet
395 1195 467 1234 sibi,
489 1200 519 1227 et
543 1196 674 1227 abstinet
699 1207 718 1227 a
741 1197 831 1235 malo,
853 1197 925 1227 dum
948 1196 980 1226 id
994 1196 1153 1235 cognitum
1169 1196 1212 1227 iri
1224 1200 1337 1238 putat:
1363 1198 1390 1228 si
1405 1198 1501 1228 credit
1518 1199 1669 1230 occultum

208 1235 293 1275 sore,
321 1247 430 1268 rursus
456 1240 495 1269 ad
521 1249 591 1270 suos
612 1249 710 1270 mores
733 1239 910 1270 revertitur.
956 1239 1028 1278 Ille,
1053 1249 1139 1279 quem
1162 1239 1303 1281 beneficio
1325 1241 1478 1281 acquiras,
1504 1242 1585 1272 omni
1606 1246 1670 1273 stu-

216 1279 267 1309 dio
283 1279 379 1311 libens
394 1282 524 1323 officium
532 1282 629 1320 fucit,
644 1286 732 1312 curat
749 1283 918 1321 diligenter
937 1282 1073 1312 vicissim
1088 1281 1288 1321 benefacere;
1311 1284 1375 1314 sire
1394 1285 1475 1314 adsit
1492 1294 1606 1323 coram,
1622 1287 1671 1315 vel

216 1322 294 1353 elam
309 1323 401 1362 absit,
415 1324 546 1355 similem
560 1325 610 1355 sui
625 1334 742 1365 semper
757 1335 787 1355 se
800 1329 902 1364 geret,
913 1329 942 1356 et
955 1325 989 1355 iu
1003 1325 1102 1365 officio
1114 1334 1168 1355 suo
1180 1326 1326 1357 manebit.
1373 1326 1444 1357 Hoc
1454 1331 1573 1367 patrem
1585 1328 1670 1359 decet

213 1365 318 1404 potius
337 1366 527 1404 assuefacere
544 1368 663 1408 filium,
685 1368 814 1398 libenter
838 1371 869 1399 et
891 1370 972 1399 ultro
985 1371 1066 1398 recte
1084 1367 1245 1407 faciendo,
1262 1380 1352 1408 quam
1366 1371 1506 1400 terrendo
1523 1371 1671 1410 exemplis

212 1408 380 1448 propositis
398 1419 558 1449 poenarum
586 1411 766 1442 alienarum.
811 1411 892 1441 Hoec
920 1410 1101 1451 differentia
1127 1414 1172 1441 est
1195 1411 1278 1442 inter
1303 1416 1423 1451 putrem¹
1445 1423 1480 1442 ac
1502 1413 1669 1444 dominum.

219 1450 283 1485 Qui
297 1461 356 1482 non
383 1456 484 1493 postest
505 1454 597 1484 talem
620 1464 653 1484 se
677 1457 839 1494 proestare‚
867 1455 1009 1486 concedat
1025 1453 1074 1484 hic
1089 1458 1206 1493 oportet
1228 1464 1261 1484 se
1281 1455 1428 1493 ignarum
1452 1466 1515 1486 esse
1540 1457 1670 1493 regendi

215 1492 378 1525 liberorum
397 1496 544 1534 ingenia„
580 1496 644 1528 Sed
667 1500 750 1527 estne
773 1497 822 1526 hic
842 1497 905 1536 ipse
926 1497 1055 1533 Deme«,
1069 1497 1106 1526 de
1120 1507 1177 1537 quo
1193 1497 1360 1538 loquebar?
1396 1499 1548 1538 Equidem
1564 1498 1592 1528 is
1607 1499 1672 1538 ipse

215 1539 273 1567 est.
321 1538 432 1568 Nescio
447 1542 572 1580 propter
593 1540 668 1579 quid
683 1539 787 1570 tristis
802 1539 877 1570 mihi
893 1539 1036 1570 videtur:
1056 1541 1132 1580 puto
1147 1539 1218 1578 jam
1231 1550 1287 1580 pro
1302 1551 1385 1572 more
1403 1551 1457 1572 suo
1471 1541 1596 1581 jurgiis
1609 1551 1671 1572 me-

214 1588 288 1610 cum
299 1584 384 1620 aget.
428 1580 558 1612 Salvum
577 1586 607 1613 te
621 1583 726 1614 adesse
741 1583 841 1623 laetor,
856 1582 986 1613 Demea.

818 1677 1058 1690 eeeeeeeeeeee

218 1742 314 1774 Bent.
360 1743 418 1774 Est
442 1743 488 1774 sic
504 1742 544 1774 Z.
562 1741 740 1773 Part—44
764 1741 852 1773 Haec
877 1745 975 1773 vetus
1001 1746 1035 1772 et
1064 1751 1145 1775 vera
1167 1746 1219 1774 est
1242 1743 1323 1774 lect.
1350 1753 1451 1785 quam
1480 1745 1671 1779 Paimerius

217 1794 396 1826 perperam
411 1785 591 1817 immutare
608 1785 767 1817 tentavit.
792 1785 973 1816 Lirim-46
997 1785 1119 1816 Rursus
1142 1785 1242 1816 Bodl.
1272 1786 1371 1818 West.
1416 1786 1558 1829 Antiqui
1581 1790 1671 1830 libri,

217 1833 344 1868 praeter
370 1828 614 1869 BasiIicanum,
636 1832 672 1859 et
695 1837 811 1859 omnes
837 1827 910 1859 fere
934 1827 1004 1865 aiii,
1027 1832 1063 1859 et
1086 1829 1254 1866 Donatus,
1276 1839 1393 1860 rursus.
1438 1830 1547 1863 Immo
1572 1833 1671 1865 Bem.

217 1870 308 1910 prins
323 1871 471 1903 habebat
482 1881 624 1902 rursum:
649 1876 686 1902 ut
702 1876 738 1902 et
755 1870 856 1902 habet
871 1871 953 1902 Bas.
970 1871 1030 1902 Fa.
1076 1871 1194 1903 Nostri
1210 1870 1283 1902 fere
1298 1882 1414 1904 omnes
1428 1883 1565 1911 rursum,
1580 1876 1670 1916 quod

216 1914 330 1944 versui
346 1915 554 1946 commodius
571 1919 645 1953 est;
670 1913 774 1945 ethic
794 1913 1038 1954 reponendum.
1062 1913 1158 1945 Bent.
1205 1914 1328 1945 Rursus
1353 1915 1392 1947 Z.
1437 1917 1476 1947 Si
1499 1919 1579 1948 clam
1597 1919 1671 1956 fore

215 1959 320 1996 sperat
335 1957 525 1989 Boiu—47
550 1957 596 1996 Is,
616 1966 703 1997 quem
719 1956 822 1988 Both.
870 1957 967 1992 Quem
984 1956 1012 1986 b.
1027 1967 1059 1988 a.
1074 1957 1128 1988 ille
1144 1955 1222 1998 Bip.
1247 1962 1283 1988 et
1308 1958 1355 1988 sic
1371 1959 1467 1990 multi
1486 1965 1563 2000 post
1578 1961 1669 1993 Mur.

221 2002 306 2031 -48
329 1999 413 2031 Mss.
440 2005 474 2031 et
503 1999 588 2031 editi
613 1999 761 2040 quidam,
782 2008 930 2039 praesens,
951 1998 1068 2031 absens.
1091 1999 1203 2031 West.
1248 1999 1361 2032 Studet
1380 2011 1440 2042 par
1466 2002 1582 2041 referre
1599 2005 1669 2035 vnl-

220 2046 312 2081 ἔατε,
336 2047 373 2074 et
395 2041 446 2073 St.
459 2053 517 2083 par
528 2042 600 2082 pari
615 2041 731 2082 referre
747 2042 814 2073 Gu.
831 2045 862 2073 1.
884 2047 1065 2083 utrumque
1082 2051 1124 2073 ex
1138 2042 1264 2083 interp.
1311 2044 1338 2075 C
1362 2045 1491 2076 omittit
1508 2047 1670 2087 conjunc-

221 2083 362 2115 tionem.
389 2085 481 2116 Both.
495 2086 552 2125 qui
563 2085 622 2116 dat
638 2085 751 2116 Studet
763 2084 893 2123 referre,
905 2094 1042 2125 praesens
1055 2084 1163 2116 absens
1179 2087 1263 2116 idem
1277 2086 1348 2118 em't.
1396 2088 1462 2119 Par
1469 2090 1541 2128 pari
1553 2089 1670 2128 referre

221 2126 340 2159 Guelf.
357 2129 476 2159 3.—49
501 2128 549 2159 M.
566 2132 603 2158 et
619 2126 694 2158 EA.
712 2137 788 2158 curn
806 2127 943 2158 Fabrini
960 2127 1124 2167 editione,
1144 2131 1280 2168 patrum.
1326 2129 1382 2161 Ita
1406 2136 1441 2161 et
1458 2132 1554 2163 Leid.
1571 2142 1667 2165 unns.

217 2165 285 2200 Sed
302 2169 362 2201 Tr.
384 2169 456 2201 Hoc
478 2171 616 2210 patrium
636 2170 738 2210 potius
753 2174 812 2201 est.
832 2170 941 2201 West.
987 2171 1123 2202 Patrum
1138 2170 1192 2202 ed.
1220 2176 1336 2203 nostra
1359 2183 1389 2204 c.
1406 2173 1486 2214 figg.
1503 2175 1669 2215 Rip—50

218 2212 304 2244 GM.
320 2217 422 2244 reeta.-
445 2214 554 2244 minus
570 2213 883 2244 Latine.Perl.—5l
908 2213 1033 2244 Mallet
1049 2213 1140 2254 Guy.
1166 2214 1235 2244 Hoc
1260 2215 1314 2255 qui
1338 2217 1454 2248 nescit:
1481 2226 1547 2248 non
1563 2218 1668 2250 inele-

220 2261 353 2296 ganter,
365 2255 466 2287 modo
483 2255 627 2287 Codices
643 2254 809 2287 faverent.
853 2255 894 2286 In
906 2257 964 2287 Tr.
982 2261 1056 2287 erat
1073 2256 1250 2297 scriptum,
1275 2258 1346 2289 Hoc
1361 2259 1414 2299 qui
1433 2260 1584 2298 nescivit;
1607 2262 1668 2294 sed

218 2297 257 2329 τὸ
268 2298 398 2330 nescivit
408 2298 598 2337 inductum,
613 2302 648 2329 et
663 2304 829 2329 mutatum
847 2298 879 2329 in
895 2299 1013 2339 nequit.
1024 2299 1130 2331 West.
1159 2300 1314 2331 Maiebat
1332 2301 1422 2342 Gny.
1436 2303 1532 2334 nescit
1550 2304 1668 2344 probe.

219 2341 394 2373 Fert—52
410 2342 537 2382 Reperi
554 2341 586 2372 in
600 2342 685 2372 Mss.
701 2340 916 2382 quibusdam,
938 2342 1104 2381 Fateatur,
1115 2352 1148 2373 se
1163 2343 1290 2374 nescire.
1336 2343 1431 2375 Idem
1461 2346 1525 2376 sibi
1555 2356 1671 2387 reper-

217 2388 288 2414 tum
306 2385 339 2415 in
367 2384 499 2415 duobus
526 2383 709 2416 Codicibus
735 2388 884 2415 testatur
908 2384 1015 2416 Boecl.
1061 2385 1111 2416 Ex
1141 2385 1315 2426 impressis
1339 2386 1467 2418 habent
1490 2389 1563 2420 EA.
1595 2391 1670 2423 ΕΤ.

215 2427 314 2459 Jnnt.
330 2428 486 2466 Venetae,
501 2426 586 2466 Arg.
603 2427 750 2458 Davent.
763 2427 848 2458 aiiae.
893 2426 1052 2458 Donatus
1064 2437 1128 2458 non
1143 2428 1225 2468 legit
1240 2427 1278 2459 τὸ
1288 2438 1333 2467 se,
1348 2439 1412 2461 nec
1426 2439 1670 2466 recensuerunt

215 2469 425 2511 Stephanus,
441 2470 593 2509 Fabrini,
610 2470 679 2501 alii.
709 2470 754 2501 Et
766 2479 846 2501 sane
863 2471 961 2501 metri
979 2471 1064 2501 ratio
1082 2480 1244 2510 respuere
1261 2471 1407 2504 videtur.
1436 2474 1537 2505 West.
1563 2475 1667 2508 Bent.

221 2512 310 2544 duce
323 2512 457 2544 Faerno
471 2523 504 2544 se
519 2513 657 2544 omisit:
681 2518 788 2543 recte.
813 2513 911 2544 Zeun.
957 2511 998 2543 Se
1020 2513 1103 2543 dant
1135 2515 1193 2544 ΒΥ.
1210 2514 1249 2545 Ζ.
1267 2514 1482 2555 Delph.-—53
1509 2516 1584 2549 EA.
1605 2520 1669 2550 aie-

217 2554 306 2587 bam:
328 2555 495 2596 quomodo
510 2560 546 2586 et
561 2554 627 2586 fuit
642 2555 674 2585 in
688 2555 787 2586 Bodi.
814 2556 873 2586 sed
899 2560 1065 2586 mutatum
1094 2555 1126 2586 in
1153 2557 1291 2595 agebam.
1313 2558 1508 2590 West.-54
1535 2560 1669 2593 Tristem
1693 2589 1697 2591 .

215 2598 316 2629 nescio
339 2598 413 2639 quid
432 2598 530 2629 Both.
579 2599 622 2629 Ut
638 2600 748 2629 assolet
764 2598 823 2629 Br.
848 2598 901 2636 Id,
916 2607 984 2629 non
1002 2598 1071 2636 jam
1089 2598 1207 2629 Guelf.
1221 2602 1338 2630 3.—55
1365 2601 1519 2633 Donatus
1543 2603 1631 2635 infra
1644 2614 1670 2638 r.

215 2644 248 2673 2.
262 2643 294 2673 3.
322 2641 522 2680 objurgabit.
544 2641 654 2672 West.
697 2641 825 2672 Salvum
852 2644 882 2672 te
908 2640 1065 2680 advenire,
1097 2641 1231 2681 Demea,
1268 2642 1462 2684 Gaudemus]
1486 2644 1668 2679 Assentior

215 2683 268 2719 iis,
284 2684 341 2724 qui
367 2684 421 2715 hic
448 2693 572 2715 novum
602 2683 723 2714 Scenae
751 2682 885 2714 initium
913 2687 1079 2714 statuunt.
1126 2684 1193 2716 Qui
1219 2685 1307 2716 enirn
1325 2686 1500 2728 hucusque
1516 2689 1606 2720 solus
1622 2690 1667 2722 de

217 2724 320 2757 fratre
337 2727 469 2757 Demea
484 2725 599 2757 fuerat
613 2726 758 2764 locutus,
774 2735 864 2756 nunc
882 2724 1121 2757 advenientem
1139 2727 1323 2769 alloquitur
1346 2729 1462 2760 Micio.
1509 2731 1581 2763 ΕΡ.
1597 2732 1668 2764 Sal-

216 2778 253 2799 vo
277 2771 307 2800 te
332 2769 522 2810 adveniente,
537 2769 667 2809 Demea,
691 2769 879 2803 Gaudentius,
903 2768 955 2800 ld.
1001 2769 1108 2801 Recte
1124 2770 1210 2803 Dae.
1227 2771 1334 2802 verba
1356 2774 1366 2790 ‘
1381 2772 1515 2804 Salvom
1529 2773 1585 2814 te,'
1599 2777 1664 2808 &m
