1966 3302
610 194 822 225 necrkffi
856 193 964 223 Aer.
986 192 1061 222 ιιι.
1095 191 1164 222 sc.
1191 191 1236 221 v.
1551 178 1637 222 857

189 292 273 334 Cui
295 289 522 339 concedat,
543 288 759 344 cujusque
780 300 922 328 mores
944 286 1100 327 toleret
1121 297 1204 326 sua
1224 283 1470 332 modestia;

193 361 352 413 Neque
375 359 461 399 alio
483 362 614 412 pacto
634 356 840 409 componi
861 359 1011 409 potest
1032 354 1138 394 inter
1158 365 1238 394 eas
1259 352 1395 405 gratia
1413 364 1424 403 ;

192 425 470 479 Segreganda
489 428 564 466 aut
581 429 716 465 mater
739 437 766 464 a
785 436 852 463 me
874 428 958 473 est,
980 421 1221 474 Phidippe‚
1241 425 1318 460 aut
1338 418 1598 459 Philumena
1617 431 1627 459 :

191 493 234 534 N
239 506 325 534 unc
344 506 414 532 me
437 492 582 545 pietas
602 491 752 531 matris
774 489 924 543 potius
945 488 1222 529 commodum
1244 486 1399 528 suadet
1419 485 1560 540 sequi.
1585 485 1643 526 31

190 559 276 602 LA.
309 559 556 612 Pamphile,
577 557 697 599 haud
719 557 857 598 invito
886 556 944 598 ad
977 569 1106 597 aures
1139 567 1283 596 sermo
1313 554 1421 595 mihi
1442 552 1639 595 accessit

360 631 477 675 tuus,

193 693 304 735 Cum
325 697 366 734 te
387 696 676 747 postputasse
696 704 848 732 omnes
869 703 939 731 res
956 703 1049 744 prae
1070 693 1250 744 parente
1270 687 1483 741 intelligo.

190 761 355 803 Verum
377 760 496 810 vide,
516 772 571 801 ne
591 759 809 812 impulsus
829 759 894 800 ira
915 771 1052 812 prave
1074 757 1269 806 insistas,
1295 755 1542 809 Pamphile.

193 892 227 920 ut
242 892 320 922 nolit
334 891 536 923 obsecundare
550 891 646 923 matri
660 902 748 929 meae,
760 894 788 922 et
805 900 870 922 rem
884 890 1045 928 indiguam
1061 899 1125 920 esse
1135 892 1238 930 putat,
1251 888 1278 920 si
1288 888 1317 920 ei
1331 898 1363 920 se
1377 887 1551 925 submittat,
1567 885 1648 924 ejus-

192 943 250 972 que
263 936 428 966 senectutis
443 945 540 966 mores
554 935 708 966 moderate
715 933 806 972 serat
818 944 830 971 ;
853 943 950 973 neque
965 933 1047 963 inter
1066 942 1117 962 eas
1131 933 1192 963 alio
1214 932 1299 962 modo
1324 931 1431 970 gratia
1455 928 1650 961 reconciliari

188 976 301 1015 possit,
315 978 376 1008 nisi
391 978 485 1008 matri
500 987 532 1008 se
546 978 708 1009 submittat
720 987 732 1014 ;
754 980 808 1007 aut
829 976 1016 1015 sejungenda
1030 979 1130 1006 mater
1142 978 1188 1006 est
1203 986 1221 1005 α
1237 985 1297 1012 me,
1313 973 1481 1014 Phidippe,
1495 976 1549 1003 aut
1566 970 1647 1002 Phi-

193 1018 324 1051 lumena.
371 1021 463 1052 Nunc
483 1021 600 1060 pietate
625 1030 757 1058 moveor,
780 1023 814 1050 ut
828 1019 932 1059 potius
946 1027 1081 1059 quoeram
1095 1019 1173 1058 quad
1185 1019 1287 1058 placet
1306 1017 1414 1055 matri,
1428 1020 1458 1047 et
1475 1016 1504 1047 ez'
1518 1023 1649 1046 commo-

193 1061 266 1091 dum
293 1065 351 1093 est.
397 1063 460 1094 LA.
483 1063 655 1103 Pamphile,
676 1062 806 1094 libenter
831 1061 956 1092 auribus
976 1061 1078 1101 accepi
1107 1070 1273 1091 sermonem
1299 1063 1397 1098 tuum,
1421 1069 1488 1089 cum
1510 1061 1541 1089 te
1563 1057 1650 1088 tideo

191 1103 404 1142 posthabuisse
419 1115 522 1136 omnes
536 1116 587 1136 res
612 1106 775 1136 commodis
800 1104 911 1135 matris
933 1107 1006 1134 tuae.
1056 1103 1170 1134 Verum
1193 1103 1362 1142 diligenter
1382 1102 1519 1142 perspice
1541 1111 1579 1131 ne
1601 1101 1650 1129 ira

194 1144 343 1179 incitatus
365 1148 400 1179 in
422 1152 476 1179 cua
499 1148 654 1180 sententia
675 1148 780 1188 inique
792 1156 983 1187 permaneaS,
998 1146 1171 1187 Pamphile.
1214 1146 1281 1178 ΡΑ.
1307 1145 1500 1181 Quibusnam
1519 1144 1577 1174 iris
1590 1143 1650 1173 im-

796 1256 1037 1271 ”OWOO

193 1335 334 1375 deputat,
356 1334 451 1365 maeri
473 1343 548 1365 meoe
578 1334 657 1370 Quae
678 1334 836 1373 concedat,
859 1343 985 1374 quoeque
998 1332 1065 1372 ejus
1080 1342 1177 1363 mores
1192 1332 1302 1363 toleret
1315 1341 1371 1363 sua
1385 1332 1544 1363 modestia.
1566 1330 1576 1348 ‘
1589 1330 1647 1362 In-

193 1378 327 1417 dignam
345 1386 421 1418 quae
437 1376 606 1408 concedat
621 1386 766 1418 quaeque
794 1376 942 1408 toleret?
987 1376 1042 1407 lta
1070 1376 1155 1407 Eun.
1181 1385 1215 1407 v.
1237 1378 1267 1406 2.
1283 1378 1336 1406 27.
1359 1377 1367 1392 ‘
1384 1375 1470 1406 Nam
1496 1375 1523 1405 si
1548 1373 1652 1414 digna

193 1419 256 1451 hac
272 1419 480 1451 contumelia
495 1419 576 1451 Sum
592 1429 749 1450 maxume
765 1430 774 1459 ;
799 1424 836 1451 at
852 1424 887 1450 tu
904 1418 1061 1459 indignus
1077 1419 1134 1459 qui
1150 1417 1280 1449 faceres
1296 1417 1435 1449 tamen.'
1480 1418 1651 1455 Donatus,

192 1461 280 1494 falsa
296 1463 446 1494 lectione
463 1462 663 1503 implicitus,
680 1463 770 1493 miris
786 1462 893 1494 modis
908 1471 944 1492 se
961 1467 1123 1502 torquet3
1148 1471 1211 1492 nec
1229 1466 1340 1492 tamen
1357 1470 1391 1491 se
1408 1460 1570 1491 extricat.
1607 1459 1650 1491 Id

194 1506 320 1537 ceteris
336 1515 468 1546 quoque
494 1505 748 1546 Interpretibus
772 1506 901 1536 evenit.
925 1505 1022 1536 Bent.
1050 1504 1218 1544 probante
1248 1504 1340 1535 Peri.
1366 1508 1374 1520 ‘
1389 1503 1502 1535 Quum
1519 1503 1552 1533 in
1568 1502 1640 1533 Mss

193 1547 418 1579 Leidensibus
449 1549 613 1589 quinque,
642 1548 844 1587 Bodleiano,
871 1547 1082 1588 Trajectino,
1111 1547 1304 1584 Markiaum
1337 1546 1429 1587 Lips.
1460 1552 1495 1576 et
1527 1545 1636 1576 Boeud

195 1591 322 1622 diserte
337 1591 470 1631 legatur
489 1591 562 1630 Cui,
585 1590 666 1621 nihil
681 1591 881 1621 mutandum
896 1591 990 1622 duxi.
1034 1590 1080 1620 Et
1104 1590 1135 1620 in
1161 1589 1248 1621 Cod.
1274 1590 1373 1621 Bem.
1389 1599 1409 1620 a
1425 1589 1534 1629 prima
1549 1597 1651 1619 manu

193 1634 259 1672 legi
279 1634 351 1672 Cui,
373 1633 433 1664 sed
452 1633 541 1674 quod
565 1638 730 1664 mutatum
757 1634 790 1664 in
818 1634 910 1670 Quae,
933 1637 1084 1665 testatur
1109 1632 1271 1664 Faernus.
1316 1632 1439 1673 Neque
1455 1641 1534 1662 sane
1551 1631 1652 1662 aliter

195 1676 368 1717 quisquam
392 1675 573 1707 Librorum
600 1676 780 1712 editorum,
814 1676 904 1717 quod
931 1675 1067 1718 quidem
1091 1676 1208 1706 sciam.
1253 1675 1409 1716 Guyetus
1436 1679 1547 1706 tamen
1574 1673 1653 1709 Quae

194 1718 349 1760 praefert.
393 1719 489 1749 Idem
507 1718 541 1751 J.
560 1719 617 1750 Fr.
634 1718 808 1750 Gronovio
836 1719 1007 1759 placebat,
1029 1717 1175 1750 Observ.
1195 1727 1252 1749 ιιι.
1269 1720 1301 1748 8.
1322 1718 1379 1758 qui
1395 1721 1430 1748 et
1449 1718 1515 1748 Cur
1530 1716 1653 1748 substi-

195 1762 276 1793 tuit.
320 1760 404 1792 Mihi
430 1766 588 1792 neutrum
616 1762 793 1802 probatur,
817 1762 870 1792 vel
896 1761 938 1792 ob
963 1770 1108 1802 sequens
1139 1760 1307 1801 Cujusqzae,
1333 1760 1421 1801 quod
1446 1759 1572 1791 indicio
1588 1764 1654 1797 est,

195 1804 411 1847 praecessisse
437 1804 615 1834 relativum
640 1803 682 1834 ad
705 1805 714 1821 ‘
733 1803 861 1835 Matri'
884 1803 1113 1835 referendum.
1158 1804 1281 1835 Sensus
1308 1803 1411 1844 igitur
1439 1808 1534 1834 esto:
1558 1806 1567 1820 ‘
1582 1803 1625 1834 Se

194 1846 329 1888 quando
355 1856 428 1878 sese
455 1856 527 1877 esse
556 1847 727 1886 indignam
755 1847 899 1887 deputat
925 1852 1034 1878 matre
1059 1856 1147 1884 mea,
1172 1846 1226 1877 cui
1247 1847 1346 1877 matri
1362 1855 1446 1877 meae
1463 1843 1654 1877 concedat.’

194 1890 262 1920 Sed
279 1895 313 1920 et
324 1890 357 1920 in
375 1888 485 1920 Libris
502 1889 702 1930 quibusdam
719 1890 796 1920 Esse
810 1889 1036 1922 desideratur.
1081 1889 1166 1921 Qnae
1183 1889 1334 1920 Mericus
1351 1888 1572 1919 Casaubonus
1585 1887 1653 1919 huc

194 1931 320 1970 adfert,
345 1931 565 1973 ἀπροσδιόνυσα
590 1937 679 1963 sunt.
722 1932 852 1973 Tanaq.
874 1932 983 1964 Faber
1009 1932 1137 1963 vertit:
1166 1932 1234 1962 Elle
1257 1932 1337 1962 croit
1360 1931 1424 1962 &tre
1441 1935 1510 1972 trop
1531 1931 1653 1969 grande

195 1977 295 2013 dame,
317 1985 394 2015 pour
420 1975 509 2005 ceder
530 1985 550 2005 a
572 1985 623 2006 ma
645 1984 737 2006 mere.
782 1976 838 2006 De
855 1985 915 2006 usu
929 1976 991 2006 τῶν
1005 1975 1120 2014 dignus
1137 1978 1172 2005 et
1185 1974 1335 2014 indignus
1352 1973 1429 2004 vide
1445 1973 1488 2004 ad
1512 1974 1599 2004 Eun.
1615 1982 1651 2005 v.

195 2019 227 2048 2.
244 2017 310 2048 26!
337 2018 433 2048 West.
477 2018 486 2033 ‘
500 2016 577 2048 Non
594 2017 741 2048 decebat
756 2017 857 2049 Bent.
873 2018 1011 2049 lectioni
1029 2017 1137 2048 Codd.
1154 2017 1333 2058 antiquiss.
1352 2017 1503 2057 probatae
1522 2016 1586 2046 vim
1601 2016 1652 2047 in-

196 2058 313 2091 ferre.'
344 2060 420 2100 Bip.
445 2059 507 2090 Sed
522 2061 642 2100 quando
655 2060 778 2100 quidem
793 2061 846 2091 illa
860 2061 1022 2100 indignam
1038 2070 1103 2091 esse
1125 2062 1251 2100 deputat
1276 2063 1406 2090 matrem
1429 2069 1525 2090 meam
1548 2058 1653 2091 Both.

194 2111 259 2133 sese
266 2103 426 2142 indignam
436 2112 551 2133 omnes
561 2102 649 2142 apud
662 2103 767 2133 Boecl.
778 2107 812 2134 et
825 2104 883 2135 Br.
897 2106 907 2121 ⁴
919 2113 980 2144 pro
992 2103 1041 2134 cui
1052 2103 1189 2134 omniuo
1202 2103 1381 2142 legendum
1395 2107 1446 2132 est
1458 2101 1597 2142 quoe.’R.
1607 2102 1653 2133 D.

194 2145 246 2176 cui
261 2145 393 2177 G.—-28
411 2144 563 2185 Cujusque
574 2146 658 2176 Mss.
673 2154 799 2175 omnes.
815 2146 913 2177 Boecl.
928 2147 1071 2186 Legitur
1081 2151 1114 2176 et
1127 2145 1223 2184 cujus.
1233 2147 1342 2176 West.
1357 2145 1479 2176 tolleret
1490 2144 1606 2176 Guelf.
1620 2148 1650 2178 l.

196 2190 283 2219 —29
295 2188 401 2219 Vides
415 2188 506 2228 pactb
519 2189 552 2217 in
566 2188 686 2219 ultima
702 2188 790 2227 acui,
807 2195 926 2219 contra
940 2189 1066 2220 Latina*
1079 2189 1217 2228 Linguae
1233 2188 1400 2226 indolem3
1416 2187 1538 2218 deinde
1552 2191 1654 2228 potest

196 2234 374 2271 utramque
391 2231 575 2270 corripere.
624 2231 791 2262 Neutrum
809 2230 852 2261 ab
871 2231 1026 2262 Auctore
1042 2236 1106 2270 est,
1133 2232 1189 2271 qui
1215 2231 1264 2262 sic
1291 2230 1449 2269 dederat,
1466 2231 1577 2271 Neque
1591 2231 1654 2261 alio

195 2274 335 2314 componi
355 2276 446 2313 pacto
466 2273 550 2313 potis
564 2273 647 2303 inter
669 2283 720 2304 eas
739 2274 889 2311 gratiast.
933 2274 990 2305 Sic
1007 2273 1106 2305 Adel.
1124 2283 1181 2304 ιιι.
1206 2276 1237 2305 2.
1261 2275 1313 2304 46.
1336 2275 1344 2290 ⁶
1363 2273 1490 2313 Pejore
1507 2282 1560 2304 res
1577 2273 1653 2304 loco

195 2325 262 2347 non
279 2316 368 2356 potis
385 2321 435 2346 est
450 2315 552 2347 esse!
598 2316 741 2346 Plautus
765 2316 864 2347 Poen.
882 2325 933 2347 iv.
948 2320 981 2347 2.
995 2320 1049 2348 24.
1074 2320 1082 2333 ‘
1101 2316 1169 2349 Qui
1197 2316 1289 2357 ipsus
1315 2316 1428 2346 hercle
1445 2316 1653 2354 ignaviorem

197 2358 287 2398 potis
304 2363 357 2389 est
373 2357 486 2390 facere
503 2358 692 2398 ignaviam.’
717 2359 812 2390 Bent.
838 2363 874 2390 et
890 2359 938 2390 sic
955 2359 1054 2390 Both.
1068 2363 1216 2399 excepto
1230 2359 1338 2398 gratia
1350 2359 1420 2389 sine
1432 2361 1576 2390 esa—30
1598 2359 1653 2390 Ex

197 2401 297 2432 Bem.
312 2406 348 2432 et
361 2402 436 2431 aliis
452 2402 599 2442 antiquis
623 2407 658 2432 et
672 2401 804 2432 ratione
820 2411 936 2432 versus
953 2402 1025 2433 haec
1043 2402 1146 2432 verba
1162 2402 1209 2432 sic
1224 2401 1356 2440 ordino,
1370 2405 1469 2433 mater
1489 2412 1507 2432 a
1532 2411 1580 2432 me
1594 2404 1652 2432 est.

197 2444 257 2475 Fa.
295 2444 351 2475 Sic
367 2450 402 2475 et
420 2444 529 2474 nostri
551 2454 677 2483 omnes,
691 2454 710 2474 a
725 2455 771 2475 me
786 2448 842 2475 est.
868 2445 970 2476 Bent.
1011 2444 1083 2475 Lib.
1098 2445 1203 2485 antiq.
1219 2448 1265 2474 est
1279 2454 1298 2474 a
1313 2455 1380 2475 me.-
1405 2449 1413 2461 ‘
1426 2444 1508 2474 Mss.
1523 2444 1589 2474 duo
1606 2447 1654 2475 est

197 2487 384 2518 amittunt?
407 2486 592 2518 Boecl.—31
620 2487 771 2528 Consequi
786 2497 901 2518 ornnes
918 2488 1000 2518 Mss.
1024 2487 1209 2518 Rueck—32
1233 2487 1316 2517 Vice
1332 2488 1373 2517 ad
1397 2496 1486 2517 aures
1500 2486 1581 2516 haud
1604 2487 1652 2517 in·

197 2529 263 2560 vito
285 2530 294 2547 ‘
310 2530 342 2560 in
360 2538 391 2560 0.
406 2530 427 2560 Ι.
441 2538 466 2558 S.
483 2535 517 2559 et
532 2529 681 2569 Donato,
698 2530 747 2560 ita
771 2529 844 2560 haec
873 2529 975 2561 verba
990 2529 1143 2560 invenias
1159 2531 1346 2561 collocata:
1382 2530 1462 2560 haud
1489 2530 1587 2560 invito
1612 2530 1653 2560 ad

197 2571 307 2603 aures?
322 2572 382 2603 Fa.
408 2576 416 2588 ‘
431 2571 486 2602 Sic
504 2576 539 2602 et
553 2573 659 2603 nostri
677 2572 847 2603 universi)
864 2572 957 2603 Bent.
982 2574 991 2589 ‘
1009 2573 1085 2603 Par.
1101 2576 1155 2603 aut
1171 2572 1297 2613 prave.'
1311 2572 1397 2602 Perl.
1420 2574 1429 2590 ‘
1446 2572 1548 2603 Cessit
1567 2572 1651 2602 Mss.

199 2613 290 2646 duo.'
314 2615 414 2645 Boecl.
438 2615 448 2631 ‘
465 2615 572 2646 Recte
600 2624 618 2645 e
645 2615 730 2646 Mss.
746 2614 940 2645 emendavit
967 2615 1155 2646 Palmerius
1180 2616 1219 2645 ad
1235 2624 1324 2645 aures
1336 2615 1412 2645 mihi
1427 2624 1524 2645 sermo
1538 2615 1653 2645 accidit

198 2659 281 2689 tuus.
306 2656 392 2688 Haee
407 2657 496 2688 enim
513 2663 564 2688 est
582 2657 730 2697 legitima
748 2657 909 2698 loquendi
925 2656 1081 2688 formula.
1113 2656 1165 2689 Cf.
1183 2657 1290 2688 Rutu.
1309 2657 1396 2698 Lup.
1414 2667 1438 2689 1.
1455 2660 1507 2688 58.
1525 2661 1561 2688 et
1576 2666 1652 2698 qnae

199 2698 247 2729 ibi
272 2699 486 2730 notavimus.’
521 2700 563 2731 R.
580 2700 710 2731 D.—33
735 2700 892 2740 Repone,
908 2700 996 2741 quod
1022 2706 1118 2731 tanto
1135 2700 1265 2731 artifice
1281 2700 1411 2740 dignius
1428 2706 1493 2739 est,
1509 2710 1577 2730 cum
1605 2709 1654 2730 res

198 2745 390 2783 postputasse
403 2746 435 2775 te
449 2752 562 2775 omnes.
585 2743 688 2776 Bent.
704 2743 858 2785 sequitur
873 2743 976 2777 Both.
1020 2744 1031 2762 ⁴
1048 2743 1090 2775 Te
1105 2744 1264 2776 omissum
1280 2749 1332 2775 est
1347 2744 1381 2775 in
1398 2744 1468 2776 Ms.
1484 2742 1535 2774 R.'
1558 2741 1653 2774 Lind-

1644 1525 1653 1534 ι

1641 1568 1650 1577 c
