1966 3302
292 217 378 259 540
667 229 874 261 FABULAE
908 229 1371 265 1NTERLOCUTORES.

290 323 492 354 Exposmo
507 322 646 355 Trrvm.
691 323 783 355 Acta
812 327 864 355 est
888 323 923 355 id
950 327 1005 355 est
1031 324 1178 356 recitata
1193 328 1246 356 est
1259 325 1349 357 ludis
1365 325 1625 367 Megalensibus
1642 326 1750 360 Lucio

335 377 494 408 Cornelio
511 377 657 408 Lentulo
673 377 783 408 Lucio
800 377 938 408 Valerio
953 377 1109 409 aedilibus
1132 378 1320 410 curulibus.
1364 380 1476 420 Egere
1490 390 1498 411 :
1524 379 1680 412 fecerunt
1696 382 1752 413 vel

334 429 658 461 administraverunt
676 430 736 461 hos
753 430 851 461 ludos
867 431 1085 470 Megalenses
1102 431 1136 462 in
1154 431 1292 463 Graecia
1309 433 1443 473 quando
1459 433 1525 464 ista
1541 432 1660 465 fabula
1676 435 1752 466 Me-

333 482 457 514 nandri
476 482 885 515 Heautontimorumenos
902 484 1051 516 recitata
1067 489 1120 517 est
1146 486 1273 517 Lucius
1289 486 1466 517 Ambivius
1481 487 1610 527 Turpio
1626 488 1751 519 Lucius

332 535 475 568 Attilius
488 536 737 568 Praenestinus.
773 537 899 568 Graeca
913 538 1098 570 Menandri
1115 540 1235 580 prima.
1270 539 1325 571 Ita
1337 540 1628 580 estjungendum.
1659 541 1753 573 Acta

333 593 388 621 est
403 590 530 622 Graeca
557 589 673 621 fabula
691 590 877 621 Menandri
902 590 1013 632 prima
1029 591 1119 632 apud
1141 593 1315 633 Megalen]
1342 593 1519 625 civitatem
1543 594 1618 624 istis
1648 604 1752 635 supra

333 643 437 675 dictis
469 642 618 675 officium
644 643 844 683 gerentibus
872 653 974 685 super
1003 645 1095 676 aedes
1121 646 1266 677 curiales
1291 646 1422 678 Romae.
1474 645 1565 678 Acta
1590 648 1750 680 secunda.

331 697 457 728 Medos
482 695 566 728 fecit
587 697 731 728 Flaccus
753 696 966 729 clauditibiis
994 697 1126 729 duabus
1151 698 1283 730 dextris
1301 699 1422 730 Marco
1437 699 1542 732 Junio
1557 700 1639 732 Tito
1654 702 1750 733 Sem-

332 751 456 792 pronio
474 751 695 782 Consulatum
714 750 911 790 gerentibus
929 751 1056 783 Romae.
1094 753 1240 783 Flaccus
1254 762 1335 783 vero
1351 752 1540 784 modulavit
1555 763 1642 786 eam.
1677 754 1750 796 Ap·

331 804 482 845 pellatur
498 808 611 835 autem
628 804 701 835 haec
718 803 832 835 fabula
850 805 1260 837 Heautontimorumenos
1277 806 1366 848 quod
1381 806 1504 838 Latine
1521 811 1619 838 sonat
1639 817 1675 839 se
1699 808 1750 849 ip-

331 867 403 890 sum
419 857 620 889 excrucians
637 857 708 888 sive
723 857 757 888 in
770 867 861 888 suam
878 858 985 899 ipsam
1003 860 1291 892 excruciationem
1308 870 1521 901 permanens.
1555 861 1752 894 Introducit

333 911 428 943 enim.
440 911 472 942 in
489 911 552 943 hac
567 910 685 942 fabula
702 910 872 952 quendam
890 921 1005 943 senem
1019 913 1153 945 nomine
1182 913 1424 945 Menedemum
1448 914 1504 956 qui
1526 915 1628 946 nimio
1645 925 1750 956 opere

331 974 371 996 ac
388 964 504 996 labore
519 968 627 996 semet
642 964 754 1005 ipsum
771 965 986 997 excruciavit
1002 975 1073 1006 prae
1091 966 1211 998 dolore
1228 976 1268 998 eo
1285 966 1375 1008 quod
1392 967 1498 999 filium
1514 978 1611 1000 suum
1633 978 1752 1000 severa

329 1018 566 1060 increpatione
583 1029 603 1049 a
615 1028 651 1049 se
668 1017 821 1059 fugasset
837 1019 915 1050 dum
934 1024 1098 1061 pergeret
1110 1018 1310 1062 frequenter
1325 1020 1368 1052 ad
1383 1025 1546 1054 scortum.
1591 1022 1751 1054 Venditis

330 1073 420 1103 enim
437 1082 537 1113 paene
552 1072 719 1113 omnibus,
737 1083 813 1114 quae
830 1073 993 1113 habebat,
1009 1074 1149 1115 accepit
1165 1079 1311 1106 rastrum
1328 1075 1504 1117 coepitque
1519 1085 1636 1116 agrum
1648 1086 1750 1108 exco-

331 1126 402 1157 lere
418 1126 522 1158 nimia
539 1126 714 1158 instantia.
759 1127 869 1159 Quem
893 1127 973 1159 dum
1001 1129 1088 1159 alius
1115 1138 1219 1160 senex
1234 1129 1370 1160 nomine
1386 1129 1548 1161 Chremes
1563 1129 1751 1171 interroga-

331 1182 383 1213 vit
399 1181 479 1222 quid
497 1180 561 1212 hoc
577 1184 671 1212 esset
686 1180 776 1222 quod
794 1191 830 1212 se
848 1181 904 1213 die
920 1186 1090 1224 nocteque
1115 1182 1164 1214 ita
1180 1183 1351 1214 cruciaret
1368 1183 1610 1224 enarravitque
1633 1184 1664 1215 ei
1680 1193 1749 1215 om-

330 1245 410 1267 nem
426 1233 581 1266 ordinem
604 1234 655 1265 rei
682 1243 826 1276 cumque
853 1235 1050 1267 hortaretur
1065 1245 1142 1268 eum
1160 1236 1334 1277 paululum
1350 1236 1584 1277 requiescere,
1601 1236 1750 1269 obtineri

330 1299 398 1321 non
412 1288 537 1330 potuit.
582 1287 737 1320 Dicebat
749 1288 858 1321 enim:
885 1289 958 1320 sine
973 1294 1010 1320 ut
1027 1294 1138 1321 sumat
1153 1289 1244 1322 filius
1269 1300 1365 1322 meus
1387 1289 1431 1321 de
1454 1299 1508 1321 me
1531 1300 1658 1331 poenas.
1701 1291 1750 1322 At

330 1343 462 1376 veroin
478 1341 633 1383 proximo
650 1342 832 1383 requievit,
856 1344 1012 1384 quoniam
1028 1343 1117 1376 filius
1144 1345 1218 1385 ejus
1242 1353 1399 1375 reversus
1423 1347 1485 1375 est.
1530 1343 1654 1375 Cetera
1673 1355 1749 1386 quae

334 1399 411 1439 ipse
426 1396 537 1428 Poe'ta
551 1396 636 1427 miro
654 1396 756 1428 modo
773 1397 910 1438 dilatat,
931 1398 1111 1439 sequentia
1133 1397 1415 1429 manifestabunt.
1459 1396 1559 1428 Hanc
1575 1402 1687 1429 autem
1705 1398 1753 1429 fa-

330 1452 447 1484 bulam
461 1451 550 1482 sicut
562 1453 598 1481 et
613 1455 749 1481 ceteras
767 1451 962 1483 Menander
975 1452 1070 1492 prius
1085 1453 1210 1484 Graeco
1225 1460 1380 1482 sermone
1400 1450 1606 1491 composuit.
1650 1451 1749 1483 Post-

332 1516 374 1537 ea
399 1514 549 1545 praesens
576 1504 726 1535 comicus
754 1504 885 1536 Latinis
901 1515 1022 1538 novam
1040 1505 1192 1538 reddidit
1207 1513 1368 1546 moreque
1385 1513 1446 1535 suo
1463 1503 1496 1534 in
1512 1503 1661 1545 prologis
1681 1514 1749 1536 ma-

331 1559 470 1592 ledictis
488 1558 687 1590 aemulorum
705 1559 900 1600 respondit.

566 1810 839 1854 FABULAE
872 1808 1469 1853 INTERLOCUTORES.

289 1912 551 1964 CHREMES,
578 1928 710 1964 senex,
746 1911 994 1967 Clitiphonis
1017 1918 1156 1966 pater.
1218 1910 1261 1951 A
1284 1907 1562 1966 χρέμπτεσθαι,
1581 1921 1749 1958 screare,

403 1982 513 2037 quod
531 1996 636 2022 senes
656 1996 812 2022 screare
834 1980 1001 2021 soleant.

289 2049 555 2102 CLlTIPHo‚
583 2049 823 2100 adolescens,
861 2047 1085 2089 Chremetis
1100 2044 1238 2101 filius.
1298 2045 1340 2087 A
1375 2044 1535 2097 κλειτὸς,
1558 2043 1748 2100 inclytus,

402 2125 440 2158 et
462 2122 549 2172 φῶς,
572 2116 642 2158 lux
658 2133 670 2157 .·
701 2132 739 2172 q.
761 2116 800 2157 d.
821 2115 1019 2171 inclytum
1040 2114 1188 2156 lumen.

290 2186 478 2236 SYRUS,
500 2199 634 2226 servus
661 2183 899 2226 Chremetis.
961 2182 1004 2223 A
1021 2182 1170 2239 patria
1195 2180 1322 2238 Syria
1344 2179 1488 2222 dictus.

290 2253 591 2295 MENEDEMU
598 2265 637 2305 S,
671 2267 803 2303 senex,
839 2251 985 2294 Cliniae
997 2258 1138 2307 pater.
1197 2251 1239 2292 A
1260 2247 1380 2304 μένος,
1401 2247 1544 2300 robur,
1566 2253 1605 2288 et
1623 2247 1748 2300 δῆμος,

396 2319 605 2375 populas:
635 2335 675 2376 q.
698 2319 738 2361 d.
761 2320 887 2362 robur
900 2320 1061 2375 populi.

290 2388 492 2439 CIANIA,
514 2387 753 2440 adolescens,
778 2388 1012 2430 Menedemi
1022 2386 1161 2443 filius.
1223 2386 1267 2428 A
1287 2385 1416 2436 κλίνω,
1446 2383 1611 2426 inclino.
1679 2382 1753 2424 Vel

404 2472 428 2498 a
451 2456 571 2508 κλίνη,
596 2456 719 2497 lectas
740 2456 938 2511 nuptialis
955 2473 969 2501 ;
1000 2471 1097 2496 uam
1118 2453 1383 2509 Antiphilam
1403 2467 1567 2494 uxorem
1587 2451 1720 2493 duxit.

292 2525 496 2576 DROM0‚
517 2539 652 2565 servus
677 2523 921 2566 Menedemi.
983 2523 1025 2564 A
1048 2522 1189 2579 δρόμος,
1210 2536 1362 2563 cursus.

291 2593 570 2644 SOSTRATA,
604 2591 826 2633 Chremetis
862 2606 980 2633 uxor.
1040 2590 1081 2631 A
1113 2589 1237 2642 σώζω,
1268 2603 1396 2640 servo,
1428 2594 1475 2629 ut
1504 2601 1592 2642 qnae
1605 2585 1750 2640 filiam

406 2659 552 2714 exponi
558 2660 721 2715 jussam
741 2659 1004 2700 conservavit.

293 2728 531 2777 BAccffls‚
566 2728 696 2767 amica
731 2726 993 2781 Clitiphonis.
1056 2726 1097 2768 A
1130 2725 1295 2781 βάκχος,
1318 2729 1484 2779 propter
1515 2720 1748 2763 ebrietatem

406 2794 471 2835 vel
492 2795 706 2836 insaniam.
