1966 3302
631 239 844 271 HECYRAE
878 239 984 269 Ac'r.
1009 238 1040 268 1.
1074 238 1142 269 sc.
1168 237 1217 267 ιι.
1558 224 1642 265 813

193 335 298 379 Nisi
318 338 500 391 cupiens
523 334 587 375 tui
605 348 615 376 :
645 335 719 375 ille
739 335 905 375 invitus
926 334 1049 374 illam
1070 333 1268 374 duxerat.

194 405 342 447 Pam.
376 404 499 456 Quid
522 402 681 444 deinde
703 403 782 443 fit?
845 401 968 443 PAR.
1000 401 1171 442 Diebus
1190 412 1297 441 sane
1317 398 1518 452 pauculis

195 472 326 523 Post,
350 471 613 526 Pamphilus
634 483 703 510 me
725 470 868 510 solum
891 469 1065 510 seducit
1085 469 1230 518 foras;

195 539 466 593 Narratque,
488 542 535 579 ut
556 539 676 591 virgo
698 538 754 578 ab
776 550 821 577 se
842 537 1010 589 integra
1029 536 1161 598 eQm
1184 539 1276 576 tum
1297 534 1405 588 sign
1591 533 1646 574 70

196 607 342 661 Seque
363 612 478 658 ante,
502 619 631 660 quam
653 618 751 645 eam
772 617 955 644 uxorem
977 603 1186 644 duxisset
1207 602 1399 650 domum,

196 675 428 729 Sperasse,
450 688 527 716 eas
545 674 731 715 tolerare
753 685 886 726 posse
907 672 1085 725 nuptias
1103 684 1114 712 ;

197 742 284 783 Sed
305 756 436 797 quam
459 742 671 783 decrerim
690 753 758 781 me
777 753 866 780 non
887 752 1018 793 posse
1039 738 1201 779 diutius

198 809 397 860 Habere,
420 823 518 850 eam
540 808 733 849 ludibrio
754 807 919 856 haberi,
940 806 1176 855 Parmeno,

200 874 322 926 Quin
339 877 547 928 integram
570 875 722 938 itidem
743 874 938 923 reddam,
958 877 1007 914 ut
1026 873 1183 926 accepi
1205 873 1260 913 ab
1281 872 1392 921 suis,
1593 873 1650 913 75

196 942 357 996 Neque
376 943 605 984 honestum
626 941 748 991 mihi,
769 954 912 995 neque
932 941 1039 981 utile
1056 941 1143 994 ipsi
1164 940 1317 993 virgini
1339 944 1419 981 est.

196 1011 345 1053 PH1L.
378 1012 507 1052 Pium
530 1024 582 1052 ac
603 1011 810 1064 pudicum
833 1010 1048 1062 ingenium
1069 1021 1221 1049 narras
1243 1009 1479 1063 Pamphili.

201 1079 327 1121 PAR.
358 1079 462 1120 Hoc
484 1092 565 1132 ego
588 1078 792 1131 proferre,
814 1076 1143 1118 incommodum
1165 1076 1269 1117 mihi
1290 1090 1388 1118 esse
1412 1077 1631 1128 arbitror3

200 1145 350 1187 Reddi
372 1146 486 1199 patri
508 1148 669 1194 autem,
690 1145 762 1185 cui
783 1149 827 1184 tu
848 1144 955 1184 nihil
977 1143 1102 1184 dicas
1124 1144 1233 1193 vitii,

200 1213 449 1266 Superbum
472 1218 552 1254 est.
612 1211 701 1253 Sed
721 1211 843 1252 illam
865 1224 1008 1264 spero,
1028 1211 1105 1251 ubi
1126 1211 1211 1274 ¹¹20
1234 1212 1505 1265 cognoverit,
1594 1214 1652 1255 80

201 1280 308 1321 Non
326 1294 462 1334 posse
483 1294 531 1320 se
553 1293 725 1321 mecum
746 1293 862 1329 esse,
886 1280 1100 1320 abituram
1119 1279 1321 1333 denique.

201 1347 349 1389 PHIL.
382 1347 505 1398 Quid
527 1348 722 1390 interea?
755 1348 901 1390 ibatne
923 1347 979 1388 ad
1003 1347 1305 1388 Bacchidem?
1369 1347 1492 1389 PAR.
1527 1347 1653 1399 Quo-

374 1416 498 1457 tidie.

196 1528 264 1550 eam
277 1527 407 1550 uxorem
421 1522 556 1559 ceperat.
601 1518 672 1550 ΡΗ.
698 1519 783 1554 Quid
798 1520 909 1551 deinde
930 1523 1067 1551 secutum
1084 1519 1181 1559 fuit?
1226 1520 1294 1550 ΡΛ.
1320 1519 1394 1550 Non
1418 1519 1464 1550 ita
1480 1519 1576 1550 mullo
1589 1524 1658 1560 post

202 1562 388 1602 Pamphilus
403 1561 468 1592 sine
484 1561 612 1592 testibus
625 1572 760 1593 seorsum
786 1573 833 1594 me
847 1563 932 1593 ducit
948 1567 1041 1594 extra
1061 1565 1184 1594 domum
1207 1566 1300 1603 atque
1321 1566 1432 1593 narrat
1446 1566 1480 1593 ut
1496 1562 1657 1594 Philume-

201 1614 273 1635 nam
289 1614 350 1635 non
372 1604 530 1643 attigerit,
546 1609 593 1642 ut,
609 1607 688 1645 quod
703 1607 743 1636 ad
758 1616 789 1636 se
801 1606 948 1646 pertinet,
964 1606 1054 1645 virgo
1070 1607 1164 1638 etiam
1181 1609 1247 1637 tum
1261 1606 1441 1645 incorrupta
1455 1610 1635 1645 permaneat
1648 1617 1659 1643 ,·

201 1657 234 1678 se
248 1649 410 1687 antequam
426 1657 492 1677 eam
507 1647 674 1687 accepisset
692 1658 818 1679 uxorem
835 1658 916 1689 spem
933 1649 1086 1689 habuisse,
1102 1659 1133 1680 se
1148 1649 1181 1679 in
1197 1649 1245 1679 his
1263 1649 1384 1688 nuptiis
1397 1650 1639 1689 perduraturum
1652 1660 1663 1686 ;

199 1699 306 1721 verum
321 1699 416 1730 neque
431 1690 509 1720 milii
523 1691 676 1729 decorum,
691 1701 788 1731 neque
803 1692 920 1730 virgini
936 1694 1134 1732 commodum,
1151 1696 1182 1722 et
1205 1691 1394 1723 conducibile
1417 1695 1475 1731 esc,
1493 1692 1660 1731 Parmeno,

202 1742 286 1770 eam,
299 1743 390 1772 quam
405 1734 617 1763 constituerim
630 1733 741 1764 brevia
757 1744 803 1765 me
819 1735 989 1772 dimittere,
1004 1736 1109 1766 deludi
1124 1739 1154 1766 et
1161 1735 1288 1773 frustra
1303 1734 1421 1772 haberi,
1438 1736 1599 1774 quominus
1610 1735 1660 1765 in-

201 1776 347 1806 violatam
363 1779 392 1806 et
412 1775 563 1806 intactam
578 1777 678 1807 eodem
694 1779 782 1808 modo
797 1779 934 1816 reddam,
957 1780 1104 1818 quomodo
1119 1788 1186 1808 eam
1199 1778 1302 1818 accepi
1316 1789 1335 1808 a
1349 1777 1541 1817 parentibus.
1586 1778 1659 1809 ΡΗ.

203 1818 400 1857 Religiosum
423 1821 453 1849 et
468 1822 585 1849 castum
612 1819 770 1860 Pamphili
785 1819 944 1859 ingenium
957 1821 1066 1857 refers.
1111 1822 1179 1852 ΡΑ.
1204 1821 1274 1851 Hoc
1289 1831 1344 1858 ego
1366 1821 1451 1860 patri
1466 1831 1530 1851 meo
1546 1831 1660 1851 renun-

203 1861 298 1900 tiare,
321 1870 455 1892 amorem
480 1862 597 1892 seilicet
618 1862 757 1900 Thaidis,
782 1873 842 1894 non
865 1864 941 1894 utile
957 1864 1035 1894 mihi
1051 1874 1115 1895 esse
1129 1867 1214 1903 puto,
1230 1874 1266 1894 ne
1281 1863 1405 1894 irritem
1426 1873 1516 1895 eum.-
1539 1864 1662 1894 remitti

202 1908 308 1934 autem
328 1903 480 1943 virginem
496 1907 536 1934 ad
551 1908 669 1945 patrem
685 1906 792 1945 ipsinS,
809 1906 859 1936 cui
879 1907 995 1937 nullam
1009 1908 1217 1948 culpamfiliae
1231 1907 1346 1944 referre
1364 1907 1476 1947 possis,
1481 1906 1661 1943 fastuosum

204 1950 274 1977 est:
296 1947 348 1978 sed
374 1956 461 1987 spero
487 1948 717 1987 Philumenam,
742 1949 794 1979 ubi
818 1949 1009 1980 intellexerit
1034 1959 1065 1981 se
1089 1960 1205 1981 mecum
1219 1951 1339 1980 versari
1354 1959 1412 1979 non
1425 1959 1523 1989 posse,
1538 1951 1662 1980 tandem

203 1989 419 2020 discessuram.
443 1990 513 2021 ΡΗ.
541 1990 624 2026 Quid
641 1991 757 2022 interea
771 1991 937 2030 faciebat?
960 1992 1063 2023 ibatne
1077 1995 1117 2024 ad
1132 1994 1262 2023 amicam
1281 1992 1452 2023 Thaidem?
1487 1992 1553 2023 ΡΑ.
1578 1993 1662 2028 Quo-

812 2085 828 2097 ο
831 2086 1050 2098 mecm

206 2149 301 2180 Bent.
317 2153 352 2179 et
367 2148 414 2180 sie
427 2149 485 2179 ΒΓ.
501 2149 510 2166 ‘
523 2154 556 2180 et
569 2149 651 2182 editi
665 2156 742 2191 post
757 2152 841 2183 EP.'
858 2154 1040 2185 West.——68
1060 2154 1134 2183 Inde
1146 2153 1232 2183 Mss.
1248 2151 1384 2192 quidam
1401 2156 1435 2183 et
1447 2151 1543 2183 editi.
1563 2153 1664 2186 West·

207 2195 293 2222 -2'0
315 2192 397 2222 Tres
416 2192 639 2232 antiquissimi
657 2195 731 2225 libri
748 2199 782 2226 et
808 2197 886 2227 Bas.
911 2197 949 2227 ab
973 2207 1005 2227 se
1030 2198 1166 2235 integ-ra.
1191 2202 1224 2226 et
1242 2195 1328 2225 insu-a
1345 2195 1437 2226 Vicr.
1461 2198 1495 2226 ut
1507 2196 1610 2235 accepi
1624 2197 1663 2227 ab

208 2235 286 2265 suis.
310 2234 369 2265 Fa.
408 2235 524 2266 Nostri
543 2235 595 2267 hic
611 2236 648 2267 ab
664 2237 812 2275 habent3
830 2248 908 2269 mox
923 2250 940 2268 a
955 2241 1031 2270 suis.
1056 2240 1242 2269 Reum—71
1262 2238 1382 2278 Seclque
1399 2238 1509 2269 (joad,
1526 2238 1663 2278 quidam

207 2276 408 2317 praeferunt.
429 2278 524 2309 West.
549 2278 610 2309 Sed
625 2283 787 2320 antequam
804 2280 921 2313 Guelf.
941 2284 1056 2313 1.-72
1076 2282 1193 2312 Tollere
1210 2281 1276 2311 Ms.
1295 2281 1476 2320 Lips.—73
1503 2280 1557 2312 Set
1573 2292 1664 2321 qnam

207 2320 373 2360 decrerim]
401 2321 616 2357 Quam...eam‚
639 2327 677 2353 ut
705 2324 828 2363 passim
860 2325 998 2355 Noster.
1045 2324 1181 2355 Nodum
1208 2324 1312 2363 igitur
1339 2325 1372 2354 in
1393 2323 1506 2363 scirpo
1524 2325 1665 2364 quaerit,

208 2364 265 2402 qui
290 2363 344 2393 hie
372 2364 511 2400 mavult,
538 2363 593 2395 Set
607 2374 707 2404 quum.
731 2366 872 2397 Codices
888 2367 1086 2398 Terentiani
1103 2376 1264 2406 nusquam
1284 2366 1386 2400 Quum
1407 2366 1583 2405 exhibent,
1605 2368 1665 2397 sed

211 2406 302 2437 Cum.
323 2406 423 2438 Bent.
460 2406 661 2437 Decreverim
675 2418 790 2438 omnes
807 2409 891 2440 Mss.
907 2410 997 2449 apud
1012 2410 1117 2440 Boecl.
1136 2410 1194 2439 ΒΓ.
1208 2414 1243 2439 et
1261 2408 1345 2440 GM.
1360 2419 1420 2449 pro
1438 2411 1568 2449 g!.-7-1
1586 2411 1666 2440 Eam

209 2449 338 2479 omittit
353 2458 439 2479 uuus
453 2449 542 2488 apud
556 2450 662 2481 Boecl.
676 2460 742 2481 eam
757 2452 890 2482 ludibrio
906 2453 974 2483 nolo
990 2452 1286 2484 haberiJunt.-75
1301 2452 1421 2483 Nostri
1434 2462 1548 2483 omnes
1560 2463 1578 2483 a
1589 2453 1665 2483 suis.

208 2490 278 2521 Sed
296 2492 544 2531 reponendum,
560 2493 643 2526 Quin
659 2493 813 2533 integram
824 2495 933 2525 itidem
945 2496 1071 2526 reddam
1083 2499 1117 2526 ut
1129 2495 1244 2534 accepi,
1256 2495 1331 2525 suis.
1349 2495 1358 2511 ‘
1370 2495 1521 2526 Reddam
1533 2495 1614 2533 suis,
1629 2501 1665 2526 ut

210 2533 353 2574 accepi!
379 2533 465 2564 And.
484 2544 506 2565 1.
526 2537 625 2565 5.63.
650 2541 658 2552 ‘
671 2536 770 2567 Hanc
787 2538 829 2567 mi
850 2538 882 2567 in
901 2548 1034 2568 manum
1059 2537 1131 2573 dat,
1146 2547 1235 2568 mors
1253 2537 1415 2568 contiuuo
1438 2538 1545 2578 ipsam
1567 2548 1666 2569 occu-

211 2581 293 2616 pat:
320 2576 468 2616 Aet-eph
495 2582 673 2617 acceptam
692 2580 859 2617 servaho‚'
882 2586 964 2611 etv.
981 2584 1013 2611 4.
1029 2583 1083 2611 46.
1112 2583 1120 2597 ‘
1136 2581 1190 2611 De
1208 2589 1326 2615 uxore,
1340 2581 1388 2611 ita
1402 2584 1440 2611 ut
1453 2581 1602 2621 possedi,
1617 2582 1664 2611 nil

207 2623 317 2650 mutat
335 2619 524 2650 Chremes?
541 2621 639 2652 Bent.
657 2631 754 2661 quem
774 2624 927 2664 sequitur
943 2624 1043 2654 Both.
1066 2623 1094 2654 A
1113 2623 1175 2653 suis
1192 2623 1338 2654 Br.——77
1362 2624 1401 2653 Et
1419 2634 1480 2663 pro
1497 2634 1532 2654 ac
1549 2623 1665 2654 Guelf.

212 2664 244 2691 1.
258 2664 376 2692 3.-78
393 2663 479 2702 Ergo
497 2672 558 2702 pro
573 2673 641 2693 var.
660 2665 741 2695 lect.
759 2665 815 2694 Br-
850 2666 902 2695 Ex
919 2675 949 2696 0.
967 2667 988 2697 l.
1004 2676 1029 2697 s.
1046 2667 1092 2696 ita
1109 2667 1330 2704 collocamus,
1346 2667 1420 2696 mihi
1434 2676 1497 2697 esse
1509 2666 1667 2698 arbitror.-

211 2709 248 2734 et
264 2710 331 2734 stat
350 2715 477 2742 versus,
500 2706 525 2735 si
542 2706 617 2735 mihi
635 2708 899 2747 monosyllabum
917 2709 972 2739 sit.
998 2709 1055 2740 Fa.
1100 2709 1155 2740 Sic
1172 2714 1204 2739 et
1224 2709 1340 2739 nostri.
1369 2710 1460 2740 Beni.
1498 2709 1668 2740 Arbitror?

213 2746 294 2784 (sic)
322 2747 467 2778 Eum—79
490 2748 635 2780 Quidam
665 2749 773 2781 Codd.
802 2760 867 2780 non
893 2756 1079 2791 agnoscunt
1105 2755 1149 2782 tu.
1182 2752 1377 2782 West.—80
1405 2752 1467 2783 Ubi
1490 2752 1666 2791 cognoverit

214 2788 314 2820 Both.
327 2794 360 2820 at
371 2790 404 2820 in
419 2791 520 2829 notis,
537 2795 545 2808 ‘
560 2792 660 2823 Forte
672 2793 830 2824 omissum
844 2800 909 2834 est,
921 2803 1036 2825 versus
1051 2794 1186 2836 quidem
1198 2795 1332 2835 injuria,
1343 2795 1397 2825 Ιιοι·
1410 2795 1556 2835 postubi.
1567 2804 1665 2836 quam
