<?xml version="1.0" encoding="UTF-8"?>
<!DOCTYPE html PUBLIC "-//W3C//DTD XHTML 1.0 Transitional//EN"
    "http://www.w3.org/TR/xhtml1/DTD/xhtml1-transitional.dtd">
<html xmlns="http://www.w3.org/1999/xhtml" xml:lang="en" lang="en">
 <head>
  <title>
</title>
<meta http-equiv="Content-Type" content="text/html;charset=utf-8" />
  <meta name='ocr-system' content='tesseract 3.04.00' />
  <meta name='ocr-capabilities' content='ocr_page ocr_carea ocr_par ocr_line ocrx_word'/>
</head>
<body>
  <div class='ocr_page' id='page_1' title='image "./pubterentiiafric02tereuoft/pubterentiiafric02tereuoft_0449.png"; bbox 0 0 1966 3302; ppageno 0'>
   <div class='ocr_carea' id='block_1_1' title="bbox 540 209 1619 250">
    <p class='ocr_par' dir='ltr' id='par_1_1' title="bbox 540 209 1619 250">
     <span class='ocr_line' id='line_1_1' title="bbox 540 209 1619 250; baseline 0.004 -4"><span class='ocrx_word' id='word_1_1' title='bbox 540 217 850 248; x_wconf 72' lang='lat' dir='ltr'><strong>PHoRMloNJs</strong></span> <span class='ocrx_word' id='word_1_2' title='bbox 884 218 994 249; x_wconf 73' lang='lat' dir='ltr'><strong>Ac&#39;r.</strong></span> <span class='ocrx_word' id='word_1_3' title='bbox 1026 218 1079 248; x_wconf 78' lang='grc' dir='ltr'><strong>ιι.</strong></span> <span class='ocrx_word' id='word_1_4' title='bbox 1111 218 1180 248; x_wconf 82' lang='lat' dir='ltr'><strong>se.</strong></span> <span class='ocrx_word' id='word_1_5' title='bbox 1215 219 1245 248; x_wconf 87' lang='lat' dir='ltr'><strong>r.</strong></span> <span class='ocrx_word' id='word_1_6' title='bbox 1534 209 1619 250; x_wconf 82' lang='lat'><strong>939</strong></span> 
     </span>
    </p>
   </div>
   <div class='ocr_carea' id='block_1_2' title="bbox 142 309 1617 830">
    <p class='ocr_par' dir='ltr' id='par_1_2' title="bbox 142 309 1270 368">
     <span class='ocr_line' id='line_1_2' title="bbox 142 309 1270 368; baseline -0.002 -16"><span class='ocrx_word' id='word_1_7' title='bbox 142 363 148 368; x_wconf 86' lang='lat'>.</span> <span class='ocrx_word' id='word_1_8' title='bbox 166 311 256 352; x_wconf 76' lang='lat' dir='ltr'><strong>GE.</strong></span> <span class='ocrx_word' id='word_1_9' title='bbox 289 310 578 352; x_wconf 84' lang='lat' dir='ltr'><strong>Meministin&#39;</strong></span> <span class='ocrx_word' id='word_1_10' title='bbox 600 312 705 352; x_wconf 86' lang='lat' dir='ltr'><strong>olim</strong></span> <span class='ocrx_word' id='word_1_11' title='bbox 728 317 772 352; x_wconf 91' lang='lat' dir='ltr'><strong>ut</strong></span> <span class='ocrx_word' id='word_1_12' title='bbox 790 312 921 352; x_wconf 84' lang='lat' dir='ltr'><strong>fuerit</strong></span> <span class='ocrx_word' id='word_1_13' title='bbox 941 309 1090 352; x_wconf 70' lang='lat' dir='ltr'><strong>vostra</strong></span> <span class='ocrx_word' id='word_1_14' title='bbox 1111 311 1270 361; x_wconf 85' lang='lat' dir='ltr'><strong>oratio,</strong></span> 
     </span>
    </p>

    <p class='ocr_par' dir='ltr' id='par_1_3' title="bbox 166 377 1217 430">
     <span class='ocr_line' id='line_1_3' title="bbox 166 377 1217 430; baseline -0.001 -12"><span class='ocrx_word' id='word_1_15' title='bbox 166 378 220 418; x_wconf 90' lang='lat' dir='ltr'><strong>In</strong></span> <span class='ocrx_word' id='word_1_16' title='bbox 240 391 286 418; x_wconf 88' lang='lat' dir='ltr'><strong>re</strong></span> <span class='ocrx_word' id='word_1_17' title='bbox 306 377 567 430; x_wconf 85' lang='lat' dir='ltr'><strong>incipiunda</strong></span> <span class='ocrx_word' id='word_1_18' title='bbox 588 377 646 417; x_wconf 82' lang='lat' dir='ltr'><strong>ad</strong></span> <span class='ocrx_word' id='word_1_19' title='bbox 666 377 989 418; x_wconf 77' lang='lat' dir='ltr'><strong>defendendam</strong></span> <span class='ocrx_word' id='word_1_20' title='bbox 1010 377 1189 418; x_wconf 83' lang='lat' dir='ltr'>noxiam</span> <span class='ocrx_word' id='word_1_21' title='bbox 1206 391 1217 428; x_wconf 84' lang='lat'><em>3</em></span> 
     </span>
    </p>

    <p class='ocr_par' dir='ltr' id='par_1_4' title="bbox 164 444 1616 564">
     <span class='ocr_line' id='line_1_4' title="bbox 164 444 1487 497; baseline -0.001 -12"><span class='ocrx_word' id='word_1_22' title='bbox 164 445 193 485; x_wconf 88' lang='lat' dir='ltr'><strong>J</strong></span> <span class='ocrx_word' id='word_1_23' title='bbox 199 449 340 485; x_wconf 82' lang='lat' dir='ltr'><strong>ustam</strong></span> <span class='ocrx_word' id='word_1_24' title='bbox 361 444 484 484; x_wconf 81' lang='lat' dir='ltr'><strong>illam</strong></span> <span class='ocrx_word' id='word_1_25' title='bbox 504 456 700 494; x_wconf 86' lang='lat' dir='ltr'><strong>causam,</strong></span> <span class='ocrx_word' id='word_1_26' title='bbox 722 445 914 494; x_wconf 83' lang='lat' dir='ltr'><strong>facilem,</strong></span> <span class='ocrx_word' id='word_1_27' title='bbox 936 445 1203 493; x_wconf 88' lang='lat' dir='ltr'><strong>vincibilem,</strong></span> <span class='ocrx_word' id='word_1_28' title='bbox 1225 446 1487 497; x_wconf 74' lang='lat' dir='ltr'><strong>optumam?</strong></span> 
     </span>
     <span class='ocr_line' id='line_1_5' title="bbox 165 509 1616 564; baseline 0.001 -14"><span class='ocrx_word' id='word_1_29' title='bbox 165 510 301 552; x_wconf 79' lang='lat' dir='ltr'>PHAE.</span> <span class='ocrx_word' id='word_1_30' title='bbox 334 510 537 550; x_wconf 88' lang='lat' dir='ltr'><strong>Memini.</strong></span> <span class='ocrx_word' id='word_1_31' title='bbox 597 509 687 550; x_wconf 75' lang='lat' dir='ltr'><strong>GE.</strong></span> <span class='ocrx_word' id='word_1_32' title='bbox 709 511 853 551; x_wconf 89' lang='lat' dir='ltr'><strong>Hem!</strong></span> <span class='ocrx_word' id='word_1_33' title='bbox 884 523 1002 551; x_wconf 90' lang='lat' dir='ltr'><strong>nunc</strong></span> <span class='ocrx_word' id='word_1_34' title='bbox 1023 511 1123 564; x_wconf 80' lang='lat' dir='ltr'><strong>ipsa</strong></span> <span class='ocrx_word' id='word_1_35' title='bbox 1141 510 1198 551; x_wconf 85' lang='lat' dir='ltr'><strong>&#39;st</strong></span> <span class='ocrx_word' id='word_1_36' title='bbox 1217 523 1332 563; x_wconf 87' lang='lat' dir='ltr'><strong>opus</strong></span> <span class='ocrx_word' id='word_1_37' title='bbox 1354 524 1430 554; x_wconf 82' lang='lat' dir='ltr'><strong>ea:</strong></span> <span class='ocrx_word' id='word_1_38' title='bbox 1461 516 1554 562; x_wconf 85' lang='lat' dir='ltr'><strong>aut,</strong></span> <span class='ocrx_word' id='word_1_39' title='bbox 1577 512 1616 552; x_wconf 82' lang='lat' dir='ltr'><strong>si</strong></span> 
     </span>
    </p>

    <p class='ocr_par' dir='ltr' id='par_1_5' title="bbox 336 576 1617 629">
     <span class='ocr_line' id='line_1_6' title="bbox 336 576 1617 629; baseline 0.002 -13"><span class='ocrx_word' id='word_1_40' title='bbox 336 576 442 629; x_wconf 92' lang='lat' dir='ltr'><strong>quid</strong></span> <span class='ocrx_word' id='word_1_41' title='bbox 462 579 622 629; x_wconf 87' lang='lat' dir='ltr'><strong>potest,</strong></span> <span class='ocrx_word' id='word_1_42' title='bbox 1560 579 1617 619; x_wconf 81' lang='lat'><strong>50</strong></span> 
     </span>
    </p>

    <p class='ocr_par' dir='ltr' id='par_1_6' title="bbox 165 642 1197 685">
     <span class='ocr_line' id='line_1_7' title="bbox 165 642 1197 685; baseline -0.002 0"><span class='ocrx_word' id='word_1_43' title='bbox 165 644 348 685; x_wconf 88' lang='lat' dir='ltr'><strong>Meliore</strong></span> <span class='ocrx_word' id='word_1_44' title='bbox 369 648 411 684; x_wconf 88' lang='lat' dir='ltr'><strong>et</strong></span> <span class='ocrx_word' id='word_1_45' title='bbox 431 642 674 684; x_wconf 81' lang='lat' dir='ltr'><strong>callidiore.</strong></span> <span class='ocrx_word' id='word_1_46' title='bbox 734 642 809 683; x_wconf 87' lang='lat' dir='ltr'><strong>PH</strong></span> <span class='ocrx_word' id='word_1_47' title='bbox 819 653 871 684; x_wconf 67' lang='grc' dir='ltr'><strong>ΔΕ.</strong></span> <span class='ocrx_word' id='word_1_48' title='bbox 905 643 1003 684; x_wconf 88' lang='lat' dir='ltr'><strong>Fiet</strong></span> <span class='ocrx_word' id='word_1_49' title='bbox 1025 643 1197 683; x_wconf 84' lang='lat' dir='ltr'><strong>sedulo.</strong></span> 
     </span>
    </p>

    <p class='ocr_par' dir='ltr' id='par_1_7' title="bbox 163 709 1392 830">
     <span class='ocr_line' id='line_1_8' title="bbox 163 709 1392 764; baseline -0.001 -12"><span class='ocrx_word' id='word_1_50' title='bbox 163 711 254 754; x_wconf 79' lang='lat' dir='ltr'><strong>GE.</strong></span> <span class='ocrx_word' id='word_1_51' title='bbox 287 709 419 752; x_wconf 92' lang='lat' dir='ltr'><strong>Nunc</strong></span> <span class='ocrx_word' id='word_1_52' title='bbox 439 710 560 764; x_wconf 88' lang='lat' dir='ltr'><strong>prior</strong></span> <span class='ocrx_word' id='word_1_53' title='bbox 575 710 697 751; x_wconf 86' lang='lat' dir='ltr'><strong>adito</strong></span> <span class='ocrx_word' id='word_1_54' title='bbox 718 714 792 751; x_wconf 89' lang='lat' dir='ltr'><strong>tu:</strong></span> <span class='ocrx_word' id='word_1_55' title='bbox 824 723 907 762; x_wconf 84' lang='lat' dir='ltr'><strong>ego</strong></span> <span class='ocrx_word' id='word_1_56' title='bbox 930 710 973 750; x_wconf 91' lang='lat' dir='ltr'><strong>in</strong></span> <span class='ocrx_word' id='word_1_57' title='bbox 993 710 1204 751; x_wconf 86' lang='lat' dir='ltr'><strong>subsidiis</strong></span> <span class='ocrx_word' id='word_1_58' title='bbox 1225 709 1298 752; x_wconf 89' lang='lat' dir='ltr'><strong>hic</strong></span> <span class='ocrx_word' id='word_1_59' title='bbox 1319 723 1392 751; x_wconf 86' lang='lat' dir='ltr'><strong>ero</strong></span> 
     </span>
     <span class='ocr_line' id='line_1_9' title="bbox 163 776 1288 830; baseline -0.003 -11"><span class='ocrx_word' id='word_1_60' title='bbox 163 777 543 827; x_wconf 84' lang='lat' dir='ltr'><strong>Succenturiatus,</strong></span> <span class='ocrx_word' id='word_1_61' title='bbox 564 776 601 817; x_wconf 87' lang='lat' dir='ltr'><strong>si</strong></span> <span class='ocrx_word' id='word_1_62' title='bbox 623 776 727 830; x_wconf 88' lang='lat' dir='ltr'><strong>qnid</strong></span> <span class='ocrx_word' id='word_1_63' title='bbox 750 776 948 819; x_wconf 85' lang='lat' dir='ltr'><strong>deficies.</strong></span> <span class='ocrx_word' id='word_1_64' title='bbox 1007 776 1145 817; x_wconf 81' lang='lat' dir='ltr'><strong>PHAE.</strong></span> <span class='ocrx_word' id='word_1_65' title='bbox 1175 776 1288 830; x_wconf 87' lang='lat' dir='ltr'><strong>Age.</strong></span> 
     </span>
    </p>
   </div>
   <div class='ocr_carea' id='block_1_3' title="bbox 153 895 1618 1190">
    <p class='ocr_par' dir='ltr' id='par_1_8' title="bbox 153 895 1618 1190">
     <span class='ocr_line' id='line_1_10' title="bbox 153 895 1614 938; baseline 0.002 -11"><span class='ocrx_word' id='word_1_66' title='bbox 153 896 285 934; x_wconf 83' lang='lat' dir='ltr'><strong>faciam.</strong></span> <span class='ocrx_word' id='word_1_67' title='bbox 332 897 398 928; x_wconf 78' lang='lat' dir='ltr'><strong>GE.</strong></span> <span class='ocrx_word' id='word_1_68' title='bbox 420 896 473 928; x_wconf 85' lang='lat' dir='ltr'><strong>An</strong></span> <span class='ocrx_word' id='word_1_69' title='bbox 489 899 574 927; x_wconf 83' lang='lat' dir='ltr'><strong>tenes</strong></span> <span class='ocrx_word' id='word_1_70' title='bbox 588 896 735 927; x_wconf 83' lang='lat' dir='ltr'><strong>memoria</strong></span> <span class='ocrx_word' id='word_1_71' title='bbox 749 904 916 927; x_wconf 78' lang='lat' dir='ltr'><strong>sermonem</strong></span> <span class='ocrx_word' id='word_1_72' title='bbox 931 904 1017 934; x_wconf 83' lang='lat' dir='ltr'><strong>quem</strong></span> <span class='ocrx_word' id='word_1_73' title='bbox 1032 896 1107 926; x_wconf 83' lang='lat' dir='ltr'><strong>olim</strong></span> <span class='ocrx_word' id='word_1_74' title='bbox 1122 895 1285 937; x_wconf 78' lang='lat' dir='ltr'><strong>habuistis,</strong></span> <span class='ocrx_word' id='word_1_75' title='bbox 1301 907 1369 928; x_wconf 84' lang='lat' dir='ltr'><strong>cum</strong></span> <span class='ocrx_word' id='word_1_76' title='bbox 1385 898 1463 929; x_wconf 78' lang='lat' dir='ltr'><strong>hanc</strong></span> <span class='ocrx_word' id='word_1_77' title='bbox 1478 908 1543 930; x_wconf 80' lang='lat' dir='ltr'><strong>rem</strong></span> <span class='ocrx_word' id='word_1_78' title='bbox 1558 909 1614 938; x_wconf 76' lang='lat' dir='ltr'><strong>ag-</strong></span> 
     </span>
     <span class='ocr_line' id='line_1_11' title="bbox 157 938 1617 981; baseline 0.002 -12"><span class='ocrx_word' id='word_1_79' title='bbox 157 940 260 976; x_wconf 76' lang='lat' dir='ltr'><strong>gressi</strong></span> <span class='ocrx_word' id='word_1_80' title='bbox 279 944 404 971; x_wconf 82' lang='lat' dir='ltr'><strong>sumus?</strong></span> <span class='ocrx_word' id='word_1_81' title='bbox 426 949 530 979; x_wconf 80' lang='lat' dir='ltr'><strong>nempe</strong></span> <span class='ocrx_word' id='word_1_82' title='bbox 553 939 758 976; x_wconf 80' lang='lat' dir='ltr'><strong>defensionem</strong></span> <span class='ocrx_word' id='word_1_83' title='bbox 779 938 876 977; x_wconf 77' lang='lat' dir='ltr'><strong>illam,</strong></span> <span class='ocrx_word' id='word_1_84' title='bbox 898 948 989 978; x_wconf 84' lang='lat' dir='ltr'><strong>quam</strong></span> <span class='ocrx_word' id='word_1_85' title='bbox 1009 938 1182 970; x_wconf 80' lang='lat' dir='ltr'><strong>invenimus</strong></span> <span class='ocrx_word' id='word_1_86' title='bbox 1203 941 1244 970; x_wconf 85' lang='lat' dir='ltr'><strong>ad</strong></span> <span class='ocrx_word' id='word_1_87' title='bbox 1261 941 1381 980; x_wconf 83' lang='lat' dir='ltr'><strong>culpam</strong></span> <span class='ocrx_word' id='word_1_88' title='bbox 1399 943 1617 981; x_wconf 73' lang='lat' dir='ltr'><strong>excusandam,</strong></span> 
     </span>
     <span class='ocr_line' id='line_1_12' title="bbox 159 980 1615 1021; baseline 0.001 -9"><span class='ocrx_word' id='word_1_89' title='bbox 159 990 224 1012; x_wconf 82' lang='lat' dir='ltr'><strong>esse</strong></span> <span class='ocrx_word' id='word_1_90' title='bbox 234 981 377 1020; x_wconf 81' lang='lat' dir='ltr'><strong>facilem,</strong></span> <span class='ocrx_word' id='word_1_91' title='bbox 395 981 529 1020; x_wconf 76' lang='lat' dir='ltr'><strong>justum,</strong></span> <span class='ocrx_word' id='word_1_92' title='bbox 550 981 590 1012; x_wconf 82' lang='lat' dir='ltr'><strong>ad</strong></span> <span class='ocrx_word' id='word_1_93' title='bbox 612 981 791 1011; x_wconf 77' lang='lat' dir='ltr'><strong>vincendum</strong></span> <span class='ocrx_word' id='word_1_94' title='bbox 808 980 960 1018; x_wconf 80' lang='lat' dir='ltr'><strong>idoneam,</strong></span> <span class='ocrx_word' id='word_1_95' title='bbox 975 984 1005 1011; x_wconf 84' lang='lat' dir='ltr'><strong>et</strong></span> <span class='ocrx_word' id='word_1_96' title='bbox 1027 982 1204 1021; x_wconf 79' lang='lat' dir='ltr'><strong>speciosam.</strong></span> <span class='ocrx_word' id='word_1_97' title='bbox 1251 984 1320 1014; x_wconf 80' lang='lat' dir='ltr'><strong>Pu.</strong></span> <span class='ocrx_word' id='word_1_98' title='bbox 1346 984 1499 1015; x_wconf 85' lang='lat' dir='ltr'><strong>Memoria</strong></span> <span class='ocrx_word' id='word_1_99' title='bbox 1517 988 1615 1016; x_wconf 78' lang='lat' dir='ltr'><strong>teneo.</strong></span> 
     </span>
     <span class='ocr_line' id='line_1_13' title="bbox 161 1023 1617 1064; baseline 0.002 -9"><span class='ocrx_word' id='word_1_100' title='bbox 161 1024 232 1055; x_wconf 76' lang='lat' dir='ltr'><strong>GE.</strong></span> <span class='ocrx_word' id='word_1_101' title='bbox 256 1024 352 1063; x_wconf 73' lang='lat' dir='ltr'><strong>Hem,</strong></span> <span class='ocrx_word' id='word_1_102' title='bbox 369 1034 448 1054; x_wconf 78' lang='lat' dir='ltr'><strong>riunc</strong></span> <span class='ocrx_word' id='word_1_103' title='bbox 462 1034 498 1056; x_wconf 83' lang='lat' dir='ltr'><strong>ea</strong></span> <span class='ocrx_word' id='word_1_104' title='bbox 518 1025 664 1055; x_wconf 83' lang='lat' dir='ltr'><strong>utendum</strong></span> <span class='ocrx_word' id='word_1_105' title='bbox 679 1023 764 1053; x_wconf 85' lang='lat' dir='ltr'><strong>nobis</strong></span> <span class='ocrx_word' id='word_1_106' title='bbox 777 1027 835 1061; x_wconf 75' lang='lat' dir='ltr'><strong>est,</strong></span> <span class='ocrx_word' id='word_1_107' title='bbox 849 1026 905 1054; x_wconf 81' lang='lat' dir='ltr'><strong>aut</strong></span> <span class='ocrx_word' id='word_1_108' title='bbox 918 1023 945 1053; x_wconf 86' lang='lat' dir='ltr'><strong>si</strong></span> <span class='ocrx_word' id='word_1_109' title='bbox 950 1023 1029 1064; x_wconf 85' lang='lat' dir='ltr'><strong>fieri</strong></span> <span class='ocrx_word' id='word_1_110' title='bbox 1040 1027 1142 1064; x_wconf 83' lang='lat' dir='ltr'><strong>potest</strong></span> <span class='ocrx_word' id='word_1_111' title='bbox 1158 1024 1221 1055; x_wconf 84' lang='lat' dir='ltr'><strong>alia</strong></span> <span class='ocrx_word' id='word_1_112' title='bbox 1236 1026 1395 1057; x_wconf 81' lang='lat' dir='ltr'><strong>solertiore</strong></span> <span class='ocrx_word' id='word_1_113' title='bbox 1409 1030 1440 1057; x_wconf 86' lang='lat' dir='ltr'><strong>et</strong></span> <span class='ocrx_word' id='word_1_114' title='bbox 1455 1028 1617 1058; x_wconf 76' lang='lat' dir='ltr'><strong>astutiore.</strong></span> 
     </span>
     <span class='ocr_line' id='line_1_14' title="bbox 160 1065 1618 1110; baseline 0.003 -14"><span class='ocrx_word' id='word_1_115' title='bbox 160 1066 232 1098; x_wconf 75' lang='grc' dir='ltr'><strong>ΡΗ.</strong></span> <span class='ocrx_word' id='word_1_116' title='bbox 256 1067 438 1106; x_wconf 85' lang='lat' dir='ltr'><strong>Diligenter</strong></span> <span class='ocrx_word' id='word_1_117' title='bbox 453 1067 486 1097; x_wconf 82' lang='lat' dir='ltr'><strong>id</strong></span> <span class='ocrx_word' id='word_1_118' title='bbox 499 1067 692 1097; x_wconf 79' lang='lat' dir='ltr'><strong>studendum.</strong></span> <span class='ocrx_word' id='word_1_119' title='bbox 737 1066 804 1097; x_wconf 81' lang='lat' dir='ltr'><strong>GE.</strong></span> <span class='ocrx_word' id='word_1_120' title='bbox 832 1065 925 1096; x_wconf 85' lang='lat' dir='ltr'><strong>Nunc</strong></span> <span class='ocrx_word' id='word_1_121' title='bbox 940 1069 975 1096; x_wconf 85' lang='lat' dir='ltr'><strong>tu</strong></span> <span class='ocrx_word' id='word_1_122' title='bbox 995 1067 1083 1105; x_wconf 85' lang='lat' dir='ltr'><strong>prior</strong></span> <span class='ocrx_word' id='word_1_123' title='bbox 1102 1070 1250 1106; x_wconf 85' lang='lat' dir='ltr'><strong>patruum</strong></span> <span class='ocrx_word' id='word_1_124' title='bbox 1265 1068 1489 1109; x_wconf 84' lang='lat' dir='ltr'><strong>Demiphonem</strong></span> <span class='ocrx_word' id='word_1_125' title='bbox 1503 1078 1618 1110; x_wconf 83' lang='lat' dir='ltr'><strong>aggre-</strong></span> 
     </span>
     <span class='ocr_line' id='line_1_15' title="bbox 160 1108 1615 1153; baseline 0.003 -14"><span class='ocrx_word' id='word_1_126' title='bbox 160 1109 243 1144; x_wconf 82' lang='lat' dir='ltr'><strong>dere,</strong></span> <span class='ocrx_word' id='word_1_127' title='bbox 273 1119 329 1148; x_wconf 85' lang='lat' dir='ltr'><strong>ego</strong></span> <span class='ocrx_word' id='word_1_128' title='bbox 358 1110 391 1140; x_wconf 86' lang='lat' dir='ltr'><strong>in</strong></span> <span class='ocrx_word' id='word_1_129' title='bbox 419 1109 544 1140; x_wconf 75' lang='lat' dir='ltr'><strong>insidiis</strong></span> <span class='ocrx_word' id='word_1_130' title='bbox 572 1109 623 1140; x_wconf 81' lang='lat' dir='ltr'><strong>hic</strong></span> <span class='ocrx_word' id='word_1_131' title='bbox 650 1108 808 1140; x_wconf 82' lang='lat' dir='ltr'><strong>subsidebo</strong></span> <span class='ocrx_word' id='word_1_132' title='bbox 834 1109 991 1148; x_wconf 77' lang='lat' dir='ltr'><strong>suppetias</strong></span> <span class='ocrx_word' id='word_1_133' title='bbox 1020 1110 1152 1150; x_wconf 84' lang='lat' dir='ltr'><strong>laturus,</strong></span> <span class='ocrx_word' id='word_1_134' title='bbox 1178 1110 1208 1140; x_wconf 82' lang='lat' dir='ltr'><strong>si</strong></span> <span class='ocrx_word' id='word_1_135' title='bbox 1235 1111 1319 1142; x_wconf 85' lang='lat' dir='ltr'><strong>vires</strong></span> <span class='ocrx_word' id='word_1_136' title='bbox 1344 1111 1497 1153; x_wconf 76' lang='lat' dir='ltr'><strong>deficient.</strong></span> <span class='ocrx_word' id='word_1_137' title='bbox 1540 1112 1615 1144; x_wconf 77' lang='lat' dir='ltr'><strong>Pu.</strong></span> 
     </span>
     <span class='ocr_line' id='line_1_16' title="bbox 162 1151 327 1190; baseline 0.012 -9"><span class='ocrx_word' id='word_1_138' title='bbox 162 1151 234 1189; x_wconf 76' lang='lat' dir='ltr'><strong>Eju,</strong></span> <span class='ocrx_word' id='word_1_139' title='bbox 256 1161 327 1190; x_wconf 77' lang='lat' dir='ltr'><strong>age.</strong></span> 
     </span>
    </p>
   </div>
   <div class='ocr_carea' id='block_1_4' title="bbox 764 1202 1006 1215">
    <p class='ocr_par' dir='ltr' id='par_1_9' title="bbox 764 1202 1006 1215">
     <span class='ocr_line' id='line_1_17' title="bbox 764 1202 1006 1215; baseline 0 -1"><span class='ocrx_word' id='word_1_140' title='bbox 764 1202 1006 1215; x_wconf 49' lang='lat' dir='ltr'><strong>‘&#39;teretem-oea·</strong></span> 
     </span>
    </p>
   </div>
   <div class='ocr_carea' id='block_1_5' title="bbox 156 1267 1618 1738">
    <p class='ocr_par' dir='ltr' id='par_1_10' title="bbox 156 1267 1618 1738">
     <span class='ocr_line' id='line_1_18' title="bbox 160 1267 1616 1308; baseline 0.003 -10"><span class='ocrx_word' id='word_1_141' title='bbox 160 1270 342 1307; x_wconf 57' lang='lat' dir='ltr'><strong>‹wora—4⁷</strong></span> <span class='ocrx_word' id='word_1_142' title='bbox 362 1268 419 1299; x_wconf 84' lang='lat' dir='ltr'><strong>Uti</strong></span> <span class='ocrx_word' id='word_1_143' title='bbox 433 1267 539 1306; x_wconf 80' lang='lat' dir='ltr'><strong>fuerit</strong></span> <span class='ocrx_word' id='word_1_144' title='bbox 554 1272 657 1300; x_wconf 81' lang='lat' dir='ltr'><strong>vestra</strong></span> <span class='ocrx_word' id='word_1_145' title='bbox 673 1269 783 1302; x_wconf 81' lang='lat' dir='ltr'><strong>oratio.</strong></span> <span class='ocrx_word' id='word_1_146' title='bbox 828 1270 872 1301; x_wconf 91' lang='grc' dir='ltr'><strong>Ο.</strong></span> <span class='ocrx_word' id='word_1_147' title='bbox 889 1270 912 1302; x_wconf 84' lang='grc' dir='ltr'><strong>Ι.</strong></span> <span class='ocrx_word' id='word_1_148' title='bbox 931 1280 956 1302; x_wconf 91' lang='lat' dir='ltr'><strong>s.</strong></span> <span class='ocrx_word' id='word_1_149' title='bbox 973 1273 1008 1301; x_wconf 88' lang='lat' dir='ltr'><strong>et</strong></span> <span class='ocrx_word' id='word_1_150' title='bbox 1024 1271 1092 1301; x_wconf 92' lang='lat' dir='ltr'><strong>Do.</strong></span> <span class='ocrx_word' id='word_1_151' title='bbox 1107 1273 1143 1300; x_wconf 83' lang='lat' dir='ltr'><strong>ut</strong></span> <span class='ocrx_word' id='word_1_152' title='bbox 1158 1270 1275 1308; x_wconf 82' lang='lat' dir='ltr'><strong>fuerit.</strong></span> <span class='ocrx_word' id='word_1_153' title='bbox 1305 1270 1365 1303; x_wconf 85' lang='lat' dir='ltr'><strong>Fa.</strong></span> <span class='ocrx_word' id='word_1_154' title='bbox 1410 1271 1531 1302; x_wconf 81' lang='lat' dir='ltr'><strong>Nostri</strong></span> <span class='ocrx_word' id='word_1_155' title='bbox 1546 1280 1616 1302; x_wconf 87' lang='lat' dir='ltr'><strong>om-</strong></span> 
     </span>
     <span class='ocr_line' id='line_1_19' title="bbox 161 1310 1617 1353; baseline 0.003 -13"><span class='ocrx_word' id='word_1_156' title='bbox 161 1319 234 1349; x_wconf 82' lang='lat' dir='ltr'><strong>nes,</strong></span> <span class='ocrx_word' id='word_1_157' title='bbox 249 1314 283 1340; x_wconf 85' lang='lat' dir='ltr'><strong>ut</strong></span> <span class='ocrx_word' id='word_1_158' title='bbox 291 1310 414 1348; x_wconf 85' lang='lat' dir='ltr'><strong>fuerit:</strong></span> <span class='ocrx_word' id='word_1_159' title='bbox 440 1316 475 1341; x_wconf 71' lang='lat' dir='ltr'><strong>vt</strong></span> <span class='ocrx_word' id='word_1_160' title='bbox 491 1317 638 1351; x_wconf 82' lang='lat' dir='ltr'><strong>quatuor</strong></span> <span class='ocrx_word' id='word_1_161' title='bbox 649 1316 764 1343; x_wconf 79' lang='lat' dir='ltr'><strong>nostra.</strong></span> <span class='ocrx_word' id='word_1_162' title='bbox 782 1313 973 1344; x_wconf 54' lang='lat' dir='ltr'><strong>Bene-48</strong></span> <span class='ocrx_word' id='word_1_163' title='bbox 1000 1313 1072 1343; x_wconf 86' lang='grc' dir='ltr'><strong>ΕΡ.</strong></span> <span class='ocrx_word' id='word_1_164' title='bbox 1098 1313 1138 1343; x_wconf 87' lang='lat' dir='ltr'><strong>In</strong></span> <span class='ocrx_word' id='word_1_165' title='bbox 1152 1313 1343 1353; x_wconf 84' lang='lat' dir='ltr'><strong>recipiunda.</strong></span> <span class='ocrx_word' id='word_1_166' title='bbox 1389 1313 1444 1344; x_wconf 85' lang='lat' dir='ltr'><strong>Ita</strong></span> <span class='ocrx_word' id='word_1_167' title='bbox 1460 1319 1495 1344; x_wconf 91' lang='lat' dir='ltr'><strong>et</strong></span> <span class='ocrx_word' id='word_1_168' title='bbox 1511 1314 1617 1345; x_wconf 81' lang='lat' dir='ltr'><strong>Bt.—</strong></span> 
     </span>
     <span class='ocr_line' id='line_1_20' title="bbox 159 1352 1616 1395; baseline 0.005 -13"><span class='ocrx_word' id='word_1_169' title='bbox 159 1354 202 1382; x_wconf 77' lang='lat'><strong>49</strong></span> <span class='ocrx_word' id='word_1_170' title='bbox 217 1352 250 1383; x_wconf 85' lang='lat' dir='ltr'><strong>J.</strong></span> <span class='ocrx_word' id='word_1_171' title='bbox 267 1359 301 1383; x_wconf 89' lang='lat' dir='ltr'><strong>et</strong></span> <span class='ocrx_word' id='word_1_172' title='bbox 318 1354 470 1384; x_wconf 85' lang='lat' dir='ltr'><strong>Venetus</strong></span> <span class='ocrx_word' id='word_1_173' title='bbox 487 1353 563 1384; x_wconf 85' lang='lat' dir='ltr'><strong>cod.</strong></span> <span class='ocrx_word' id='word_1_174' title='bbox 579 1354 797 1385; x_wconf 77' lang='lat' dir='ltr'><strong>invincibilem.</strong></span> <span class='ocrx_word' id='word_1_175' title='bbox 819 1356 912 1386; x_wconf 86' lang='lat' dir='ltr'><strong>Perl.</strong></span> <span class='ocrx_word' id='word_1_176' title='bbox 957 1354 1076 1387; x_wconf 82' lang='lat' dir='ltr'><strong>Gnelf.</strong></span> <span class='ocrx_word' id='word_1_177' title='bbox 1092 1358 1124 1386; x_wconf 82' lang='lat'><strong>2.</strong></span> <span class='ocrx_word' id='word_1_178' title='bbox 1141 1358 1172 1386; x_wconf 85' lang='lat' dir='ltr'><strong>et</strong></span> <span class='ocrx_word' id='word_1_179' title='bbox 1187 1360 1266 1386; x_wconf 85' lang='lat' dir='ltr'><strong>ante</strong></span> <span class='ocrx_word' id='word_1_180' title='bbox 1282 1359 1536 1395; x_wconf 59' lang='lat' dir='ltr'><strong>optumam—50</strong></span> <span class='ocrx_word' id='word_1_181' title='bbox 1558 1358 1616 1389; x_wconf 84' lang='lat' dir='ltr'><strong>Ea.</strong></span> 
     </span>
     <span class='ocr_line' id='line_1_21' title="bbox 159 1394 1617 1438; baseline 0.004 -14"><span class='ocrx_word' id='word_1_182' title='bbox 159 1394 252 1425; x_wconf 85' lang='lat' dir='ltr'><strong>varie</strong></span> <span class='ocrx_word' id='word_1_183' title='bbox 269 1396 465 1426; x_wconf 82' lang='lat' dir='ltr'><strong>collocatur.</strong></span> <span class='ocrx_word' id='word_1_184' title='bbox 513 1395 542 1426; x_wconf 91' lang='lat' dir='ltr'><strong>A</strong></span> <span class='ocrx_word' id='word_1_185' title='bbox 557 1397 724 1427; x_wconf 84' lang='lat' dir='ltr'><strong>nonnullis</strong></span> <span class='ocrx_word' id='word_1_186' title='bbox 742 1398 826 1428; x_wconf 84' lang='lat' dir='ltr'><strong>Mss.</strong></span> <span class='ocrx_word' id='word_1_187' title='bbox 855 1398 962 1429; x_wconf 87' lang='lat' dir='ltr'><strong>abest.</strong></span> <span class='ocrx_word' id='word_1_188' title='bbox 990 1398 1075 1429; x_wconf 86' lang='lat' dir='ltr'><strong>Wit.</strong></span> <span class='ocrx_word' id='word_1_189' title='bbox 1099 1398 1128 1428; x_wconf 84' lang='lat' dir='ltr'><strong>si</strong></span> <span class='ocrx_word' id='word_1_190' title='bbox 1149 1398 1223 1437; x_wconf 79' lang='lat' dir='ltr'><strong>quid</strong></span> <span class='ocrx_word' id='word_1_191' title='bbox 1243 1402 1340 1438; x_wconf 85' lang='lat' dir='ltr'><strong>potes.</strong></span> <span class='ocrx_word' id='word_1_192' title='bbox 1368 1399 1478 1430; x_wconf 89' lang='lat' dir='ltr'><strong>West.</strong></span> <span class='ocrx_word' id='word_1_193' title='bbox 1524 1400 1617 1431; x_wconf 85' lang='lat' dir='ltr'><strong>Nunc</strong></span> 
     </span>
     <span class='ocr_line' id='line_1_22' title="bbox 159 1437 1617 1480; baseline 0.004 -13"><span class='ocrx_word' id='word_1_194' title='bbox 159 1437 268 1476; x_wconf 78' lang='lat' dir='ltr'><strong>ipsa’st</strong></span> <span class='ocrx_word' id='word_1_195' title='bbox 282 1448 367 1477; x_wconf 83' lang='lat' dir='ltr'><strong>opus.</strong></span> <span class='ocrx_word' id='word_1_196' title='bbox 414 1438 499 1468; x_wconf 85' lang='lat' dir='ltr'><strong>Post</strong></span> <span class='ocrx_word' id='word_1_197' title='bbox 521 1437 559 1468; x_wconf 82' lang='grc' dir='ltr'><strong>τὸ</strong></span> <span class='ocrx_word' id='word_1_198' title='bbox 583 1448 670 1478; x_wconf 80' lang='lat' dir='ltr'><strong>opus,</strong></span> <span class='ocrx_word' id='word_1_199' title='bbox 697 1440 794 1471; x_wconf 88' lang='lat' dir='ltr'><strong>Bem.</strong></span> <span class='ocrx_word' id='word_1_200' title='bbox 820 1440 924 1472; x_wconf 84' lang='lat' dir='ltr'><strong>habet</strong></span> <span class='ocrx_word' id='word_1_201' title='bbox 938 1440 1120 1471; x_wconf 83' lang='lat' dir='ltr'><strong>dictionem</strong></span> <span class='ocrx_word' id='word_1_202' title='bbox 1136 1450 1184 1476; x_wconf 85' lang='lat' dir='ltr'><strong>ea,</strong></span> <span class='ocrx_word' id='word_1_203' title='bbox 1208 1446 1246 1470; x_wconf 88' lang='lat' dir='ltr'><strong>ut</strong></span> <span class='ocrx_word' id='word_1_204' title='bbox 1270 1441 1329 1480; x_wconf 84' lang='lat' dir='ltr'><strong>sit,</strong></span> <span class='ocrx_word' id='word_1_205' title='bbox 1352 1441 1447 1480; x_wconf 85' lang='lat' dir='ltr'><strong>‘ipsa</strong></span> <span class='ocrx_word' id='word_1_206' title='bbox 1463 1440 1540 1472; x_wconf 77' lang='lat' dir='ltr'><strong>eaz&#39;</strong></span> <span class='ocrx_word' id='word_1_207' title='bbox 1568 1442 1617 1474; x_wconf 83' lang='lat' dir='ltr'><strong>ita</strong></span> 
     </span>
     <span class='ocr_line' id='line_1_23' title="bbox 159 1479 1615 1521; baseline 0.005 -12"><span class='ocrx_word' id='word_1_208' title='bbox 159 1479 263 1510; x_wconf 80' lang='lat' dir='ltr'><strong>etiam</strong></span> <span class='ocrx_word' id='word_1_209' title='bbox 281 1482 399 1511; x_wconf 81' lang='lat' dir='ltr'><strong>melius</strong></span> <span class='ocrx_word' id='word_1_210' title='bbox 414 1481 565 1511; x_wconf 72' lang='lat' dir='ltr'><strong>senarius</strong></span> <span class='ocrx_word' id='word_1_211' title='bbox 580 1482 747 1521; x_wconf 82' lang='lat' dir='ltr'><strong>procedit.</strong></span> <span class='ocrx_word' id='word_1_212' title='bbox 763 1482 821 1514; x_wconf 81' lang='lat' dir='ltr'><strong>Fa.</strong></span> <span class='ocrx_word' id='word_1_213' title='bbox 866 1482 897 1513; x_wconf 94' lang='lat' dir='ltr'><strong>A</strong></span> <span class='ocrx_word' id='word_1_214' title='bbox 914 1483 1037 1513; x_wconf 86' lang='lat' dir='ltr'><strong>nostris</strong></span> <span class='ocrx_word' id='word_1_215' title='bbox 1056 1483 1153 1513; x_wconf 80' lang='lat' dir='ltr'><strong>abest</strong></span> <span class='ocrx_word' id='word_1_216' title='bbox 1169 1492 1215 1513; x_wconf 85' lang='lat' dir='ltr'><strong>ea.</strong></span> <span class='ocrx_word' id='word_1_217' title='bbox 1231 1483 1334 1513; x_wconf 86' lang='lat' dir='ltr'><strong>Bent.</strong></span> <span class='ocrx_word' id='word_1_218' title='bbox 1381 1482 1488 1514; x_wconf 87' lang='lat' dir='ltr'><strong>Abest</strong></span> <span class='ocrx_word' id='word_1_219' title='bbox 1505 1488 1539 1514; x_wconf 86' lang='lat' dir='ltr'><strong>et</strong></span> <span class='ocrx_word' id='word_1_220' title='bbox 1554 1484 1615 1516; x_wconf 72' lang='grc' dir='ltr'><strong>ΒΓ.</strong></span> 
     </span>
     <span class='ocr_line' id='line_1_24' title="bbox 160 1521 1616 1566; baseline 0.004 -14"><span class='ocrx_word' id='word_1_221' title='bbox 160 1521 244 1553; x_wconf 87' lang='lat' dir='ltr'><strong>GM.</strong></span> <span class='ocrx_word' id='word_1_222' title='bbox 265 1522 380 1554; x_wconf 87' lang='lat' dir='ltr'><strong>Guelf.</strong></span> <span class='ocrx_word' id='word_1_223' title='bbox 401 1527 432 1555; x_wconf 81' lang='lat'><strong>2.</strong></span> <span class='ocrx_word' id='word_1_224' title='bbox 477 1524 574 1554; x_wconf 77' lang='lat' dir='ltr'><strong>Potes</strong></span> <span class='ocrx_word' id='word_1_225' title='bbox 599 1529 668 1555; x_wconf 87' lang='lat' dir='ltr'><strong>vet.</strong></span> <span class='ocrx_word' id='word_1_226' title='bbox 685 1525 761 1556; x_wconf 89' lang='lat' dir='ltr'><strong>cod.</strong></span> <span class='ocrx_word' id='word_1_227' title='bbox 779 1535 833 1566; x_wconf 83' lang='lat' dir='ltr'><strong>ap.</strong></span> <span class='ocrx_word' id='word_1_228' title='bbox 852 1525 951 1556; x_wconf 87' lang='lat' dir='ltr'><strong>Lind.</strong></span> <span class='ocrx_word' id='word_1_229' title='bbox 968 1526 1116 1557; x_wconf 59' lang='lat' dir='ltr'><strong>Bru—52</strong></span> <span class='ocrx_word' id='word_1_230' title='bbox 1139 1525 1208 1556; x_wconf 93' lang='lat' dir='ltr'><strong>Do.</strong></span> <span class='ocrx_word' id='word_1_231' title='bbox 1231 1525 1376 1556; x_wconf 77' lang='lat' dir='ltr'><strong>insidiis:</strong></span> <span class='ocrx_word' id='word_1_232' title='bbox 1400 1525 1489 1566; x_wconf 85' lang='lat' dir='ltr'><strong>quod</strong></span> <span class='ocrx_word' id='word_1_233' title='bbox 1513 1527 1616 1558; x_wconf 82' lang='lat' dir='ltr'><strong>estin</strong></span> 
     </span>
     <span class='ocr_line' id='line_1_25' title="bbox 156 1565 1615 1606; baseline 0.004 -11"><span class='ocrx_word' id='word_1_234' title='bbox 156 1565 319 1604; x_wconf 80' lang='lat' dir='ltr'><strong>plusculis</strong></span> <span class='ocrx_word' id='word_1_235' title='bbox 335 1566 419 1598; x_wconf 84' lang='lat' dir='ltr'><strong>Mss.</strong></span> <span class='ocrx_word' id='word_1_236' title='bbox 438 1572 473 1597; x_wconf 85' lang='lat' dir='ltr'><strong>et</strong></span> <span class='ocrx_word' id='word_1_237' title='bbox 491 1566 680 1606; x_wconf 77' lang='lat' dir='ltr'><strong>prisciano,</strong></span> <span class='ocrx_word' id='word_1_238' title='bbox 694 1567 796 1598; x_wconf 90' lang='lat' dir='ltr'><strong>Libro</strong></span> <span class='ocrx_word' id='word_1_239' title='bbox 810 1568 851 1598; x_wconf 89' lang='lat' dir='ltr'><strong>de</strong></span> <span class='ocrx_word' id='word_1_240' title='bbox 864 1567 1076 1599; x_wconf 82' lang='lat' dir='ltr'><strong>Ponderibus</strong></span> <span class='ocrx_word' id='word_1_241' title='bbox 1092 1573 1127 1599; x_wconf 89' lang='lat' dir='ltr'><strong>et</strong></span> <span class='ocrx_word' id='word_1_242' title='bbox 1142 1567 1326 1600; x_wconf 86' lang='lat' dir='ltr'><strong>Mensuris.</strong></span> <span class='ocrx_word' id='word_1_243' title='bbox 1346 1568 1446 1599; x_wconf 88' lang='lat' dir='ltr'><strong>West.</strong></span> <span class='ocrx_word' id='word_1_244' title='bbox 1483 1568 1615 1601; x_wconf 80' lang='lat' dir='ltr'><strong>Insidiis</strong></span> 
     </span>
     <span class='ocr_line' id='line_1_26' title="bbox 159 1607 1615 1652; baseline 0.004 -15"><span class='ocrx_word' id='word_1_245' title='bbox 159 1607 219 1638; x_wconf 60' lang='grc' dir='ltr'><strong>ΒΥ.</strong></span> <span class='ocrx_word' id='word_1_246' title='bbox 246 1608 325 1647; x_wconf 82' lang='grc' dir='ltr'><strong>Βὶρ.</strong></span> <span class='ocrx_word' id='word_1_247' title='bbox 353 1609 392 1640; x_wconf 90' lang='grc' dir='ltr'><strong>Ζ.</strong></span> <span class='ocrx_word' id='word_1_248' title='bbox 417 1614 452 1640; x_wconf 85' lang='lat' dir='ltr'><strong>et</strong></span> <span class='ocrx_word' id='word_1_249' title='bbox 479 1609 605 1649; x_wconf 86' lang='lat' dir='ltr'><strong>Delph.</strong></span> <span class='ocrx_word' id='word_1_250' title='bbox 634 1609 721 1641; x_wconf 85' lang='lat' dir='ltr'><strong>GM.</strong></span> <span class='ocrx_word' id='word_1_251' title='bbox 747 1610 796 1641; x_wconf 84' lang='lat' dir='ltr'><strong>hic</strong></span> <span class='ocrx_word' id='word_1_252' title='bbox 809 1612 998 1642; x_wconf 64' lang='lat' dir='ltr'><strong>adero-53</strong></span> <span class='ocrx_word' id='word_1_253' title='bbox 1024 1610 1148 1641; x_wconf 77' lang='lat' dir='ltr'><strong>Melius</strong></span> <span class='ocrx_word' id='word_1_254' title='bbox 1164 1610 1302 1642; x_wconf 88' lang='lat' dir='ltr'><strong>videtur</strong></span> <span class='ocrx_word' id='word_1_255' title='bbox 1321 1610 1445 1652; x_wconf 68' lang='lat' dir='ltr'><strong>deficias</strong></span> <span class='ocrx_word' id='word_1_256' title='bbox 1467 1611 1557 1652; x_wconf 88' lang='lat' dir='ltr'><strong>quod</strong></span> <span class='ocrx_word' id='word_1_257' title='bbox 1582 1613 1615 1643; x_wconf 89' lang='lat' dir='ltr'><strong>in</strong></span> 
     </span>
     <span class='ocr_line' id='line_1_27' title="bbox 159 1650 1618 1690; baseline 0.003 -10"><span class='ocrx_word' id='word_1_258' title='bbox 159 1650 256 1681; x_wconf 77' lang='lat' dir='ltr'><strong>Rem.</strong></span> <span class='ocrx_word' id='word_1_259' title='bbox 274 1655 338 1682; x_wconf 86' lang='lat' dir='ltr'><strong>est.</strong></span> <span class='ocrx_word' id='word_1_260' title='bbox 354 1652 411 1682; x_wconf 80' lang='lat' dir='ltr'><strong>Fa.</strong></span> <span class='ocrx_word' id='word_1_261' title='bbox 433 1654 435 1656; x_wconf 80' lang='grc'><strong>’</strong></span> <span class='ocrx_word' id='word_1_262' title='bbox 457 1651 574 1682; x_wconf 83' lang='lat' dir='ltr'><strong>Codex</strong></span> <span class='ocrx_word' id='word_1_263' title='bbox 590 1652 695 1683; x_wconf 82' lang='lat' dir='ltr'><strong>etiam</strong></span> <span class='ocrx_word' id='word_1_264' title='bbox 711 1657 827 1684; x_wconf 87' lang='lat' dir='ltr'><strong>noster</strong></span> <span class='ocrx_word' id='word_1_265' title='bbox 842 1656 916 1685; x_wconf 83' lang='lat'>900.</span> <span class='ocrx_word' id='word_1_266' title='bbox 934 1662 1109 1690; x_wconf 87' lang='lat' dir='ltr'><strong>annorum,</strong></span> <span class='ocrx_word' id='word_1_267' title='bbox 1126 1657 1162 1683; x_wconf 85' lang='lat' dir='ltr'><strong>et</strong></span> <span class='ocrx_word' id='word_1_268' title='bbox 1177 1653 1374 1685; x_wconf 88' lang='lat' dir='ltr'><strong>Priscianus</strong></span> <span class='ocrx_word' id='word_1_269' title='bbox 1390 1653 1434 1685; x_wconf 84' lang='lat' dir='ltr'><strong>de</strong></span> <span class='ocrx_word' id='word_1_270' title='bbox 1451 1653 1618 1685; x_wconf 86' lang='lat' dir='ltr'><strong>Ponderi-</strong></span> 
     </span>
     <span class='ocr_line' id='line_1_28' title="bbox 158 1693 1172 1738; baseline 0.004 -15"><span class='ocrx_word' id='word_1_271' title='bbox 158 1693 221 1724; x_wconf 89' lang='lat' dir='ltr'><strong>bus</strong></span> <span class='ocrx_word' id='word_1_272' title='bbox 244 1702 279 1733; x_wconf 87' lang='lat' dir='ltr'><strong>p.</strong></span> <span class='ocrx_word' id='word_1_273' title='bbox 304 1696 399 1727; x_wconf 79' lang='lat'>1354.</span> <span class='ocrx_word' id='word_1_274' title='bbox 423 1694 560 1736; x_wconf 70' lang='lat' dir='ltr'><strong>deficias.</strong></span> <span class='ocrx_word' id='word_1_275' title='bbox 587 1695 692 1727; x_wconf 85' lang='lat' dir='ltr'><strong>Bent.</strong></span> <span class='ocrx_word' id='word_1_276' title='bbox 737 1695 784 1727; x_wconf 88' lang='lat' dir='ltr'><strong>Et</strong></span> <span class='ocrx_word' id='word_1_277' title='bbox 799 1696 848 1727; x_wconf 83' lang='lat' dir='ltr'><strong>ita</strong></span> <span class='ocrx_word' id='word_1_278' title='bbox 863 1696 965 1728; x_wconf 89' lang='lat' dir='ltr'><strong>Both.</strong></span> <span class='ocrx_word' id='word_1_279' title='bbox 980 1696 1059 1738; x_wconf 85' lang='lat' dir='ltr'><strong>Bip.</strong></span> <span class='ocrx_word' id='word_1_280' title='bbox 1077 1695 1172 1728; x_wconf 86' lang='lat' dir='ltr'><strong>Perl.</strong></span> 
     </span>
    </p>
   </div>
   <div class='ocr_carea' id='block_1_6' title="bbox 574 1936 1203 1981">
    <p class='ocr_par' dir='ltr' id='par_1_11' title="bbox 574 1936 1203 1981">
     <span class='ocr_line' id='line_1_29' title="bbox 574 1936 1203 1981; baseline -0.003 0"><span class='ocrx_word' id='word_1_281' title='bbox 574 1937 776 1981; x_wconf 89' lang='lat' dir='ltr'>ACTUS</span> <span class='ocrx_word' id='word_1_282' title='bbox 809 1939 873 1980; x_wconf 91' lang='grc' dir='ltr'><strong>ΙΙ.</strong></span> <span class='ocrx_word' id='word_1_283' title='bbox 928 1936 1136 1980; x_wconf 85' lang='lat' dir='ltr'><strong>SCENA</strong></span> <span class='ocrx_word' id='word_1_284' title='bbox 1164 1937 1203 1979; x_wconf 91' lang='lat' dir='ltr'><strong>I.</strong></span> 
     </span>
    </p>
   </div>
   <div class='ocr_carea' id='block_1_7' title="bbox 510 2059 1255 2092">
    <p class='ocr_par' dir='ltr' id='par_1_12' title="bbox 510 2059 1255 2092">
     <span class='ocr_line' id='line_1_30' title="bbox 510 2059 1255 2092; baseline -0.003 0"><span class='ocrx_word' id='word_1_285' title='bbox 510 2061 754 2092; x_wconf 88' lang='lat' dir='ltr'>DEM1PHO.</span> <span class='ocrx_word' id='word_1_286' title='bbox 805 2060 949 2091; x_wconf 86' lang='lat' dir='ltr'><strong>GETA.</strong></span> <span class='ocrx_word' id='word_1_287' title='bbox 998 2059 1255 2091; x_wconf 79' lang='lat' dir='ltr'><strong>PHAEDRIA.</strong></span> 
     </span>
    </p>
   </div>
   <div class='ocr_carea' id='block_1_8' title="bbox 156 2127 1611 2305">
    <p class='ocr_par' dir='ltr' id='par_1_13' title="bbox 156 2127 1611 2305">
     <span class='ocr_line' id='line_1_31' title="bbox 156 2127 1560 2181; baseline -0.004 -9"><span class='ocrx_word' id='word_1_288' title='bbox 156 2131 247 2172; x_wconf 70' lang='lat' dir='ltr'><strong>DE.</strong></span> <span class='ocrx_word' id='word_1_289' title='bbox 280 2130 440 2172; x_wconf 79' lang='lat' dir='ltr'><strong>ITANE</strong></span> <span class='ocrx_word' id='word_1_290' title='bbox 464 2128 640 2170; x_wconf 83' lang='lat' dir='ltr'><strong>tandem</strong></span> <span class='ocrx_word' id='word_1_291' title='bbox 659 2141 847 2169; x_wconf 86' lang='lat' dir='ltr'><strong>uxorem</strong></span> <span class='ocrx_word' id='word_1_292' title='bbox 868 2129 994 2170; x_wconf 82' lang='lat' dir='ltr'><strong>duxit</strong></span> <span class='ocrx_word' id='word_1_293' title='bbox 1012 2127 1216 2181; x_wconf 86' lang='lat' dir='ltr'><strong>Antipho</strong></span> <span class='ocrx_word' id='word_1_294' title='bbox 1236 2127 1410 2181; x_wconf 89' lang='lat' dir='ltr'><strong>injussu</strong></span> <span class='ocrx_word' id='word_1_295' title='bbox 1431 2127 1560 2168; x_wconf 74' lang='lat' dir='ltr'><strong>meo?</strong></span> 
     </span>
     <span class='ocr_line' id='line_1_32' title="bbox 157 2193 1611 2251; baseline -0.001 -13"><span class='ocrx_word' id='word_1_296' title='bbox 157 2197 257 2239; x_wconf 90' lang='lat' dir='ltr'><strong>Nec</strong></span> <span class='ocrx_word' id='word_1_297' title='bbox 278 2211 423 2238; x_wconf 88' lang='lat' dir='ltr'><strong>meum</strong></span> <span class='ocrx_word' id='word_1_298' title='bbox 442 2196 690 2249; x_wconf 88' lang='lat' dir='ltr'><strong>imperium,</strong></span> <span class='ocrx_word' id='word_1_299' title='bbox 717 2195 837 2251; x_wconf 85' lang='lat' dir='ltr'><strong>(age,</strong></span> <span class='ocrx_word' id='word_1_300' title='bbox 866 2197 994 2238; x_wconf 86' lang='lat' dir='ltr'><strong>mitto</strong></span> <span class='ocrx_word' id='word_1_301' title='bbox 1014 2193 1288 2250; x_wconf 86' lang='lat' dir='ltr'><strong>imperium,)</strong></span> <span class='ocrx_word' id='word_1_302' title='bbox 1301 2209 1390 2236; x_wconf 87' lang='lat' dir='ltr'><strong>non</strong></span> <span class='ocrx_word' id='word_1_303' title='bbox 1411 2195 1611 2237; x_wconf 83' lang='lat' dir='ltr'><strong>simulta-</strong></span> 
     </span>
     <span class='ocr_line' id='line_1_33' title="bbox 327 2268 581 2305; baseline -0.008 0"><span class='ocrx_word' id='word_1_304' title='bbox 327 2268 413 2305; x_wconf 84' lang='lat' dir='ltr'><strong>tem</strong></span> <span class='ocrx_word' id='word_1_305' title='bbox 433 2275 581 2304; x_wconf 85' lang='lat' dir='ltr'><strong>meam</strong></span> 
     </span>
    </p>
   </div>
   <div class='ocr_carea' id='block_1_9' title="bbox 156 2376 1615 2461">
    <p class='ocr_par' dir='ltr' id='par_1_14' title="bbox 156 2376 1615 2461">
     <span class='ocr_line' id='line_1_34' title="bbox 198 2376 1613 2418; baseline 0.001 -10"><span class='ocrx_word' id='word_1_306' title='bbox 198 2378 268 2408; x_wconf 79' lang='lat' dir='ltr'><strong>DE.</strong></span> <span class='ocrx_word' id='word_1_307' title='bbox 294 2377 384 2408; x_wconf 83' lang='lat' dir='ltr'><strong>Itane</strong></span> <span class='ocrx_word' id='word_1_308' title='bbox 393 2376 532 2416; x_wconf 82' lang='lat' dir='ltr'><strong>Antipho</strong></span> <span class='ocrx_word' id='word_1_309' title='bbox 547 2377 672 2407; x_wconf 82' lang='lat' dir='ltr'><strong>tandem</strong></span> <span class='ocrx_word' id='word_1_310' title='bbox 679 2377 805 2417; x_wconf 80' lang='lat' dir='ltr'><strong>nuptias</strong></span> <span class='ocrx_word' id='word_1_311' title='bbox 816 2376 988 2415; x_wconf 77' lang='lat' dir='ltr'><strong>contraxit,</strong></span> <span class='ocrx_word' id='word_1_312' title='bbox 997 2386 1044 2408; x_wconf 89' lang='lat' dir='ltr'><strong>me</strong></span> <span class='ocrx_word' id='word_1_313' title='bbox 1055 2387 1113 2408; x_wconf 85' lang='lat' dir='ltr'><strong>non</strong></span> <span class='ocrx_word' id='word_1_314' title='bbox 1121 2376 1276 2415; x_wconf 80' lang='lat' dir='ltr'><strong>jubente?</strong></span> <span class='ocrx_word' id='word_1_315' title='bbox 1297 2387 1351 2408; x_wconf 84' lang='lat' dir='ltr'><strong>nec</strong></span> <span class='ocrx_word' id='word_1_316' title='bbox 1364 2381 1547 2417; x_wconf 76' lang='lat' dir='ltr'><strong>potestatem</strong></span> <span class='ocrx_word' id='word_1_317' title='bbox 1557 2388 1613 2418; x_wconf 82' lang='lat' dir='ltr'><strong>pa-</strong></span> 
     </span>
     <span class='ocr_line' id='line_1_35' title="bbox 156 2419 1615 2461; baseline 0.001 -10"><span class='ocrx_word' id='word_1_318' title='bbox 156 2421 261 2461; x_wconf 71' lang='lat' dir='ltr'><strong>triam,</strong></span> <span class='ocrx_word' id='word_1_319' title='bbox 276 2421 342 2459; x_wconf 81' lang='lat' dir='ltr'><strong>(sed</strong></span> <span class='ocrx_word' id='word_1_320' title='bbox 357 2423 440 2450; x_wconf 84' lang='lat' dir='ltr'><strong>taceo</strong></span> <span class='ocrx_word' id='word_1_321' title='bbox 457 2420 535 2451; x_wconf 86' lang='lat' dir='ltr'><strong>hanc</strong></span> <span class='ocrx_word' id='word_1_322' title='bbox 543 2419 757 2461; x_wconf 85' lang='lat' dir='ltr'><strong>potestatem,)</strong></span> <span class='ocrx_word' id='word_1_323' title='bbox 769 2430 825 2451; x_wconf 85' lang='lat' dir='ltr'><strong>nec</strong></span> <span class='ocrx_word' id='word_1_324' title='bbox 838 2421 950 2452; x_wconf 87' lang='lat' dir='ltr'><strong>saltem</strong></span> <span class='ocrx_word' id='word_1_325' title='bbox 963 2420 1210 2460; x_wconf 80' lang='lat' dir='ltr'><strong>indignationem</strong></span> <span class='ocrx_word' id='word_1_326' title='bbox 1219 2430 1317 2452; x_wconf 87' lang='lat' dir='ltr'><strong>meam</strong></span> <span class='ocrx_word' id='word_1_327' title='bbox 1326 2421 1429 2452; x_wconf 82' lang='lat' dir='ltr'><strong>subire</strong></span> <span class='ocrx_word' id='word_1_328' title='bbox 1438 2421 1615 2453; x_wconf 71' lang='lat' dir='ltr'><strong>dubitavit?</strong></span> 
     </span>
    </p>
   </div>
   <div class='ocr_carea' id='block_1_10' title="bbox 764 2515 1004 2527">
    <p class='ocr_par' dir='ltr' id='par_1_15' title="bbox 764 2515 1004 2527">
     <span class='ocr_line' id='line_1_36' title="bbox 764 2515 1004 2527; baseline 0.004 -1"><span class='ocrx_word' id='word_1_329' title='bbox 764 2515 1004 2527; x_wconf 57' lang='lat' dir='ltr'><strong>eeeeeeeeeee</strong></span> 
     </span>
    </p>
   </div>
   <div class='ocr_carea' id='block_1_11' title="bbox 153 2580 1613 2793">
    <p class='ocr_par' dir='ltr' id='par_1_16' title="bbox 153 2580 1613 2793">
     <span class='ocr_line' id='line_1_37' title="bbox 198 2580 1613 2622; baseline 0.001 -10"><span class='ocrx_word' id='word_1_330' title='bbox 198 2584 216 2612; x_wconf 91' lang='lat'>1</span> <span class='ocrx_word' id='word_1_331' title='bbox 241 2581 310 2612; x_wconf 90' lang='lat' dir='ltr'><strong>Hie</strong></span> <span class='ocrx_word' id='word_1_332' title='bbox 321 2580 430 2612; x_wconf 87' lang='lat' dir='ltr'><strong>Actus</strong></span> <span class='ocrx_word' id='word_1_333' title='bbox 443 2590 467 2611; x_wconf 86' lang='lat'><strong>1.</strong></span> <span class='ocrx_word' id='word_1_334' title='bbox 489 2580 635 2612; x_wconf 85' lang='lat' dir='ltr'><strong>Scenam</strong></span> <span class='ocrx_word' id='word_1_335' title='bbox 649 2584 680 2612; x_wconf 81' lang='lat'><strong>5.</strong></span> <span class='ocrx_word' id='word_1_336' title='bbox 695 2580 826 2612; x_wconf 86' lang='lat' dir='ltr'><strong>faciunt</strong></span> <span class='ocrx_word' id='word_1_337' title='bbox 845 2581 964 2621; x_wconf 84' lang='lat' dir='ltr'><strong>Aldus,</strong></span> <span class='ocrx_word' id='word_1_338' title='bbox 980 2582 1071 2612; x_wconf 87' lang='lat' dir='ltr'><strong>Mur.</strong></span> <span class='ocrx_word' id='word_1_339' title='bbox 1095 2580 1258 2612; x_wconf 83' lang='lat' dir='ltr'><strong>Heinsius</strong></span> <span class='ocrx_word' id='word_1_340' title='bbox 1273 2584 1309 2612; x_wconf 89' lang='lat' dir='ltr'><strong>et</strong></span> <span class='ocrx_word' id='word_1_341' title='bbox 1328 2580 1508 2620; x_wconf 86' lang='lat' dir='ltr'><strong>Dacieria;</strong></span> <span class='ocrx_word' id='word_1_342' title='bbox 1532 2582 1613 2622; x_wconf 85' lang='lat' dir='ltr'><strong>quia</strong></span> 
     </span>
     <span class='ocr_line' id='line_1_38' title="bbox 156 2623 1612 2664; baseline 0 -9"><span class='ocrx_word' id='word_1_343' title='bbox 156 2624 265 2655; x_wconf 86' lang='lat' dir='ltr'><strong>Scena</strong></span> <span class='ocrx_word' id='word_1_344' title='bbox 287 2633 353 2655; x_wconf 90' lang='lat' dir='ltr'><strong>non</strong></span> <span class='ocrx_word' id='word_1_345' title='bbox 381 2628 497 2654; x_wconf 84' lang='lat' dir='ltr'><strong>manet</strong></span> <span class='ocrx_word' id='word_1_346' title='bbox 522 2633 642 2663; x_wconf 86' lang='lat' dir='ltr'><strong>vacua,</strong></span> <span class='ocrx_word' id='word_1_347' title='bbox 659 2624 801 2654; x_wconf 86' lang='lat' dir='ltr'><strong>scilicet.</strong></span> <span class='ocrx_word' id='word_1_348' title='bbox 828 2625 925 2655; x_wconf 80' lang='lat' dir='ltr'><strong>West.</strong></span> <span class='ocrx_word' id='word_1_349' title='bbox 967 2624 1024 2655; x_wconf 82' lang='lat' dir='ltr'><strong>Sic</strong></span> <span class='ocrx_word' id='word_1_350' title='bbox 1041 2629 1076 2655; x_wconf 89' lang='lat' dir='ltr'><strong>et</strong></span> <span class='ocrx_word' id='word_1_351' title='bbox 1092 2624 1148 2655; x_wconf 89' lang='lat' dir='ltr'><strong>ed.</strong></span> <span class='ocrx_word' id='word_1_352' title='bbox 1167 2623 1290 2664; x_wconf 80' lang='lat' dir='ltr'><strong>Delph.</strong></span> <span class='ocrx_word' id='word_1_353' title='bbox 1334 2623 1436 2654; x_wconf 87' lang='lat' dir='ltr'><strong>Hanc</strong></span> <span class='ocrx_word' id='word_1_354' title='bbox 1465 2624 1612 2656; x_wconf 87' lang='lat' dir='ltr'><strong>Scenam</strong></span> 
     </span>
     <span class='ocr_line' id='line_1_39' title="bbox 153 2665 1612 2706; baseline 0.001 -9"><span class='ocrx_word' id='word_1_355' title='bbox 153 2666 238 2698; x_wconf 85' lang='lat' dir='ltr'><strong>facit</strong></span> <span class='ocrx_word' id='word_1_356' title='bbox 253 2667 334 2706; x_wconf 83' lang='lat' dir='ltr'><strong>Bip.</strong></span> <span class='ocrx_word' id='word_1_357' title='bbox 350 2666 487 2697; x_wconf 82' lang='lat' dir='ltr'><strong>tertiam</strong></span> <span class='ocrx_word' id='word_1_358' title='bbox 504 2665 613 2696; x_wconf 88' lang='lat' dir='ltr'><strong>Actus</strong></span> <span class='ocrx_word' id='word_1_359' title='bbox 629 2669 734 2697; x_wconf 82' lang='lat'>11.—2</span> <span class='ocrx_word' id='word_1_360' title='bbox 756 2665 829 2705; x_wconf 82' lang='lat' dir='ltr'><strong>Age</strong></span> <span class='ocrx_word' id='word_1_361' title='bbox 843 2666 950 2706; x_wconf 81' lang='lat' dir='ltr'><strong>mitto]</strong></span> <span class='ocrx_word' id='word_1_362' title='bbox 964 2667 1012 2697; x_wconf 80' lang='lat' dir='ltr'><strong>Ac</strong></span> <span class='ocrx_word' id='word_1_363' title='bbox 1023 2667 1114 2698; x_wconf 82' lang='lat' dir='ltr'><strong>mitto</strong></span> <span class='ocrx_word' id='word_1_364' title='bbox 1128 2665 1232 2696; x_wconf 81' lang='lat' dir='ltr'><strong>habet</strong></span> <span class='ocrx_word' id='word_1_365' title='bbox 1248 2666 1346 2696; x_wconf 88' lang='lat' dir='ltr'><strong>Bem.</strong></span> <span class='ocrx_word' id='word_1_366' title='bbox 1371 2671 1406 2697; x_wconf 90' lang='lat' dir='ltr'><strong>et</strong></span> <span class='ocrx_word' id='word_1_367' title='bbox 1421 2666 1541 2696; x_wconf 86' lang='lat' dir='ltr'><strong>habuit</strong></span> <span class='ocrx_word' id='word_1_368' title='bbox 1556 2668 1612 2698; x_wconf 87' lang='lat' dir='ltr'><strong>Vi.</strong></span> 
     </span>
     <span class='ocr_line' id='line_1_40' title="bbox 155 2707 1612 2748; baseline 0.001 -9"><span class='ocrx_word' id='word_1_369' title='bbox 155 2708 211 2739; x_wconf 86' lang='lat' dir='ltr'><strong>Ita</strong></span> <span class='ocrx_word' id='word_1_370' title='bbox 228 2709 329 2739; x_wconf 80' lang='lat' dir='ltr'><strong>eliam</strong></span> <span class='ocrx_word' id='word_1_371' title='bbox 346 2708 484 2739; x_wconf 86' lang='lat' dir='ltr'><strong>videtur</strong></span> <span class='ocrx_word' id='word_1_372' title='bbox 506 2708 632 2748; x_wconf 82' lang='lat' dir='ltr'><strong>legisse</strong></span> <span class='ocrx_word' id='word_1_373' title='bbox 661 2708 783 2739; x_wconf 88' lang='lat' dir='ltr'><strong>Cicero</strong></span> <span class='ocrx_word' id='word_1_374' title='bbox 799 2709 840 2738; x_wconf 82' lang='lat' dir='ltr'><strong>ad</strong></span> <span class='ocrx_word' id='word_1_375' title='bbox 865 2710 937 2739; x_wconf 75' lang='grc' dir='ltr'><strong>Αῑῐ.</strong></span> <span class='ocrx_word' id='word_1_376' title='bbox 955 2718 1025 2739; x_wconf 81' lang='lat' dir='ltr'><strong>xrr.</strong></span> <span class='ocrx_word' id='word_1_377' title='bbox 1070 2709 1224 2739; x_wconf 84' lang='lat' dir='ltr'><strong>Donatus</strong></span> <span class='ocrx_word' id='word_1_378' title='bbox 1246 2708 1277 2739; x_wconf 86' lang='lat' dir='ltr'><strong>h.</strong></span> <span class='ocrx_word' id='word_1_379' title='bbox 1296 2709 1316 2739; x_wconf 93' lang='lat' dir='ltr'><strong>l.</strong></span> <span class='ocrx_word' id='word_1_380' title='bbox 1331 2707 1429 2746; x_wconf 88' lang='lat' dir='ltr'><strong>dicit,</strong></span> <span class='ocrx_word' id='word_1_381' title='bbox 1446 2714 1454 2726; x_wconf 83' lang='lat'>‘</span> <span class='ocrx_word' id='word_1_382' title='bbox 1470 2710 1612 2748; x_wconf 76' lang='lat' dir='ltr'><strong>Legitur</strong></span> 
     </span>
     <span class='ocr_line' id='line_1_41' title="bbox 156 2750 1611 2793; baseline 0.001 -11"><span class='ocrx_word' id='word_1_383' title='bbox 156 2751 294 2790; x_wconf 71' lang='lat' dir='ltr'><strong>etjecis&#39;</strong></span> <span class='ocrx_word' id='word_1_384' title='bbox 316 2751 408 2792; x_wconf 89' lang='lat' dir='ltr'><strong>quod</strong></span> <span class='ocrx_word' id='word_1_385' title='bbox 423 2750 528 2793; x_wconf 87' lang='lat' dir='ltr'><strong>aliqui</strong></span> <span class='ocrx_word' id='word_1_386' title='bbox 540 2751 785 2792; x_wconf 79' lang='lat' dir='ltr'><strong>impresserunt</strong></span> <span class='ocrx_word' id='word_1_387' title='bbox 799 2753 809 2769; x_wconf 76' lang='lat'><strong><em>⁴</em></strong></span> <span class='ocrx_word' id='word_1_388' title='bbox 826 2751 972 2792; x_wconf 78' lang='lat' dir='ltr'><strong>Legitur</strong></span> <span class='ocrx_word' id='word_1_389' title='bbox 987 2756 1022 2782; x_wconf 85' lang='lat' dir='ltr'><strong>et</strong></span> <span class='ocrx_word' id='word_1_390' title='bbox 1037 2754 1122 2782; x_wconf 82' lang='lat' dir='ltr'><strong>taceo</strong></span> <span class='ocrx_word' id='word_1_391' title='bbox 1132 2750 1153 2782; x_wconf 77' lang='lat'><strong>:⁹</strong></span> <span class='ocrx_word' id='word_1_392' title='bbox 1176 2760 1236 2782; x_wconf 89' lang='lat' dir='ltr'><strong>nos</strong></span> <span class='ocrx_word' id='word_1_393' title='bbox 1253 2755 1411 2791; x_wconf 82' lang='lat' dir='ltr'><strong>putamus</strong></span> <span class='ocrx_word' id='word_1_394' title='bbox 1429 2751 1611 2792; x_wconf 81' lang='lat' dir='ltr'><strong>legendum</strong></span> 
     </span>
    </p>
   </div>
  </div>
 </body>
</html>
