1966 3302
319 237 409 279 970·
728 253 729 256 ¹
820 247 862 277 Ρ.
894 246 1138 277 TERENTM
1171 247 1289 278 Auni

321 341 412 385 GE.
442 342 556 384 Tum
578 341 788 383 Phormio
817 341 974 382 itidem
1007 340 1051 382 in
1082 341 1166 382 hac
1186 354 1248 392 re,
1280 345 1328 384 ut
1348 342 1393 383 in
1414 342 1532 393 aliha,
1559 337 1779 386 strenuum

490 410 708 451 hominem
732 410 941 463 praebuit.

321 478 415 521 AN.
448 478 568 529 Quid
588 479 626 519 is
646 477 788 518 fecit‘?
849 477 942 519 GE.
974 475 1236 519 Confutavit
1256 477 1404 519 verbis
1426 477 1662 521 admodum
1694 480 1781 522 ira-

499 551 591 588 tum
615 552 798 600 patrem.

319 615 416 658 AN.
447 615 516 656 Eu
537 616 545 656 !
578 614 806 656 Phormio.
865 612 955 654 GE.
974 613 1069 667 Ego
1090 612 1213 667 quod
1234 614 1375 667 potui,
1395 627 1541 668 porro.
1599 613 1694 656 AN.
1715 615 1780 657 Mi

493 683 628 733 Geta,
651 695 806 723 omnes
827 694 909 724 vos
931 694 1044 722 amo.

321 750 412 793 GE.
445 751 521 793 Sic
551 750 713 792 habent
734 750 952 804 principia
984 763 1100 800 sese,
1132 752 1179 790 ut
1213 749 1340 791 dico:
1371 749 1517 792 adhuc
1545 750 1783 805 tranquilla

493 832 560 860 res
585 824 684 869 est3
1723 818 1780 859 15

322 885 652 940 Mansurusque
674 888 877 939 patruum
901 888 1025 939 pater
1043 889 1127 935 est,
1164 884 1267 927 dum
1288 885 1375 928 huc
1400 886 1625 928 adveniat.
1685 885 1780 927 AN.

497 954 620 1005 Quid
642 955 774 995 eum‘?
836 952 927 994 GE.
960 952 1020 994 Ut
1040 953 1207 1003 aiebat,

322 1023 395 1065 De
412 1023 508 1079 ejus
530 1023 720 1065 consilio
747 1035 846 1063 sese
869 1021 982 1063 velle
1002 1020 1162 1070 facere,
1182 1020 1300 1075 quod
1333 1020 1390 1062 ad
1424 1020 1542 1062 hanc
1572 1034 1664 1062 rem
1686 1021 1782 1064 atti-

493 1095 584 1133 net.

326 1158 423 1202 AN.
455 1159 665 1211 Quantus
687 1164 828 1201 metus
848 1164 916 1202 est
932 1159 1054 1210 mihi,
1075 1158 1222 1200 venire
1255 1157 1339 1200 huc
1372 1159 1545 1200 salvom
1565 1170 1683 1199 nunc
1704 1156 1784 1212 paz

495 1232 656 1279 truum,
678 1227 819 1269 Geta!

321 1356 417 1388 etiam
433 1355 583 1387 Phormio
596 1356 718 1396 pariter
733 1355 766 1387 in
782 1355 840 1387 Ιιαο
856 1365 890 1386 re
905 1355 944 1386 ad
956 1355 1081 1396 nuptias
1095 1355 1280 1396 pertinente,
1287 1354 1409 1394 fortem
1419 1354 1532 1394 tirum,
1546 1358 1577 1386 et
1591 1353 1785 1394 diligentem,

321 1400 405 1431 utin
419 1399 491 1430 aliis
506 1400 608 1438 rebus,
624 1409 656 1431 se
676 1400 787 1439 gessit.
832 1398 901 1430 AN.
928 1398 1012 1434 Quid
1038 1398 1066 1430 is
1080 1398 1187 1436 fecit?
1231 1399 1298 1430 GE.
1323 1398 1464 1430 Convicit
1489 1398 1592 1429 verbis
1617 1397 1787 1438 Demipho·

322 1454 393 1474 nem
408 1446 497 1474 tuum.
509 1446 631 1483 patrem
644 1443 837 1474 vehementer
852 1443 901 1473 ira
916 1442 1091 1482 impulsum.
1137 1441 1205 1474 AN.
1228 1443 1332 1483 Euge,
1351 1441 1509 1478 Phormio,
1522 1451 1618 1482 perge
1625 1441 1735 1479 facere
1750 1443 1785 1472 ut

323 1486 455 1526 coepisti.
501 1486 569 1518 GE.
594 1486 666 1524 Ego
679 1496 772 1526 porro
788 1489 902 1524 autem,
914 1484 982 1523 feci
1002 1486 1080 1525 quod
1094 1485 1195 1525 potui.
1241 1484 1308 1517 AN.
1331 1485 1383 1516 Mi
1410 1485 1506 1523 Geta,
1523 1494 1627 1516 omnes
1650 1493 1704 1516 vos
1717 1493 1785 1515 amo

323 1530 362 1561 de
379 1533 425 1560 tot
441 1529 559 1571 officiis.
607 1529 673 1560 Gn.
703 1528 771 1560 Hoc
787 1530 873 1560 modo
887 1528 1076 1569 principium
1095 1528 1142 1559 rei
1160 1527 1323 1560 successit.-
1346 1538 1397 1559 res
1418 1528 1517 1559 adhuc
1536 1528 1662 1566 integra
1683 1529 1742 1568 est,
1756 1530 1786 1557 et

324 1575 408 1604 tuta.
452 1572 553 1603 Pater
567 1576 787 1613 expectaturus
809 1576 856 1603 est
875 1575 1023 1612 patruum
1048 1574 1146 1612 tuum,
1158 1573 1230 1603 dum
1245 1572 1303 1602 huc
1323 1571 1440 1603 veniat.
1485 1571 1554 1603 AN.
1579 1571 1685 1606 Quare
1696 1572 1787 1610 pater

329 1616 523 1647 Chremetem
547 1621 694 1656 patruum
716 1619 938 1656 expectaturus
964 1617 1032 1646 est?
1076 1614 1142 1646 GE.
1168 1615 1262 1651 Quia,
1278 1619 1312 1647 ut
1328 1614 1444 1653 aiebat,
1459 1615 1523 1644 vult
1536 1624 1568 1645 se
1581 1623 1691 1653 gerere
1706 1615 1739 1643 in
1754 1621 1788 1643 re

326 1660 367 1689 ad
383 1659 614 1690 matrimonium
629 1663 716 1690 tuum
727 1658 917 1700 pertinente,
934 1661 1028 1700 prout
1048 1656 1100 1688 ille
1122 1658 1273 1691 suadebit.
1317 1657 1387 1690 AN.
1413 1657 1610 1697 Quantopere
1623 1659 1724 1692 metuo
1737 1665 1787 1686 re-

954 1755 1176 1769 eeeeeeeeeee

324 1830 426 1862 Both.
463 1830 584 1869 Ecquid
600 1830 659 1860 ΒΥ.
674 1829 776 1860 Bent.
792 1828 869 1869 Bip.
888 1829 927 1860 Z.
942 1829 1037 1860 Peri.
1055 1828 1269 1869 Delph.—12
1296 1826 1374 1857 Tum
1385 1824 1538 1856 Phormio
1551 1824 1672 1856 itidem.
1696 1824 1787 1865 Guy.

324 1875 359 1905 in
376 1872 562 1913 ἆνεκδότοις,
579 1873 657 1903 Tum
672 1873 822 1903 Phormio
835 1882 867 1903 se
881 1873 1000 1903 itidem.
1045 1872 1085 1902 In
1103 1870 1278 1912 impressis
1296 1875 1409 1899 autem
1424 1868 1462 1898 τὸ
1476 1877 1509 1899 se
1529 1868 1698 1899 subaudit.
1742 1869 1788 1899 Et

325 1918 463 1948 videtur
489 1917 545 1946 vix
570 1915 637 1946 dici
664 1915 834 1955 absolute,
857 1915 866 1931 ‘
883 1915 1037 1956 praebere
1063 1913 1196 1945 virum!
1240 1912 1372 1943 Dubius
1398 1911 1575 1942 Ciceronis
1603 1911 1698 1942 locus
1721 1915 1788 1949 est,

325 1961 416 1992 Fam.
434 1970 470 1990 v.
496 1962 546 1990 18.
571 1960 580 1976 ‘
602 1959 699 1999 Rogo
717 1964 818 2000 atque
836 1968 906 1998 oro,
924 1962 958 1988 te
975 1957 1125 1997 colligas,
1141 1957 1318 1996 virumque
1336 1953 1516 1995 praebeas)
1544 1954 1646 1986 West.
1696 1954 1741 1985 Ut
1755 1955 1788 1985 in

324 2004 407 2035 aliis.
432 2003 533 2035 Quod
553 2002 704 2033 Faernus
727 2000 765 2032 τὸ
781 2002 814 2032 in
831 2001 951 2032 abesse
973 2001 1022 2031 ait
1039 2010 1058 2031 a
1074 2001 1161 2030 libro
1181 1998 1358 2037 ssemfflum
1373 1998 1406 2028 in
1423 2007 1464 2028 eo
1482 2007 1501 2029 a
1516 1996 1656 2038 Guyeto
1672 2002 1789 2038 repre-

323 2046 494 2078 henditur.
539 2045 618 2076 Utri
634 2044 778 2076 credas?
814 2044 924 2075 Abest
940 2048 1054 2074 tamen
1073 2043 1222 2083 Adelph.
1239 2051 1273 2073 v.
1298 2044 1329 2072 8.
1345 2044 1375 2071 2.
1398 2045 1406 2057 ‘
1423 2041 1496 2080 Ego
1512 2049 1593 2071 vero
1613 2039 1735 2080 jubeo,
1752 2045 1789 2072 et

324 2090 358 2120 in
375 2090 436 2120 hac
455 2099 503 2128 re,
521 2094 555 2119 et
574 2088 647 2118 aliis
661 2087 839 2118 omnibns?
882 2088 968 2118 Mss.
987 2087 1085 2117 Bodl.
1103 2086 1148 2118 G.
1168 2086 1218 2116 M.
1235 2089 1271 2116 et
1282 2083 1431 2115 Boecieri
1446 2083 1525 2121 dun,
1541 2092 1617 2114 cum
1634 2082 1705 2114 ΕΡ.
1727 2083 1788 2114 Iti-

325 2134 393 2164 dem
409 2132 465 2163 hac
481 2142 525 2169 re,
539 2132 587 2162 uti
602 2133 635 2162 in.
649 2130 733 2162 aliis.
770 2131 878 2162 Idem.
931 2130 1047 2161 Itidem
1062 2129 1094 2160 in
1110 2130 1166 2160 Ιιαε
1182 2138 1227 2168 re,
1241 2131 1278 2159 ut
1300 2128 1333 2159 in
1354 2127 1436 2158 alz'z's.
1473 2126 1574 2158 Liber
1600 2125 1789 2157 Bembinus

325 2176 475 2207 secundo
493 2176 566 2205 loco
591 2175 625 2205 in
652 2173 932 2215 praepositionem
949 2182 1014 2204 non
1033 2172 1147 2211 habet,
1165 2181 1264 2213 quam
1290 2175 1326 2202 et
1353 2169 1483 2210 respuit
1508 2178 1644 2208 versus3
1677 2174 1789 2201 tamen

325 2217 561 2250 subaudienda
577 2222 640 2248 est.
667 2217 724 2249 Fa.
774 2217 816 2248 Ut
832 2216 905 2247 aliis
926 2215 1006 2256 Bip.
1022 2215 1125 2247 Both.
1139 2215 1234 2246 Peri.
1282 2213 1397 2245 Itidem
1411 2213 1468 2243 huc
1481 2221 1516 2243 re
1530 2215 1566 2243 ut
1589 2211 1623 2242 in
1643 2212 1715 2244 aliis
1730 2213 1789 2244 ΒΥ.

323 2265 408 2293 —13
434 2262 556 2292 Iratum
569 2270 669 2292 senem
683 2260 787 2291 habet
804 2259 901 2290 Bem.
930 2258 1020 2300 quod
1047 2257 1284 2290 consuetudini
1311 2256 1477 2287 sermonis
1506 2255 1642 2286 videtur
1657 2264 1790 2287 accom—
1825 2271 1830 2272 ν

325 2305 508 2336 modatius.
534 2305 594 2335 Fa.
646 2303 761 2335 Nostri
778 2312 894 2334 omnes
907 2305 1042 2342 patrem,
1059 2306 1095 2332 et
1111 2301 1159 2332 sic
1178 2301 1309 2332 Nonius
1327 2309 1356 2330 v.
1381 2300 1390 2316 ‘
1409 2297 1611 2338 confutare,’
1633 2302 1670 2329 et
1686 2299 1791 2339 Euty·

325 2349 406 2379 ches
422 2358 456 2389 p.
468 2350 564 2378 2185.
589 2347 686 2378 Bent.
733 2347 853 2377 Senem
871 2345 955 2376 dant
971 2345 1073 2377 Both.
1090 2345 1167 2385 Bip.
1179 2344 1272 2375 Perl.
1286 2342 1501 2382 Delph.—14
1525 2341 1569 2372 G.
1591 2341 1674 2376 Heu,
1687 2341 1789 2372 Phor-

324 2391 407 2422 mio.-
441 2391 499 2421 sed
518 2395 616 2420 notat
633 2389 820 2429 Agraetius,
843 2389 852 2406 ‘
868 2389 943 2419 Heu
957 2388 1155 2428 interjectio
1172 2386 1318 2418 dolentis
1334 2390 1400 2425 est,
1426 2385 1477 2415 Eu
1499 2383 1682 2415 laudantis.
1726 2385 1790 2415 Te-

326 2434 468 2472 rentius,
480 2435 488 2451 ‘
502 2434 565 2471 Eu,
581 2432 768 2464 Phormio?
779 2435 787 2448 '
814 2432 913 2464 West.
939 2431 1013 2462 Heu
1027 2431 1088 2462 ΒΓ.
1106 2430 1189 2461 GM.
1207 2431 1235 2460 Ο
1247 2429 1289 2460 mi
1302 2429 1484 2460 Genu—16
1505 2427 1548 2458 Ut
1559 2427 1672 2458 aiebat.
1696 2426 1788 2467 Guy.

326 2477 516 2517 Antiphoni
535 2477 636 2506 etiam
655 2475 788 2514 tribuit,
813 2475 943 2514 legens,
972 2474 1057 2510 Quid
1081 2477 1169 2504 eum?
1192 2473 1265 2513 quid
1279 2472 1349 2503 ait?
1382 2471 1490 2502 West.
1550 2471 1593 2501 Ut
1607 2469 1722 2505 aiebat,
1737 2470 1790 2501 De

326 2520 388 2558 ejus
405 2520 532 2551 consilio
547 2520 623 2550 velle
637 2528 702 2549 sese
718 2519 841 2556 facere.
872 2515 1097 2548 Ἀνακόλουθον
1112 2517 1174 2547 hoc
1192 2521 1256 2554 est,
1273 2518 1308 2546 et
1325 2514 1525 2545 soloecissat.
1572 2514 1726 2554 Repone,
1749 2512 1790 2543 Id

327 2563 414 2593 aibat
431 2564 482 2594 De
498 2563 562 2601 ejus
576 2562 703 2593 consilio
727 2562 801 2592 velte
816 2571 880 2592 sese
897 2560 1019 2599 fucere,
1031 2560 1113 2600 quod
1126 2560 1165 2590 ad
1180 2559 1257 2590 hanc
1271 2568 1337 2589 rem
1351 2557 1477 2588 attinet.
1521 2559 1531 2573 ‘
1546 2555 1586 2586 Id
1603 2555 1692 2597 quod
1705 2555 1726 2594 3’
1750 2560 1790 2587 ut

329 2606 470 2646 singulis
485 2605 558 2636 fere
576 2605 719 2646 paginiS.
743 2605 842 2635 Bent.
890 2604 943 2635 Ita
958 2603 1043 2634 aibat
1065 2602 1157 2633 Peri.
1204 2602 1313 2633 Notat
1330 2605 1461 2632 tamen:
1489 2604 1497 2618 ‘
1511 2599 1565 2630 Sic
1581 2608 1600 2630 a
1616 2599 1720 2629 Bent.
1737 2607 1791 2630 re-

329 2650 416 2688 cepi.
465 2649 504 2679 In
522 2650 544 2679 l.
561 2649 666 2688 antiq.
689 2648 732 2679 Ut
747 2646 872 2678 aiebat!
915 2647 996 2677 Sine
1010 2645 1114 2676 dubio
1126 2644 1231 2684 igitur
1247 2653 1360 2675 errore
1375 2641 1581 2684 typographi
1597 2641 1651 2672 Ita
1667 2650 1728 2681 pro
1741 2641 1789 2673 111.

327 2691 370 2722 Τὸ
390 2692 434 2722 Ut
452 2691 579 2722 omittit
600 2691 726 2731 Delpb.
748 2690 795 2722 At
810 2691 896 2721 aibat
913 2689 1013 2721 Both.
1064 2688 1178 2720 Veniat
1193 2697 1255 2728 pro
1271 2686 1416 2718 adveniat
1433 2683 1549 2717 Guelf.
1564 2686 1680 2715 3.—-17
1704 2685 1788 2715 Wit.

329 2734 408 2774 quod
423 2734 499 2763 hunc
515 2743 580 2763 rem
594 2735 719 2765 attinet.
780 2733 873 2774 Lege
890 2742 931 2763 ex
947 2742 1015 2763 uno
1032 2731 1141 2772 Regio
1155 2736 1191 2762 et
1212 2730 1291 2762 edd.
1314 2734 1399 2760 vett.
1425 2728 1477 2760 De
1491 2727 1556 2766 ejus
1569 2737 1596 2757 c.
1613 2728 1688 2758 velle
1703 2736 1768 2758 sese
1779 2737 1790 2757 .·

330 2777 478 2807 numeris
497 2776 703 2806 melioribus.
728 2776 825 2807 Rem.
873 2775 964 2810 Quod
978 2776 1018 2805 ud
1033 2783 1098 2805 rem
1112 2773 1229 2805 attinet
1246 2773 1306 2803 ΒΓ.
1348 2772 1431 2804 Velle
1446 2779 1510 2802 sese
1525 2770 1704 2801 Peri—18
1728 2770 1787 2801 Fa.

332 2824 367 2850 et
383 2819 475 2860 Guy.
493 2819 652 2854 Quantum
667 2821 785 2850 metus.-
810 2822 848 2850 ut
871 2817 909 2848 τὸ
933 2822 941 2836 ¹
956 2822 1066 2850 metus
1079 2816 1088 2829 '
1113 2817 1158 2849 sit
1174 2815 1334 2858 gignendi
1350 2823 1460 2847 casus.
1486 2813 1583 2845 West.
1630 2813 1789 2849 Quantum
