1966 3302
536 226 878 259 ADELPHORUM
918 223 1021 254 ac'r.
1047 223 1111 253 ιν.
1144 223 1210 253 sc.
1236 224 1301 254 ιν.
1562 214 1648 254 749

196 330 368 372 Emissc
386 342 395 370 :
426 326 471 368 id
492 337 604 387 anus
625 322 731 364 fecit
752 320 963 362 indicium
984 318 1102 360 mihi.

198 397 317 439 Nam
338 400 387 436 ut
406 395 507 435 hinc
529 391 638 432 forte
668 403 720 430 ea
750 389 805 429 ad
836 386 1125 428 obstetricem
1146 388 1237 427 erat
1257 385 1422 437 missa3
1454 386 1533 428 ubi
1554 400 1650 428 eam

365 462 474 511 vidi,
495 460 613 501 illico

196 530 396 580 Accedo,
413 524 824 585 rogito,jPamphila
844 523 950 576 quid
974 524 1102 582 agat:
1128 521 1223 575 jam
1244 525 1401 575 partus
1424 521 1592 563 adsiet:

197 598 320 640 Eone
342 588 625 638 obstetricem
658 595 882 633 arcessat:
915 590 994 630 illa
1022 589 1271 630 exclamat:
1302 589 1409 639 Abi,
1443 590 1517 630 abi
1542 590 1654 643 jam,

367 663 576 705 AEschine
596 662 604 701 Ξ
1594 658 1650 698 10

199 734 321 776 Satis
356 732 431 773 diu
463 729 625 771 dedisti
660 728 823 779 verba3
855 730 928 766 sat
965 724 1104 766 adhuc
1138 729 1213 765 tua
1244 738 1328 766 nos
1360 726 1571 767 frustrata
1600 726 1656 766 ’st

368 799 497 840 fides.

195 910 366 950 voluptatis
389 917 481 938 causa
505 916 562 947 pro
589 916 635 936 me
659 914 850 945 comparasse
862 914 872 934 :
895 914 973 934 anus
992 903 1153 934 Canthara
1169 903 1202 933 id
1219 902 1295 933 mihi
1310 902 1482 934 indicarit:
1503 913 1574 934 nam
1590 913 1659 933 cum

188 954 277 991 sorte
289 961 324 983 ea
338 952 378 981 ad
392 950 585 981 obstetricem
600 949 669 979 hinc
684 948 761 987 ibat,
779 957 834 985 ego
850 957 917 978 eam
930 946 1031 977 subito
1047 947 1144 986 adivi,
1155 956 1259 985 quoero
1271 946 1344 986 quid
1357 955 1459 976 rerum
1473 950 1547 985 agat
1562 947 1659 977 Pam-

193 996 295 1035 phila,
310 1005 348 1025 an
366 996 486 1033 tempus
499 992 643 1032 pariendi
654 991 761 1030 instet,
774 1000 813 1020 an
829 1000 865 1020 ea
876 991 913 1020 de
924 999 1016 1020 causa
1031 991 1071 1020 ad
1082 989 1275 1020 obstetricem
1287 990 1494 1019 deducendam
1505 988 1636 1028 festinet
1648 999 1659 1019 :

196 1039 236 1069 ad
252 1038 316 1068 hoec
332 1036 424 1068 verba
449 1035 504 1066 illa
519 1034 721 1073 vociferatur,
736 1034 860 1072 Apage,
875 1042 986 1072 apage,
1003 1032 1164 1069 AEschine,
1179 1032 1258 1062 satis
1273 1032 1326 1062 diu
1341 1042 1394 1061 nos
1416 1031 1517 1063 verbis
1530 1032 1660 1062 circum-

197 1080 310 1112 venisti
322 1090 335 1117 ;
362 1079 441 1110 satis
453 1078 616 1118 promissis
625 1076 712 1108 nobis
727 1086 812 1116 spem
821 1075 941 1114 falsam
956 1075 1083 1107 dedisti.
1128 1075 1224 1112 Hem,
1241 1074 1316 1116 quid
1328 1074 1412 1106 istud
1426 1084 1512 1115 rogo,
1523 1075 1661 1115 inquam,

807 1171 1046 1184 ‘W‘stuoo

206 1239 275 1271 Vah
291 1247 334 1270 ex
350 1237 465 1278 priore
476 1247 578 1268 versu
595 1237 660 1268 huc
679 1236 835 1268 retraho:
855 1242 890 1268 et
906 1237 1006 1268 nescio
1021 1237 1087 1267 huc
1104 1245 1250 1276 assumo,
1267 1245 1343 1267 cum
1360 1238 1504 1276 propter
1515 1244 1661 1272 versum,

200 1286 272 1314 tum
290 1285 325 1313 et
341 1280 557 1312 sententiam.

332 1323 412 1362 Vah,
431 1324 499 1359 Quo
515 1324 601 1353 modo
615 1331 661 1352 me
676 1332 714 1353 ex
727 1322 783 1353 hac
798 1323 958 1362 expediam
976 1322 1080 1361 turba,
1096 1320 1197 1352 nescio
1207 1331 1219 1353 .·
1242 1323 1332 1351 tanta
1347 1330 1428 1351 nunc

328 1366 471 1406 Suspicio
487 1367 524 1396 de
540 1375 587 1396 me
602 1365 714 1395 incidit
726 1375 738 1401 ‚-

329 1410 439 1449 Neque
454 1418 490 1439 ea
504 1408 678 1439 immerito:
696 1407 842 1438 Sostrata
858 1407 958 1439 credit
972 1407 1049 1438 mihi
1064 1416 1111 1437 nie
1123 1406 1289 1448 psaltriam
1304 1406 1381 1438 hanc
1396 1406 1505 1438 emisse
1516 1417 1527 1438 .·
1543 1407 1578 1438 id

325 1451 416 1483 Anus
431 1451 474 1482 mi
489 1451 637 1482 indicium
650 1450 743 1488 fecit.

199 1494 286 1526 Noti
302 1495 438 1535 generis
454 1494 489 1524 hi
506 1503 621 1524 versus
637 1497 728 1532 sunt,
742 1493 962 1524 Tetrameter
977 1492 1202 1524 catalecticus
1218 1496 1255 1523 et
1270 1492 1392 1531 plenus
1411 1502 1486 1523 cum
1502 1492 1662 1523 clausulis

200 1538 293 1576 suis;
315 1541 354 1568 ut
379 1537 517 1568 solenne
543 1540 596 1567 est
618 1536 652 1567 in
677 1545 800 1576 magna
827 1536 928 1567 animi
959 1536 1195 1567 commotione.
1246 1535 1315 1567 Vah
1340 1536 1394 1566 vel
1414 1536 1504 1566 intra
1520 1545 1665 1575 versum,

201 1581 254 1611 vel
272 1584 369 1612 extra
385 1590 461 1611 esse
485 1583 613 1620 potest,
636 1583 673 1610 ut
701 1579 790 1618 apud
818 1579 958 1610 Graecos
984 1579 1150 1618 Tragicos
1176 1578 1245 1618 φεῦ.
1292 1578 1444 1609 Faernus
1470 1578 1520 1609 sic
1543 1578 1664 1610 dedit:

201 1622 348 1654 Sostrata
362 1623 461 1654 credit
475 1622 553 1653 mihi
567 1632 614 1653 me
629 1622 790 1662 psaltriam
805 1621 882 1652 hanc
898 1623 1004 1653 emisse
1014 1633 1024 1652 .-
1049 1622 1083 1652 id
1096 1631 1172 1652 anus
1189 1621 1277 1652 Mihi
1291 1621 1441 1652 indicium
1459 1621 1553 1659 fecit.
1599 1622 1664 1652 Ce-

203 1670 327 1706 terum,
342 1665 399 1706 qui
416 1665 458 1696 ad
475 1663 567 1696 And.
585 1674 642 1696 111.
658 1667 690 1696 2.
707 1668 735 1696 1.
752 1664 926 1704 pollicitus
942 1669 1029 1704 erat,
1043 1665 1052 1681 ‘
1065 1674 1100 1695 se
1116 1669 1248 1705 septem
1265 1664 1319 1695 hic
1337 1665 1484 1695 latentes
1500 1664 1667 1696 Bacchia-

202 1717 272 1748 cos,
300 1718 320 1739 a
344 1709 479 1739 nemine
508 1707 551 1739 ad
577 1707 666 1738 hunc
693 1716 800 1748 usqne
818 1707 906 1738 diem
926 1707 1130 1746 intellectos,
1160 1707 1402 1747 expediturum
1418 1707 1437 1745 ;'
1461 1706 1517 1737 ubi
1534 1708 1576 1738 ad
1593 1717 1664 1738 rem

201 1754 340 1782 ventum
357 1757 421 1791 est,
439 1750 519 1792 quid
538 1750 710 1791 promissis
727 1751 864 1790 dignum
882 1749 1011 1782 efficit?
1026 1750 1144 1781 Malim
1160 1750 1296 1789 lectori,
1311 1750 1413 1791 siquis
1431 1750 1522 1790 legat
1538 1754 1572 1781 et
1588 1760 1665 1781 cum

201 1793 328 1824 nostris
348 1793 517 1831 conferat,
539 1794 711 1833 integrum
733 1792 898 1832 judicium
927 1793 1113 1824 remittere.
1138 1793 1235 1824 Bene.
1282 1793 1369 1824 GM.
1391 1803 1456 1824 non
1483 1792 1589 1824 habet
1615 1803 1666 1824 ex.

203 1836 320 1867 Nescio
336 1837 435 1867 abest
449 1846 468 1867 a
484 1835 600 1868 Guelf.
619 1839 649 1867 2.
665 1839 696 1866 3.
718 1836 806 1866 Perl.
853 1836 938 1867 Mihi
960 1837 1020 1877 me]
1053 1834 1164 1866 Abest
1178 1846 1225 1867 me
1241 1846 1261 1867 a
1278 1835 1394 1868 Guelf.
1411 1839 1440 1867 3.
1465 1835 1516 1867 Id.
1562 1836 1667 1866 Turba

201 1882 314 1911 tanta?
335 1879 441 1919 tanta]
468 1878 524 1910 Al.
543 1879 648 1910 semel
664 1881 754 1909 tanta
769 1879 901 1917 legunt.
948 1879 1006 1910 Fa.
1024 1878 1155 1918 signum
1173 1878 1315 1919 rogandi
1341 1879 1455 1918 posuit
1471 1882 1547 1919 post
1563 1883 1665 1910 tanta.

201 1921 272 1952 Alii
288 1931 361 1963 sqq.
379 1925 538 1962 jungunt.
582 1922 654 1953 Nos
666 1921 831 1952 malumus
847 1921 882 1952 id
898 1922 1083 1961 repetitum
1102 1932 1120 1952 a
1137 1922 1249 1953 Poe'ta
1265 1921 1408 1953 credere
1424 1933 1430 1951 ε
1456 1927 1491 1952 et
1507 1922 1556 1952 sic
1572 1927 1666 1952 octo-

202 1963 317 1995 narius
333 1964 455 2006 poscit.
482 1964 555 2004 Bip.
601 1964 641 1995 Id
666 1974 744 1995 anus
759 1965 841 2002 fecit
867 1965 1017 1996 indicium
1040 1964 1132 2005 mihi]
1167 1964 1223 1996 Al.
1238 1965 1272 1995 id
1288 1974 1365 1995 anus
1380 1964 1459 1996 mihi
1483 1965 1550 1996 ind.
1570 1964 1666 2003 fecit.

203 2007 325 2038 Heins.
340 2017 418 2038 anus
431 2008 497 2038 ind.
523 2007 557 2038 id
572 2006 604 2045 f.
631 2007 719 2038 mihi.
764 2008 836 2038 Nos
853 2007 1024 2048 sequimur
1039 2008 1205 2047 ordinem,
1221 2017 1321 2049 quem
1338 2012 1374 2039 et
1389 2008 1499 2038 West.
1517 2007 1665 2048 recepit,

203 2054 241 2080 et
257 2050 371 2081 versui
387 2050 554 2090 aptiorem
571 2049 713 2091 quisque
730 2051 867 2081 sentiat.
901 2051 953 2081 Id.
986 2051 1054 2081 Dat
1071 2051 1112 2082 Ζ.
1144 2051 1186 2081 Ρ.
1201 2061 1229 2081 c.
1246 2061 1277 2082 n.
1292 2050 1414 2082 consilii
1429 2050 1518 2090 quit:
1540 2050 1624 2081 vah!
1644 2050 1648 2091 Ι

206 2092 365 2127 Quomodo
381 2102 429 2123 me
444 2103 483 2123 ex
498 2093 555 2123 hac
570 2093 730 2132 expediam
747 2094 838 2124 turba
857 2092 863 2134 Ι
886 2094 1006 2124 Tanta?
1028 2103 1110 2124 nunc
1124 2093 1257 2133 suspicio
1279 2094 1316 2124 de
1342 2103 1390 2124 me
1413 2093 1525 2124 incidit
1535 2104 1548 2130 ;
1571 2103 1667 2134 neque

203 2144 240 2166 ea
255 2134 419 2166 immerito.
439 2134 444 2176 Ι
465 2135 502 2167 S.
526 2135 637 2175 credit,
659 2135 737 2166 mihi
758 2145 805 2166 me
827 2145 877 2176 ps.
900 2136 979 2167 hanc
1004 2136 1133 2167 emisse:
1158 2136 1192 2167 id
1215 2146 1293 2167 anus
1311 2135 1316 2177 Ι
1337 2136 1425 2167 Mihi
1446 2136 1511 2166 incl.
1529 2136 1623 2174 fecit.
1644 2135 1649 2176 Ι

205 2177 331 2218 Delph.
375 2178 425 2209 M.
448 2188 489 2209 m.
515 2178 547 2208 d.
575 2181 670 2209 sunt.-
693 2187 744 2209 an.
770 2178 839 2208 tim.
865 2178 1049 2218 obstupuit:
1069 2178 1215 2220 pectore}
1238 2180 1416 2211 Consistere
1440 2179 1521 2210 nihil
1545 2179 1669 2210 consilii

203 2219 367 2260 quicquam
380 2224 494 2260 potest.
545 2220 639 2253 Vah!
660 2231 717 2260 quo
729 2222 816 2251 modo
836 2220 840 2261 Ι
861 2222 917 2252 Me
931 2232 970 2252 ex
986 2222 1016 2253 h.
1031 2222 1122 2252 turba
1138 2221 1322 2262 expediam?
1344 2226 1369 2254 t.
1393 2232 1426 2253 n.
1452 2232 1479 2253 s.
1504 2223 1542 2252 de
1556 2232 1604 2253 me
1619 2223 1668 2253 in-

204 2263 294 2301 cidit,
315 2261 320 2302 Ι
344 2263 386 2294 Ν.
401 2273 436 2294 ea
451 2263 618 2294 immerito.
665 2263 702 2294 S.
719 2263 829 2303 credit,
843 2264 920 2295 mihi
934 2274 983 2295 me
997 2265 1104 2295 emisse
1119 2265 1197 2296 hanc
1219 2265 1405 2305 psaltriam:
1426 2263 1430 2305 Ι
1450 2265 1542 2296 Anus
1554 2266 1619 2296 ind.
1636 2265 1668 2295 id

198 2305 230 2343 f.
245 2305 334 2337 mihi.
355 2305 361 2346 1
380 2305 458 2345 Bip.
502 2306 561 2336 Me
576 2316 614 2337 ex
630 2306 662 2336 h.
685 2316 755 2346 exp.
778 2306 871 2337 turba
890 2310 1001 2338 tanta?
1023 2310 1114 2338 tanta
1128 2317 1160 2338 n.
1175 2318 1202 2339 s.
1224 2307 1230 2348 Ι
1249 2308 1301 2339 De
1314 2318 1362 2339 me
1375 2308 1500 2346 incidit,
1522 2317 1618 2348 neque
1634 2318 1668 2338 ea

204 2348 369 2379 immerito.
415 2348 450 2380 S.
466 2349 577 2388 credit,
593 2349 669 2379 mihi
689 2348 694 2390 Ι
715 2349 771 2380 Me
792 2359 840 2388 ps.
857 2349 885 2380 h.
902 2350 1028 2381 emisse:
1050 2350 1084 2381 id
1098 2360 1178 2381 anus
1192 2351 1225 2388 f.
1238 2351 1304 2382 ind.
1321 2351 1410 2382 mihi.
1431 2350 1435 2390 1
1456 2351 1559 2382 Both.
1588 2351 1667 2389 Vah,

206 2392 353 2431 quomodo
367 2401 416 2422 me
429 2401 469 2423 ex
484 2392 513 2422 h.
530 2402 599 2432 exp.
615 2391 706 2422 turba
720 2395 822 2423 nunc?
844 2395 933 2424 tanta
960 2392 1075 2423 incidit
1093 2392 1098 2434 Ι
1118 2393 1275 2433 Suspicio,
1300 2403 1396 2433 neque
1421 2394 1477 2424 illa
1500 2394 1670 2431 immerito,

206 2435 244 2465 de
260 2444 307 2465 me
318 2444 328 2464 .·
344 2435 451 2465 emisse
466 2434 544 2465 hanc
557 2434 722 2475 psaltriam
740 2434 745 2476 Ι
768 2435 853 2466 Mihi
866 2445 926 2474 me,
942 2436 1041 2466 credit
1056 2435 1220 2467 Sostrata.-
1237 2446 1289 2467 an.
1304 2436 1337 2467 id
1343 2437 1375 2475 f.
1391 2436 1454 2467 ind.
1469 2437 1558 2468 mihi.
1579 2436 1584 2476 Ι
1605 2437 1668 2467 Le-

206 2477 258 2516 git
273 2476 367 2508 Perl.
384 2477 519 2507 omnino
536 2487 613 2508 cum
630 2477 799 2509 Bene—8
823 2478 892 2509 Do.
911 2487 978 2509 non
996 2478 1134 2510 videtur
1150 2479 1274 2519 legisse
1289 2478 1326 2509 τὸ
1341 2489 1418 2518 eam,
1443 2479 1534 2521 quod
1550 2485 1669 2511 contra

208 2519 342 2550 Rivium
360 2518 517 2551 defendit
533 2519 628 2551 Glar.
645 2520 688 2550 ob
705 2524 862 2553 metrum.
890 2521 992 2552 West.
1037 2521 1148 2552 Abest
1163 2522 1228 2552 vidi
1244 2532 1263 2553 a
1279 2520 1394 2553 Guelf.
1413 2524 1444 2553 3.
1481 2523 1585 2553 Missa
1600 2526 1669 2553 erat

208 2561 268 2592 dat
285 2561 364 2603 Bip.
388 2562 530 2602 Namque
545 2562 616 2593 hinc
630 2572 665 2593 ea
680 2567 715 2594 ut
731 2567 797 2594 erat
813 2564 908 2595 missa
921 2564 1022 2602 forte,
1045 2564 1097 2594 ubi
1117 2565 1184 2595 vidi
1207 2575 1261 2604 ego
1277 2564 1383 2604 illanc,
1403 2565 1486 2595 illico
1502 2566 1668 2596 Both.-9

208 2604 330 2636 Boend.
348 2603 469 2642 jamne.
505 2604 598 2645 Guy.
622 2605 779 2646 corrigit,
797 2607 866 2645 jam
891 2610 1050 2646 partusne.
1075 2607 1184 2638 West.
1229 2608 1306 2639 Duo
1331 2617 1373 2638 ex
1388 2608 1512 2638 nostris
1529 2614 1564 2639 et
1579 2608 1667 2639 Edd.

208 2647 422 2685 vett.jamne.
446 2647 546 2680 Quod
563 2653 599 2679 et
615 2650 727 2679 versui
745 2649 963 2680 commodius.
991 2649 1086 2681 Bene.
1130 2650 1289 2690 Sequitur
1305 2650 1397 2682 Perl.
1442 2652 1487 2681 Et
1503 2650 1568 2689 sij.
1582 2655 1666 2690 para

209 2690 276 2720 aas.
300 2688 413 2721 Guelf.
431 2693 462 2721 3.
497 2690 586 2729 Rogo
611 2691 758 2721 Br.-10
782 2691 902 2722 Boend.
930 2691 1004 2728 Abi,
1031 2692 1095 2731 abi,
1120 2693 1279 2732 AEschine,
1298 2692 1369 2730 jam
1383 2694 1462 2724 satis
1477 2694 1543 2724 diu.
1577 2694 1667 2724 Vide

210 2731 330 2763 Barth.
354 2731 498 2764 Advers.
526 2742 616 2764 xxv.
642 2737 674 2763 5.
702 2734 798 2765 lVest.
844 2735 992 2765 Accersat
1020 2735 1077 2765 ΒΓ.
1104 2735 1205 2766 Bent.
1243 2737 1366 2766 Clamat
1394 2736 1535 2767 Biz——ll
1563 2737 1665 2766 Varie

209 2773 285 2806 haec
299 2775 472 2816 leguntur.
518 2775 558 2807 ln
579 2775 685 2808 eodd.
703 2777 774 2808 aliis
792 2781 858 2815 est,
885 2778 969 2809 Satis
984 2777 1036 2809 diu
1054 2778 1145 2809 verba
1161 2778 1286 2811 dedisti.
1330 2778 1371 2810 In
1398 2779 1482 2819 aliis,
1509 2778 1596 2810 Satis
1615 2780 1666 2809 dia
