1966 3302
320 213 406 256 602
817 224 859 255 Ρ.
889 223 1131 254 TEREN'rn
1159 225 1282 270 ‚Arm

321 316 408 360 Vel
434 318 524 360 heri
555 318 600 359 in
630 317 750 368 vino,
781 330 914 371 quam
944 317 1232 360 immodestus
1253 293 1397 362 fuisti}
1457 319 1541 362 SY.
1573 320 1772 363 Factum.

492 386 579 427 CH.
611 385 755 436 Quam
775 386 1014 427 molestus!

322 455 386 497 Ut
406 455 625 509 equidem,
647 455 711 496 ita
728 468 797 496 me
820 455 881 496 Di
909 455 1079 497 ament!
1109 455 1257 506 metui,
1289 455 1393 509 quid
1424 454 1614 496 futurum
1646 455 1771 497 deni-

495 535 582 576 que
604 525 734 563 esset.

321 591 444 633 Novi
465 603 548 643 ego
569 590 808 631 amantium
827 589 1042 631 animum:
1075 590 1308 632 advertunt
1329 589 1532 644 graviter,
1564 602 1666 643 quae
1685 603 1772 631 non

491 669 691 699 censeas.

322 725 408 768 01..
441 725 501 767 At
522 724 630 766 mihi
650 724 758 765 fides
778 724 896 779 apud
924 724 1039 766 hunc
1060 730 1144 775 est,
1165 725 1273 766 nihil
1294 738 1363 767 me
1383 724 1516 766 istius
1536 724 1774 773 facturum,

493 798 633 847 pater.
1719 791 1774 831 10

324 861 412 903 CH.
458 861 591 903 Esto:
635 865 683 901 at
717 863 831 901 certe
860 860 1080 902 concedas
1112 860 1213 901 hinc
1242 859 1391 913 aliquo
1423 859 1480 900 ab
1513 872 1589 900 ore
1627 871 1775 900 eorum

494 927 828 982 aliquantisper.

326 996 471 1039 Multa
493 996 575 1037 fert
590 995 756 1036 libido:
788 1007 841 1036 ea
861 993 1065 1048 prohibet
1087 993 1228 1035 facere
1251 998 1328 1035 tua
1347 993 1592 1048 praesentia.

324 1125 393 1156 heri
417 1124 451 1156 in
476 1125 636 1156 convivio?
678 1124 741 1156 SY.
766 1122 878 1154 Actum
902 1126 961 1154 est.
1018 1123 1087 1155 CH.
1113 1123 1215 1159 Quam
1239 1124 1433 1163 importunus
1455 1126 1485 1154 et
1506 1121 1632 1154 acerbus
1648 1122 1746 1161 suisti
1761 1121 1778 1154 ί)

323 1170 411 1207 adeo,
427 1168 473 1198 ita
489 1177 534 1199 me
550 1169 609 1199 Dii
623 1170 756 1206 servent,
785 1170 819 1197 ut
839 1167 979 1206 equidem
1002 1165 1095 1197 timui
1120 1167 1193 1206 quid
1211 1166 1414 1204 contingeret,
1428 1175 1465 1196 ne
1479 1166 1615 1197 oriretur
1628 1165 1781 1196 contentio

323 1211 407 1243 inter
424 1214 452 1242 te
468 1213 498 1241 et
516 1211 662 1243 Cliniam.
709 1211 779 1249 Ego
795 1210 866 1240 novi
881 1209 1041 1248 ingenium
1055 1213 1246 1240 amatorum:
1269 1208 1422 1249 accipiunt
1438 1209 1561 1240 moleste
1575 1217 1624 1244 ea,
1638 1218 1704 1248 quoe
1720 1217 1780 1238 non

321 1258 413 1294 pules
427 1263 477 1285 eos
493 1254 734 1285 animadvertere
749 1257 778 1284 et
795 1252 955 1292 suspicari.
1002 1252 1062 1283 CL.
1087 1252 1162 1292 Sed,
1190 1263 1206 1283 o
1224 1256 1326 1293 pater,
1351 1251 1401 1282 hic
1425 1252 1552 1293 confidit
1567 1250 1655 1286 mihi,
1678 1255 1706 1281 et
1730 1253 1781 1281 sat

324 1298 426 1328 credit
441 1306 488 1327 me
503 1297 581 1327 nihil
594 1297 758 1335 facturum
781 1295 872 1326 istius
897 1295 945 1326 rei
966 1305 1057 1335 quam
1079 1295 1179 1326 times.
1225 1296 1293 1325 CH.
1316 1294 1369 1325 Sit
1395 1294 1464 1325 itat
1486 1295 1595 1325 saltem
1620 1294 1724 1324 secede
1746 1293 1780 1323 in

324 1340 458 1380 aliquem
482 1340 579 1370 locum
603 1338 792 1380 aliquamdiu
808 1348 827 1368 a
842 1341 1000 1379 conspectu
1016 1338 1149 1369 illorum.
1197 1336 1301 1369 Multa
1317 1337 1411 1368 libido
1426 1337 1611 1377 concupiscit
1626 1339 1656 1367 et
1669 1335 1778 1367 incitat

327 1386 469 1414 amantes
484 1382 567 1413 inter
581 1393 615 1414 se
629 1391 723 1422 agere
735 1393 745 1412 .·
769 1384 798 1412 et
814 1384 868 1412 tua
882 1381 1052 1422 pra’sentia
1076 1380 1204 1421 impedit
1220 1391 1281 1412 eos.
1329 1381 1398 1420 Ego
1413 1381 1450 1411 de
1467 1380 1581 1420 meipso
1596 1379 1629 1410 id
1643 1379 1781 1418 conjicio.

931 1475 1168 1487 eeeeeeeeeeee

327 1548 446 1583 Guelf.
463 1552 557 1582 1.-7
585 1549 621 1580 In
632 1549 714 1580 vino.
758 1547 814 1580 Ita
830 1547 931 1579 metri
949 1547 1034 1579 ratio
1051 1546 1202 1588 postulat
1227 1550 1265 1578 nt
1292 1545 1438 1587 legatur.
1482 1543 1606 1576 Boend.
1632 1544 1684 1576 Μ.
1710 1543 1782 1576 ΕΑ.

329 1595 399 1626 ΕΤ.
423 1594 457 1624 in
482 1592 641 1624 convivio.-
668 1591 844 1623 octonario
871 1590 1197 1632 hypercatalectico.
1226 1590 1327 1621 West.
1370 1589 1379 1605 ‘
1400 1588 1455 1620 Vel
1481 1587 1548 1618 heri
1573 1587 1607 1618 in
1635 1587 1783 1618 convivio.

328 1638 459 1669 Omnes
477 1635 549 1667 fere
566 1636 587 1666 l.
604 1645 628 1666 s.
647 1635 737 1666 inter
753 1644 838 1676 quos
855 1634 952 1665 Bem.
975 1643 1040 1665 non
1056 1633 1090 1664 in
1102 1632 1240 1664 convivio
1256 1630 1395 1671 habent,
1420 1629 1479 1662 sed
1496 1631 1530 1662 in
1553 1631 1643 1661 t-ino:
1666 1629 1701 1660 iu
1716 1639 1782 1671 quo

329 1681 432 1712 etiam
454 1679 538 1710 libro
559 1688 605 1709 vs-
628 1677 717 1714 finit,
742 1686 810 1708 non
825 1677 1004 1715 infactum,
1020 1676 1080 1707 sed
1097 1676 1130 1706 in
1152 1685 1243 1716 quam
1257 1673 1422 1706 molestus?
1444 1673 1503 1704 Fa.
1547 1674 1557 1690 ‘
1575 1672 1695 1704 Nostri
1712 1673 1784 1703 uni-

329 1723 418 1754 versi
433 1722 466 1753 in
481 1720 575 1753 vino!
601 1722 703 1752 Bent.
727 1720 735 1737 ‘
749 1720 788 1751 In
803 1719 956 1760 convivio]
981 1720 1049 1751 Ms.
1064 1720 1105 1751 R.
1122 1719 1155 1750 in
1170 1718 1242 1750 vino
1258 1726 1269 1747 .·
1298 1716 1390 1759 quod
1406 1726 1472 1748 non
1493 1715 1676 1756 displicet!
1689 1715 1784 1747 Lina.

331 1766 371 1797 In
385 1765 524 1796 convivio
542 1764 598 1794 dat
616 1763 656 1795 Z.
689 1763 830 1805 reliqua>
862 1761 939 1793 edd.
964 1771 1021 1802 ap.
1047 1771 1121 1798 nos,
1143 1762 1176 1792 in
1202 1761 1282 1793 vino.
1327 1759 1419 1791 Add.
1443 1761 1488 1800 τῷ
1503 1758 1588 1797 fact.
1617 1757 1712 1789 verb.
1737 1761 1784 1790 est

330 1807 449 1841 Guelf.
477 1810 508 1838 2.
552 1806 609 1837 Ita
637 1811 671 1837 et
700 1806 756 1837 ed.
785 1805 976 1846 Delph.-8
1000 1804 1151 1844 Corrigit
1178 1803 1269 1844 Guy.
1296 1804 1340 1835 Ut
1366 1812 1393 1833 e.
1415 1802 1438 1834 i.
1457 1812 1499 1833 m.
1521 1801 1594 1840 Dii,
1615 1800 1785 1833 metuerim.

330 1852 488 1883 Boeclero
509 1850 552 1881 Ut
569 1848 690 1881 metui!
717 1849 819 1886 valet,
833 1850 842 1866 ‘
855 1857 952 1889 qnam
967 1848 1072 1878 metui
1087 1847 1110 1878 !'
1133 1847 1142 1863 ‘
1155 1852 1281 1887 quanto
1295 1846 1327 1876 in
1340 1850 1434 1876 metu
1449 1843 1498 1875 fui
1514 1843 1534 1874 !'
1557 1843 1654 1875 Idem
1671 1848 1784 1875 tamen

332 1895 425 1936 Guy.
442 1894 476 1924 in
491 1892 634 1924 Scholiis
651 1893 738 1923 Mss.
761 1893 770 1908 ⁴
787 1891 839 1923 An
863 1890 989 1922 metuim
1003 1900 1063 1931 pro
1077 1889 1236 1921 metuerim
1247 1889 1270 1920 ?'
1286 1888 1394 1920 West.
1432 1891 1441 1905 ‘
1455 1887 1546 1927 Gny.
1562 1887 1617 1918 hic
1631 1887 1785 1926 corrigit,

337 1938 382 1969 Ut
398 1935 570 1975 metuerim,
593 1936 657 1966 hoc
674 1940 739 1974 est,
763 1934 848 1965 adeo
865 1939 902 1964 ut
929 1933 1128 1964 metuerim:
1156 1937 1258 1972 atque
1284 1932 1346 1962 hoe
1377 1929 1522 1970 arripuit
1547 1934 1582 1960 et
1612 1929 1785 1960 transtulit

332 1981 386 2011 vir
415 1979 580 2011 eruditus.
625 1978 753 2018 Magno
779 1981 903 2008 conatu
932 1977 1012 2007 nihil
1039 1975 1175 2016 agitur.'
1197 1975 1292 2005 Bent.
1323 1974 1383 2005 ΒΓ.
1406 1973 1453 2004 Di
1480 1972 1640 2011 amabunt,
1664 1972 1785 2003 metui:

333 2023 392 2054 ubi
409 2026 505 2054 notat
522 2022 646 2052 Bruns.
669 2023 678 2037 ‘
692 2020 740 2051 sic
759 2020 866 2060 primo
882 2030 890 2050 :
916 2028 1004 2049 nunc
1019 2018 1142 2050 amabat
1163 2026 1275 2058 neque
1291 2017 1392 2047 aliter
1416 2014 1577 2046 edm—9
1603 2014 1693 2046 Libri
1715 2015 1786 2056 qni-

335 2067 411 2097 dam
430 2066 548 2105 script.
572 2068 608 2094 et
626 2063 781 2104 impressi
796 2064 924 2093 animos.
948 2062 1055 2093 West.
1101 2062 1111 2079 ‘
1126 2061 1253 2093 Omnes
1283 2060 1303 2091 1.
1332 2069 1358 2091 s.
1383 2059 1538 2089 animum.-
1567 2058 1616 2089 ita
1631 2057 1787 2098 procedit

333 2109 460 2149 optime
491 2106 706 2139 trochaicus?
732 2106 789 2136 Fa.
834 2105 987 2136 ‘Omnes
1016 2104 1123 2135 nostri
1153 2103 1299 2134 animum.
1345 2102 1422 2133 Hoc
1449 2105 1571 2132 recte:
1606 2100 1666 2131 sed
1696 2101 1786 2131 aliud

335 2156 465 2186 restat:
490 2160 565 2182 cum
587 2150 677 2181 enim
702 2148 712 2165 ‘
730 2148 876 2179 animum
894 2146 1098 2179 advertere’
1123 2147 1247 2187 passim
1278 2155 1333 2186 ap.
1356 2145 1443 2176 hunc
1460 2148 1495 2175 et
1523 2144 1683 2175 Plautum
1697 2144 1788 2174 dica-

336 2201 403 2234 tur,
428 2198 436 2212 ‘
453 2194 632 2224 advertere
645 2192 654 2205 '
678 2201 739 2232 per
755 2201 790 2222 se
809 2201 848 2222 eo
859 2200 958 2221 sensu
972 2199 1162 2231 nunquam:
1189 2189 1216 2220 si
1229 2187 1418 2225 distinguas
1435 2191 1509 2227 post
1524 2186 1672 2226 animum,
1689 2187 1787 2227 plane

336 2244 456 2269 contra
473 2245 598 2267 morem
616 2234 739 2275 egeris.
784 2234 954 2265 Nimirum
970 2238 1067 2264 certa
1089 2237 1142 2264 est
1165 2231 1328 2263 Palmerii
1345 2229 1540 2262 emendatio
1555 2239 1563 2260 :
1589 2229 1634 2260 N.
1645 2239 1670 2259 e.
1685 2239 1789 2260 aman-

337 2281 380 2312 tis
392 2292 402 2312 .·
425 2281 561 2311 animum
577 2279 755 2309 advertunt.
789 2277 949 2315 Amantis,
966 2276 1204 2308 terminatione
1221 2275 1345 2315 prisca,
1361 2274 1423 2304 hoc
1440 2278 1492 2303 est
1508 2274 1654 2302 amantes.
1686 2271 1788 2305 Quod

337 2333 415 2355 cnm
444 2321 602 2362 Magistri
630 2319 764 2351 amantis
784 2329 861 2360 gen.
892 2320 977 2359 sing.
1007 2319 1216 2359 acciperent,
1240 2326 1379 2347 necesse
1408 2321 1484 2346 erat
1501 2318 1540 2345 ut
1556 2319 1788 2355 supponerent

337 2364 531 2397 nutantium.²
555 2365 659 2394 Bent.
704 2362 865 2393 Palmerii
893 2362 1161 2392 emendationem
1189 2360 1291 2390 etiam
1321 2358 1445 2399 probat
1471 2356 1661 2388 Both.-—10
1696 2357 1790 2396 Lege

337 2419 413 2440 cnm
432 2418 496 2438 uim
511 2417 552 2438 ex
572 2406 699 2445 Regiis,
712 2410 748 2435 nt
767 2405 957 2436 trochaicus
974 2404 1017 2435 sit
1035 2414 1131 2443 aeqne
1150 2413 1188 2434 ac
1202 2402 1320 2439 ceteri,
1336 2401 1380 2432 At
1395 2400 1480 2441 fides
1501 2400 1555 2431 mi.
1580 2399 1681 2430 Bent.
1718 2400 1789 2430 ιΜ.

339 2457 375 2482 et
394 2450 513 2482 Boend.
528 2450 691 2488 sat-turum
705 2447 820 2488 putat?
845 2448 955 2478 West.
1000 2447 1045 2478 At
1061 2447 1146 2489 fides
1160 2446 1203 2477 mi
1230 2444 1324 2476 Perl.
1353 2443 1454 2475 Both.
1490 2443 1590 2472 Putat
1615 2451 1679 2482 pro
1699 2446 1790 2482 pater

338 2493 456 2526 Guelf.
473 2495 588 2524 2.-11
615 2491 702 2522 Hinc
727 2490 824 2521 abest
841 2500 860 2521 a
877 2490 943 2520 Ms.
959 2490 1008 2521 M.
1026 2495 1061 2520 et
1078 2490 1171 2530 Lips.
1192 2488 1293 2520 Wese.
1338 2486 1348 2503 ⁴
1364 2487 1456 2517 Certe
1477 2485 1622 2516 concedas
1636 2484 1739 2525 aliquo
1752 2484 1790 2516 ab

339 2547 442 2567 eorum
459 2545 521 2567 ore.
548 2536 643 2565 Bem.
660 2538 695 2564 et
712 2534 767 2563 alii
795 2533 924 2573 antiqui
952 2533 1000 2564 ita
1025 2533 1207 2570 collocant,
1223 2530 1260 2560 ab
1276 2539 1328 2560 ore
1343 2538 1458 2560 eorum.
1503 2528 1665 2558 Ceterum
1682 2528 1737 2558 Vi.
1756 2533 1791 2558 et

342 2580 556 2610 Decnrtutus
573 2577 697 2607 habent
714 2577 858 2606 concedas
875 2576 956 2615 hinc,
971 2585 1036 2616 qua
1050 2574 1217 2615 particula
1231 2572 1347 2603 addita
1358 2571 1477 2602 melius
1492 2580 1607 2600 versus
1625 2571 1792 2610 procedit,

340 2622 396 2662 qni
416 2626 469 2652 est
486 2620 676 2651 trochaicus
694 2618 964 2650 acatalecticus!
988 2618 1047 2649 Fa.
1094 2618 1179 2648 Hinc
1195 2616 1276 2646 nulli
1292 2624 1333 2645 ex
1351 2613 1474 2644 nostris
1490 2622 1498 2642 t
1523 2613 1580 2644 sed
1599 2618 1668 2643 tre-s
1681 2617 1791 2645 veter-

342 2665 430 2703 rimi,
453 2667 534 2694 cerlo
548 2666 582 2693 ut
595 2663 751 2693 concedas.
797 2662 950 2700 tiemone,
973 2664 1101 2691 atcerte
1114 2664 1147 2690 ut
1161 2659 1231 2689 Ιιὶηε
1246 2668 1272 2688 c.
1289 2657 1328 2689 ιι.’
1352 2658 1455 2688 Bent.
1503 2655 1580 2686 Non
1601 2655 1680 2686 hab.
1704 2659 1737 2686 ut
1755 2659 1792 2685 et

342 2707 412 2738 hinc
428 2705 546 2737 Guelf.
563 2709 593 2736 2.
617 2704 702 2736 GM.
720 2707 765 2734 ut.
789 2703 891 2734 Both.
915 2707 949 2734 ut
964 2704 1033 2734 hinc
1047 2704 1203 2733 concedas.
1228 2701 1320 2731 l'crl.
1344 2703 1427 2730 certe
1441 2701 1475 2729 nt
1488 2708 1515 2728 c.
1530 2698 1611 2729 hinc.
1637 2698 1694 2729 nr.
1712 2698 1791 2738 Bip.

342 2753 374 2780 ae
391 2752 473 2780 certe
487 2749 633 2778 concedas
648 2747 763 2786 aliquo.
789 2746 910 2785 Dclph.
933 2749 965 2776 ιιι
981 2756 1006 2776 c.
1029 2747 1175 2776 concedas
1195 2744 1232 2775 ab
1255 2754 1306 2773 ore
1322 2752 1425 2772 eorum
1444 2740 1666 2780 aliquantisper
1679 2741 1792 2780 aliquo.

343 2796 428 2824 --12
456 2792 572 2823 Earum
589 2794 619 2821 et
638 2794 714 2831 post
726 2789 820 2820 libido
838 2788 950 2820 Guelf.
965 2791 995 2820 3.
1040 2789 1048 2805 ‘
1064 2789 1115 2820 Ex
1130 2789 1226 2819 Bon».
1243 2786 1313 2817 solo
1332 2785 1387 2816 Fa.
1406 2783 1500 2815 dedit
1515 2782 1792 2823 facere1trohibet;
