1966 3302
405 223 827 255 HEAUTON'HMOR.
860 223 968 254 Acr.
992 223 1057 253 ιν.
1091 222 1160 253 sc.
1195 222 1304 252 v111.
1495 211 1582 254 639

128 319 358 360 Daturum.
418 318 517 359 ΜΕ.
552 317 682 360 Vah!
713 318 874 359 frustra
896 331 993 359 sum
1015 317 1147 371 igitur
1170 317 1348 369 gavisus
1370 316 1515 358 miser.

128 385 320 436 Quidvis
341 390 489 427 tamen
504 386 599 439 jam
620 386 751 435 malo,
773 399 907 439 quam
929 385 1045 426 hunc
1067 385 1281 426 amittere.

125 453 247 504 Quid
264 468 377 496 nunc
395 454 636 495 renuntiem
658 455 738 495 abs
762 459 804 494 te
825 467 1100 508 responsum,
1118 452 1317 503 Chreme,

126 521 200 562 Ne
221 523 377 564 sentiat
395 535 464 562 me
484 521 697 571 sensisse,
720 526 854 575 atque
876 534 989 574 aegre
1009 521 1150 561 ferat?
1525 519 1584 560 20

127 589 215 630 CH.
246 589 413 642 AEgre‘?
444 589 626 629 nimium
656 588 737 638 illi,
757 588 1042 639 Menedeme,
1064 588 1283 641 indulges.
1343 587 1442 629 ME.
1466 588 1584 629 Sine.

126 655 359 711 Inceptum
381 655 463 698 'stz
494 656 657 711 perfice
679 658 763 699 hoc
785 657 889 699 mihi
909 662 1141 712 perpetuo,
1162 656 1360 697 Chreme.

84 714 87 716 ¹
126 723 214 765 CH.
246 724 332 765 Dic
352 724 634 776 convenisse3
655 725 801 777 egisse
824 729 867 766 te
888 725 942 766 de
963 724 1146 778 nuptiis.

126 791 225 833 ME.
258 792 445 833 Dicam:
468 791 575 845 quid
593 792 748 832 deinde
765 793 784 832 C?
846 791 933 833 CH.
965 791 1042 833 Me
1054 792 1270 833 facturum
1290 804 1389 832 esse
1408 792 1580 843 omnia3

127 859 347 901 Generum
369 859 568 913 placere:
591 863 814 913 postremo
835 860 985 909 etiam,
1009 859 1048 900 si
1069 859 1208 909 voles,
1525 860 1583 900 25

127 928 409 982 Desponsam
431 939 610 981 quoque
631 940 732 969 esse
753 927 906 969 dicito.
972 926 1072 967 ΜΕ.
1104 926 1249 968 Hem!
1281 928 1397 969 istuc
1431 929 1584 969 volue-

293 1008 401 1036 ram.

127 1063 215 1104 CH.
244 1062 391 1104 Tanto
416 1075 555 1118 ocyus
573 1067 614 1105 te
634 1068 681 1105 ut
703 1068 883 1117 poscat,
915 1066 959 1104 et
979 1068 1024 1104 tu
1043 1062 1105 1111 id,
1128 1062 1246 1116 quod
1269 1063 1412 1116 cupis,

128 1130 276 1182 Quam
313 1143 547 1184 ocyssume
579 1134 627 1172 ut
663 1131 756 1172 des.
818 1131 917 1172 ΜΕ.
948 1129 1111 1184 Cupio.
1173 1130 1260 1171 CH.
1294 1131 1380 1173 Nae
1409 1137 1455 1172 tu
1489 1144 1586 1186 pro-

296 1198 490 1252 pediem,

124 1298 231 1328 amicoe
246 1297 411 1329 Bacchidi.
456 1296 526 1329 CH.
550 1297 676 1329 Scilicet
693 1299 801 1330 credas
816 1308 883 1330 eum
900 1299 1057 1330 daturum.
1103 1299 1174 1330 ME.
1196 1299 1264 1331 Vah
1277 1298 1293 1331 l
1306 1299 1408 1338 igilur
1423 1310 1478 1339 ego
1495 1301 1587 1333 miser

123 1341 242 1372 frustra
269 1340 393 1372 loetatus
415 1349 492 1379 sum,
515 1341 698 1372 existimans
713 1342 823 1383 filium
848 1342 1030 1382 resipuisse:
1048 1346 1149 1373 tamen
1164 1344 1242 1373 malo
1259 1342 1381 1382 quidvis
1395 1344 1472 1374 mihi
1485 1346 1588 1384 perire

123 1382 337 1424 qwmfilium.
369 1383 455 1418 Quid
468 1384 680 1425 referamfilio
694 1395 786 1424 nunc,
808 1387 838 1415 te
853 1385 931 1415 mihi
946 1386 1148 1424 respondisse,
1161 1385 1301 1425 Chreme,
1321 1396 1359 1416 ne
1371 1386 1457 1426 filius
1470 1386 1588 1418 intelli-

121 1430 177 1465 gat
192 1436 238 1457 me
250 1426 440 1457 intellexisse
443 1426 620 1465 fallaciam,
634 1427 725 1467 idque
738 1427 953 1465 molesteferat
965 1431 977 1458 ,⁹
999 1428 1055 1458 CH
1061 1451 1068 1458 .
1082 1428 1212 1459 Moleste
1217 1427 1327 1465 serat?
1352 1429 1382 1458 0
1394 1430 1588 1469 Menedeme,

123 1469 254 1499 nimium
266 1468 317 1499 illi
328 1469 498 1509 permittis.
544 1470 619 1500 ΜΕ.
645 1470 733 1507 Sine,
750 1470 817 1507 jam
841 1471 942 1511 incepi
965 1471 995 1502 ei
1019 1471 1191 1509 indulgere.
1237 1471 1371 1513 Perfice,
1396 1482 1413 1501 ο
1443 1472 1586 1510 Chreme,

123 1515 159 1542 ut
170 1515 316 1552 perpetuo
332 1513 365 1542 id
380 1512 457 1542 mihi
473 1512 576 1544 liceat.
612 1512 681 1544 CH.
705 1513 770 1544 Dic
785 1514 834 1543 illi
851 1516 881 1544 te
897 1524 944 1544 me
959 1513 1085 1553 adiisse,
1098 1517 1127 1544 et
1147 1522 1262 1544 mecum
1277 1515 1315 1544 de
1330 1514 1451 1554 nuptiis
1466 1519 1587 1546 contra-

124 1555 232 1585 hendis
244 1555 353 1593 egisse.
397 1555 469 1585 ΜΕ.
492 1554 608 1585 Dicam
616 1566 629 1592 ;
650 1556 724 1595 quid
738 1559 868 1595 postea?
911 1556 979 1587 CH.
996 1556 1059 1587 Dic
1074 1566 1120 1587 me
1136 1566 1200 1587 esse
1207 1556 1371 1593 facturum
1388 1558 1502 1596 omnia,
1519 1568 1586 1598 quoe

121 1597 200 1638 petii
212 1608 224 1634 ,·
245 1598 295 1628 dic
310 1607 424 1638 quoque
446 1601 574 1636 gratum
599 1607 663 1629 esse
688 1599 778 1637 mihi,
804 1608 871 1630 eum
888 1599 965 1629 mihi
989 1609 1139 1638 generum
1147 1599 1245 1641 fieri:
1264 1603 1431 1640 postremo,
1454 1602 1482 1630 si
1495 1602 1588 1640 voles,

124 1640 218 1670 dicito
230 1639 337 1681 filium
348 1650 446 1670 meam
462 1651 480 1670 a
495 1650 543 1670 me
557 1640 618 1680 ipsi
634 1642 814 1680 desponsam
830 1651 903 1672 esse.
949 1642 1023 1672 ΜΕ.
1050 1642 1168 1673 Filiam
1186 1645 1269 1673 tuam
1285 1642 1347 1682 ipsi
1373 1652 1438 1674 esse
1460 1644 1589 1683 despon-

124 1680 217 1714 sam?
239 1683 319 1723 hem,
339 1682 498 1723 cupiebam
514 1687 544 1714 te
560 1684 624 1714 haec
640 1684 757 1721 dicere,
773 1688 807 1714 ut
818 1684 847 1715 ei
859 1686 1083 1716 renuntiarem.
1123 1685 1192 1716 CH.
1216 1685 1279 1716 Dic
1296 1686 1347 1715 illi
1364 1685 1438 1724 ista,
1453 1689 1487 1716 ut
1501 1690 1588 1717 tanto

123 1726 221 1756 cilius
235 1736 254 1755 a
270 1728 299 1756 te
311 1725 472 1767 pecuniam
486 1729 586 1766 petat,
604 1729 635 1757 et
650 1731 683 1756 tu
701 1727 749 1756 illi.
766 1737 855 1767 quam
872 1727 1035 1767 citissime,
1056 1729 1136 1768 qnod
1161 1728 1247 1768 cupis
1261 1728 1309 1759 illi
1324 1729 1410 1767 clare,
1427 1730 1587 1768 largiaris.

126 1769 201 1800 ΜΕ.
226 1768 324 1809 Cupio
340 1768 420 1808 dari,
435 1770 643 1809 quodcumque
655 1773 773 1810 poscet.
818 1770 889 1801 CH.
916 1770 1022 1810 Certe,
1048 1774 1084 1801 ut
1110 1771 1267 1801 considero
1291 1775 1439 1812 stmztum,
1456 1782 1545 1812 quem
1557 1782 1590 1803 es

730 1842 886 1854 creoceo&
892 1843 968 1854 eece

123 1895 154 1916 a.
180 1885 324 1917 dabitur?
367 1885 470 1917 Bent.
497 1886 536 1917 Z.
562 1885 657 1917 Perl.
683 1887 814 1926 Delph.
843 1888 882 1918 Id
908 1897 935 1918 e.
960 1888 1115 1928 praefecto:
1137 1887 1267 1920 id.—l7
1291 1888 1326 1919 Si
1356 1897 1433 1919 cum
1461 1888 1588 1929 Eugra-

123 1928 201 1968 phio
232 1933 266 1959 et
296 1929 453 1960 Boeclero
485 1928 588 1960 verba
619 1930 690 1960 haec
715 1929 860 1970 [Scilicet
890 1930 1067 1970 Daturum]
1091 1931 1297 1962 Menedemo
1331 1930 1477 1970 tribuas,
1499 1941 1533 1972 q.
1551 1932 1585 1962 d.

122 1970 262 2002 Scilicet
287 1971 444 2003 daturum
470 1981 524 2003 me
550 1972 698 2011 decrevi,
725 1973 788 2012 vel,
811 1973 968 2004 daturum
996 1983 1048 2004 me
1074 1983 1148 2004 esse
1174 1973 1296 2009 dicam,
1320 1973 1409 2014 quod
1437 1975 1589 2014 postula-

122 2013 174 2045 bit
189 2013 289 2054 filius,
310 2014 419 2045 minor
435 2015 601 2055 emphasis
619 2014 685 2046 erit
707 2015 740 2046 in
766 2016 833 2046 illis
850 2016 1060 2056 Menedemi,
1087 2018 1096 2033 ‘
1110 2016 1203 2047 Vah!
1228 2015 1355 2047 frustra
1387 2026 1456 2048 sum
1485 2017 1588 2057 igitur

123 2056 258 2095 gavisus
286 2056 413 2093 miser‚'
437 2057 510 2089 sub.
541 2056 648 2089 filium
672 2066 782 2088 meum
810 2059 955 2090 Cliniam
985 2059 1027 2090 ad
1051 2068 1191 2090 uxorem
1221 2060 1392 2100 appulisse
1425 2059 1588 2096 animum,

123 2103 159 2129 et
173 2098 384 2139 Antiphilam
400 2099 502 2131 filiam
519 2104 613 2131 tuam
629 2100 693 2131 sibi
710 2101 743 2131 in
758 2102 1011 2132 matrimonium
1034 2106 1166 2142 petere.
1212 2102 1350 2134 Nannio
1377 2101 1412 2132 τὸ
1429 2103 1587 2133 Daturum

122 2140 223 2173 valde
257 2142 415 2182 ignavum
452 2143 596 2174 videtur.
643 2144 700 2174 Ita
730 2149 844 2174 tamen
876 2148 911 2175 et
940 2145 1085 2175 Plautus
1116 2146 1216 2176 Cure.
1248 2154 1288 2177 11.
1314 2148 1345 2176 2.
1374 2147 1427 2176 13.
1471 2145 1586 2176 ‘Item

122 2185 205 2215 alios
233 2185 326 2216 Deos
349 2184 515 2225 facturos,
539 2185 695 2217 scilicet!
739 2186 879 2227 Guyeto
908 2187 941 2217 in
970 2188 1091 2228 glossis
1119 2188 1203 2218 Mss.
1227 2187 1264 2217 τὸ
1282 2188 1347 2218 Vah
1375 2187 1587 2219 additamen-

121 2231 195 2258 tum
221 2231 274 2258 est
298 2228 546 2260 histrionicum.
591 2229 682 2260 Mur.
700 2230 844 2260 mutavit
860 2230 893 2260 in
909 2230 960 2261 ali.
1007 2231 1129 2271 Neque
1145 2231 1276 2268 Jnutae‚
1299 2231 1351 2262 St.
1378 2231 1436 2262 Er.
1460 2231 1586 2272 aliique

123 2274 313 2310 agnoscunt
340 2270 377 2301 τὸ
406 2280 485 2302 sum.
531 2272 613 2303 Mss.
645 2272 791 2303 variant.
820 2272 921 2304 lVest.
967 2273 1103 2304 Frustra
1134 2273 1234 2312 igitur
1259 2275 1387 2312 gavisus
1412 2273 1522 2314 miser]
1546 2274 1586 2304 In

123 2312 279 2344 omnibus
295 2313 391 2345 libris
407 2319 460 2345 est
486 2314 627 2345 verbum
654 2325 744 2351 sum,-
766 2315 800 2345 in
828 2315 997 2346 Bembino
1024 2316 1173 2356 quidem,
1197 2320 1275 2356 post
1287 2316 1412 2354 frustra
1426 2327 1436 2347 .·
1462 2317 1495 2347 in
1513 2316 1587 2348 aliis

122 2360 199 2395 post
214 2355 334 2395 igitur.-
359 2357 417 2388 sed
435 2358 661 2398 antiquiorem
679 2357 860 2389 lectionem
889 2357 1112 2395 admittendo,
1137 2368 1273 2389 versum
1298 2360 1346 2389 ita
1375 2359 1586 2399 expedimus,

121 2403 160 2428 ut
174 2407 239 2429 vox
252 2398 379 2436 frustra
393 2399 448 2430 hic
465 2400 617 2431 ultimam
634 2401 807 2441 corripiat,
823 2401 911 2441 quod
929 2402 1088 2441 exemplo
1105 2410 1171 2432 non
1188 2407 1281 2432 caret
1296 2412 1305 2440 ;
1330 2411 1370 2432 ex
1387 2402 1488 2441 igitur
1506 2412 1587 2433 vero

120 2440 310 2472 relidatur.
333 2441 393 2473 Fa.
437 2443 529 2474 Leve
556 2443 618 2474 hoc
647 2448 711 2480 est,
739 2448 774 2474 et
798 2442 933 2474 facilem
961 2453 1076 2475 curam
1104 2444 1268 2474 admittit.
1314 2444 1405 2484 Lege
1423 2454 1486 2486 pro
1507 2445 1588 2484 Vah,

122 2483 212 2523 quod
230 2483 360 2514 dolenti
375 2485 484 2524 magis
509 2486 667 2517 convenit
679 2486 745 2517 Ah.
790 2486 858 2517 Sed
884 2486 974 2517 aliud
1003 2492 1067 2523 est,
1091 2493 1126 2518 et
1153 2487 1254 2526 paulo
1281 2487 1415 2527 majus:
1440 2488 1588 2520 Dixerat

122 2526 362 2566 Menedemum
385 2527 442 2558 ‘id
461 2528 577 2559 amicae
596 2528 767 2567 dabitur3’
791 2528 846 2559 cui
873 2529 1059 2570 respondet
1087 2530 1263 2568 Chremes,
1288 2529 1448 2561 ‘Scilicet
1474 2530 1586 2561 Datu-

121 2568 220 2600 rum.’
267 2570 400 2601 Quem?
442 2570 477 2601 Si
493 2571 535 2601 ad
552 2571 561 2587 ‘
574 2570 734 2610 dabitut·‚'
751 2571 880 2602 diserte
896 2571 1097 2612 respondes,
1122 2572 1175 2603 dic
1191 2572 1283 2613 (quae
1301 2581 1379 2602 vera
1398 2573 1500 2604 lectio
1518 2574 1588 2610 est)

123 2611 250 2643 Scilicet
265 2612 386 2643 Datum
410 2613 464 2645 iri.
487 2613 588 2644 Bent.
634 2613 690 2645 Ita
718 2619 752 2644 et
777 2614 862 2655 legit
887 2615 1077 2646 Bous—2⁰
1100 2615 1203 2655 Vulg.
1226 2614 1341 2645 sentiat
1368 2625 1416 2646 me
1445 2616 1587 2652 sensisse,

122 2653 381 2693 quodinfantis.
426 2656 544 2687 Codex
573 2656 600 2687 C
622 2657 702 2687 sciat
729 2666 790 2697 pro
817 2658 943 2697 sentiat,
965 2657 1054 2688 unde
1083 2658 1236 2697 colligas,
1261 2656 1403 2689 confusa
1432 2657 1522 2689 inter
1550 2669 1585 2689 se

122 2695 223 2727 fuisse
239 2698 311 2728 haec
327 2697 444 2736 verba,
458 2698 507 2729 ita
522 2704 560 2730 ut
576 2699 765 2730 scriberent
781 2700 860 2730 sciat
882 2701 1014 2732 sensisse
1042 2709 1104 2740 pro
1129 2700 1243 2730 sentiat
1267 2700 1347 2730 scire
1371 2700 1424 2731 vel
1448 2701 1586 2732 rescisse.

122 2738 223 2770 Both.
241 2740 297 2781 qui
315 2740 392 2771 inde
408 2741 490 2780 legit
510 2742 557 2772 Ne
572 2742 686 2773 sentiat
702 2742 828 2772 rescisse
845 2743 990 2774 ηανξ-22
1019 2743 1090 2774 GF.
1109 2752 1190 2774 vere
1208 2747 1367 2782 testatur,
1390 2743 1456 2783 legi
1484 2745 1585 2775 etiam

119 2785 320 2823 perpetuum:
344 2783 433 2825 quod
451 2785 673 2825 praetulerim‚
689 2789 725 2816 ut
742 2785 997 2826 ἐμφατικώτερον.
1030 2786 1129 2817 lVest.
1168 2786 1223 2817 Ita
1239 2791 1274 2817 et
1292 2785 1483 2818 Boni—20
1506 2787 1587 2819 Par.
