1966 3302
295 198 382 240 854
793 209 830 237 ιο.
864 207 1105 238 TERENTM
1141 208 1257 238 Arm

298 303 593 356 Quamobrem
615 315 702 342 non
722 301 947 352 reducam,
967 302 1137 344 nescio.
1195 302 1280 342 LA.
1302 299 1449 352 Quem
1470 314 1553 356 ego
1574 301 1645 345 hic
1667 313 1746 344 au-

470 371 561 413 divi
581 370 738 424 loqui?
1407 380 1409 382 ·

297 440 429 481 ΡΑΜ.
461 438 640 480 Certum
662 437 895 478 obfirmare
930 440 999 478 est
1031 436 1150 478 viam
1178 449 1263 486 me,
1286 449 1419 490 quam
1440 437 1617 479 decrevi
1648 450 1750 491 per-

469 520 612 561 sequl.
713 554 716 557 .

299 576 385 617 LA.
417 574 554 628 Ipsus
574 576 659 623 est,
681 572 736 613 de
756 585 844 626 quo
864 571 936 613 hic
964 573 1149 625 agebam
1169 576 1328 615 tecum.
1370 572 1498 614 ΡΑΜ.
1520 572 1665 623 Salve,
1687 571 1747 612 mi

471 645 607 696 pater.
1720 641 1749 680 5

299 711 389 752 LA.
420 708 567 751 Gnate
597 708 673 757 mi,
694 708 829 750 salve.
890 708 1038 749 Pffln.
1072 709 1191 749 Bene
1223 708 1391 749 factum
1423 712 1463 750 te
1497 707 1750 756 advenisse,

472 775 732 830 Pamphile3

298 843 451 899 Atque
484 843 613 892 adeo,
636 843 754 896 quod
786 854 1042 883 maxumum
1064 842 1137 893 ’st,
1173 843 1342 884 salvom
1373 847 1509 897 atque
1541 841 1750 884 validum.

474 911 602 952 PAM.
635 909 857 950 Creditur.

300 980 388 1022 LA.
418 978 616 1020 Advenis
643 977 811 1018 modo'?
874 977 1003 1018 PAM.
1037 976 1299 1018 Admodum.
1362 978 1449 1018 LA.
1483 975 1623 1027 Cedo,
1646 976 1751 1030 quid

471 1045 653 1100 reliquit
674 1045 861 1096 Phania,

302 1115 606 1157 Consobrinus
639 1114 822 1155 noster?
883 1112 1012 1154 PAM.
1045 1112 1158 1154 Sane
1189 1112 1333 1153 hercle
1365 1112 1495 1153 homo
1531 1110 1754 1165 voluptati

473 1183 721 1234 obsequens

302 1251 423 1301 Fuit,
446 1250 553 1291 dum
584 1249 724 1300 vixit3
757 1251 802 1289 et
823 1248 898 1303 qui
929 1248 993 1289 sic
1025 1251 1140 1298 sunt,
1170 1247 1286 1289 haud
1317 1246 1502 1288 multum
1531 1246 1754 1289 haeredem

469 1318 652 1372 juvant:
1699 1315 1755 1354 10

303 1426 418 1457 Nescio
432 1435 522 1466 quum
537 1425 765 1456 excusationem
779 1422 942 1465 proponam
969 1423 1063 1464 putri,
1077 1424 1113 1453 ob
1129 1432 1217 1464 quam
1236 1422 1329 1452 nolim
1351 1422 1493 1452 reducere
1509 1428 1635 1451 uxorem
1650 1427 1757 1448 meum.

305 1470 369 1500 LA.
396 1469 494 1504 Quem
510 1478 566 1507 ego
590 1468 640 1498 hic
665 1467 770 1498 audivi
796 1468 900 1506 loqui?
944 1467 1009 1497 ΡΑ.
1026 1467 1101 1496 Stat
1123 1466 1199 1496 mihi
1224 1465 1412 1505 propositum
1426 1473 1526 1494 meum
1540 1462 1710 1503 obfirmate,
1725 1464 1756 1490 ec

303 1515 480 1543 constanter
499 1511 651 1550 persequi,
666 1515 702 1541 ut
716 1510 833 1540 scilicet
847 1520 905 1539 uon
921 1510 1067 1548 recipiam
1080 1518 1218 1546 uxorem,
1236 1511 1267 1538 et
1281 1517 1383 1538 verum
1397 1516 1519 1536 causam
1532 1515 1592 1536 non
1607 1504 1756 1544 recipien-

305 1557 353 1585 ‹1ae
367 1554 470 1586 celem.
515 1554 576 1585 LA.
600 1554 670 1593 Ipse
689 1553 870 1591 Pamphilus
884 1555 939 1587 est,
956 1552 1124 1592 Phidippe,
1140 1553 1176 1581 (le
1192 1561 1248 1590 quo
1269 1550 1318 1580 hic
1334 1553 1433 1580 tecum
1446 1547 1646 1588 colloquebar.
1691 1546 1758 1576 ΡΑ.

306 1597 412 1637 Salve,
426 1598 468 1627 mi
483 1600 581 1636 paler.
631 1597 689 1627 LA.
717 1596 781 1626 Fili
796 1596 849 1633 mi,
866 1595 960 1626 salve.
1004 1596 1074 1626 ΡΗ.
1101 1595 1228 1624 Gaudeo
1244 1597 1273 1624 te
1288 1593 1458 1628 advenisse,
1475 1590 1651 1630 Pamphile,
1666 1598 1758 1628 enque

305 1641 408 1679 magis
421 1640 551 1679 gaudeo,
574 1639 652 1679 quod
667 1639 827 1669 *incolumis
843 1641 873 1668 et
889 1638 961 1668 bene
975 1639 1079 1669 valens
1100 1637 1195 1674 redis,
1211 1636 1290 1676 quod
1308 1635 1497 1676 praecipuum
1512 1637 1568 1664 est.
1614 1632 1681 1663 ΡΑ.
1704 1631 1760 1662 Sic

305 1693 324 1713 a
355 1683 536 1723 quibusdam
561 1682 710 1712 creditur.
755 1682 815 1711 LA.
841 1680 894 1711 An
919 1682 1005 1711 modo
1034 1677 1187 1711 advenis?
1232 1679 1296 1709 ΡΑ.
1321 1677 1554 1718 Propemodum.
1599 1676 1663 1706 LA.
1695 1673 1759 1704 Dic

306 1726 381 1765 quid
395 1725 521 1765 reliquit
538 1725 570 1754 z'n
598 1725 682 1754 bonis
698 1724 822 1754 Phania
844 1723 1040 1754 consobrinus
1064 1726 1175 1753 noster.
1220 1722 1286 1752 ΡΑ,
1313 1722 1405 1751 Certe
1418 1729 1474 1759 per
1491 1719 1658 1749 Herculem
1672 1717 1759 1747 homo

306 1768 512 1808 voluptatibus
531 1768 652 1798 deditus
669 1767 751 1805 suit,
766 1770 796 1797 et
822 1767 943 1796 deliciis
966 1766 1152 1803 incumbens,
1167 1764 1313 1804 quamdiu
1333 1764 1367 1793 in
1388 1763 1467 1793 vivis
1484 1761 1565 1798 fuit,
1587 1764 1618 1791 et
1645 1759 1698 1800 qui
1712 1759 1760 1789 ila

300 1811 384 1848 sacti
398 1814 470 1842 sunt
495 1821 556 1841 non
578 1811 707 1841 multum
732 1809 850 1839 hoeredi
874 1813 1015 1849 prosunt,
1030 1812 1061 1839 et
1074 1808 1284 1838 conznwdunt:
1307 1806 1368 1836 sibi
1382 1805 1461 1836 hunc
1483 1805 1608 1835 laudum
1634 1802 1760 1834 titulum

916 1889 1091 1901 oeeeeeeoe
1097 1887 1153 1900 oet*

308 1948 471 1987 Librarii,
493 1957 535 1979 ne
552 1947 670 1978 dubita
686 1946 765 1987 quin
783 1956 801 1976 a
817 1945 976 1976 Terentio
989 1945 1038 1975 sic
1055 1942 1245 1984 profectum
1261 1942 1317 1983 sit,
1342 1942 1452 1972 Causae
1465 1941 1539 1981 quid
1553 1941 1653 1971 dicam
1666 1938 1761 1979 palri-

309 1996 349 2022 ut
365 1991 453 2021 And.
471 2000 528 2022 111.
544 1993 575 2021 4.
593 1994 646 2021 21.
671 1989 784 2022 ‘Quid
811 1999 920 2020 causae
946 1993 1009 2024 est,
1037 1987 1115 2027 quin
1143 1985 1245 2016 hinc-¹
1268 1989 1303 2016 et
1319 1983 1420 2017 Adel.
1435 1993 1486 2015 xv.
1501 1986 1533 2014 2.
1552 1987 1603 2014 15.
1627 1983 1636 2000 ‘
1650 1981 1716 2012 Sed
1733 1982 1762 2012 si

309 2035 364 2065 hic
391 2038 566 2074 pernocte,
589 2042 701 2064 causae
729 2032 809 2073 quid
839 2031 960 2070 dicam,
984 2031 1069 2070 Syre
1084 2029 1105 2059 ?'
1150 2029 1267 2059 Plaut.
1284 2026 1364 2058 Aul.
1381 2036 1407 2057 1.
1423 2029 1455 2058 2.
1480 2029 1531 2058 14.
1554 2026 1563 2042 ‘
1578 2025 1631 2057 Ne
1648 2034 1760 2056 causae

310 2076 389 2117 quid
407 2078 462 2116 sit,
478 2077 564 2116 quod
583 2082 618 2107 te
636 2077 811 2116 quisquam
827 2073 1009 2115 quaeritet!
1030 2073 1127 2103 Benl-
1147 2081 1246 2112 quem
1262 2070 1417 2111 sequitur
1430 2070 1530 2100 Both.
1553 2068 1562 2086 ‘
1576 2068 1684 2099 Miror
1700 2076 1762 2098 cur

311 2120 414 2150 Bent.
431 2120 464 2150 in
482 2120 546 2150 litt.
564 2130 613 2149 um
629 2123 682 2149 ter
708 2118 873 2158 repetitas
900 2115 1062 2155 offendat,
1086 2124 1160 2145 cum
1187 2115 1255 2144 tale
1283 2112 1364 2154 quid
1388 2122 1480 2153 saepe
1496 2111 1658 2142 obveniat
1672 2110 1761 2150 apud

311 2163 449 2193 Terent.
496 2162 615 2202 Itaque
632 2170 699 2191 uon
716 2161 873 2191 subtilior
887 2160 942 2190 ille
960 2168 1056 2199 quam
1072 2157 1212 2197 pronior
1229 2156 1270 2187 ad
1287 2155 1484 2187 mutandum
1499 2154 1652 2194 reposuit
1662 2162 1764 2184 cam

312 2205 407 2244 quid?
434 2206 587 2235 Peru—3
604 2205 706 2236 Audio
716 2205 784 2234 Ms.
801 2213 897 2233 unus.
915 2202 1080 2232 Bal—4
1099 2201 1227 2230 Certum
1241 2203 1286 2230 est
1301 2199 1453 2240 offirmare
1468 2198 1554 2228 Mss.
1570 2197 1648 2227 duo.
1663 2195 1763 2226 Boecl.

312 2252 374 2278 —-5
394 2248 465 2278 Hoc
477 2249 507 2278 iu
525 2247 688 2288 plusculis
704 2247 799 2277 libris
816 2251 879 2277 est.
902 2246 998 2275 West.
1024 2243 1094 2274 Hoc
1110 2243 1211 2272 Bent.
1230 2242 1327 2272 Both.
1345 2242 1401 2272 ΒΥ.
1425 2240 1566 2272 ‘Aiebam
1582 2239 1666 2270 Mss.
1681 2237 1762 2276 duo,

313 2290 610 2330 pronuntiati01iiS‚
633 2297 669 2320 ut
694 2289 854 2327 arbitror,
879 2288 961 2318 vitio
988 2284 1248 2316 intercedente:
1276 2284 1376 2315 Boecl.
1399 2283 1527 2314 Aiebam
1544 2286 1579 2312 et
1606 2281 1692 2312 GM.
1720 2290 1763 2311 ex

314 2334 446 2364 emend.
465 2333 542 2363 olim
558 2333 763 2371 agebam—6
787 2332 878 2362 Saloe
894 2331 937 2360 mi
959 2333 1055 2369 gnate
1082 2329 1166 2358 Mss.
1187 2337 1313 2358 omnes.
1337 2326 1498 2357 Boecl.—7
1522 2325 1568 2355 Et
1588 2325 1664 2354 adeo
1688 2322 1762 2353 ΕΡ.

313 2376 402 2415 (mod
421 2381 457 2407 et
474 2376 608 2415 plurimi
627 2380 662 2406 et
675 2375 800 2405 vetusti
818 2375 954 2411 habeut,
969 2377 1057 2402 teste
1071 2371 1175 2401 Beut.
1194 2374 1229 2400 et
1246 2369 1433 2410 probante:
1453 2367 1501 2398 sic
1514 2373 1549 2398 et
1565 2367 1644 2407 Bip.
1660 2365 1763 2396 Both.

314 2419 373 2448 ΒΓ.
399 2420 494 2449 Perl.
519 2424 554 2448 et
577 2418 643 2448 ΜΞ.
671 2419 711 2448 R.
738 2422 827 2448 teste
854 2415 1015 2446 Lind.—-9
1038 2413 1186 2444 Sobrinus
1210 2410 1325 2444 Guelf.
1342 2414 1371 2442 1.
1416 2411 1533 2441 Noster
1548 2409 1646 2440 abest
1661 2418 1680 2438 a
1697 2407 1763 2438 Με.

314 2461 495 2502 Lips.—10
516 2461 630 2492 Vivant
648 2461 706 2491 Br.
719 2469 761 2490 ex
779 2459 911 2490 emend.
925 2462 997 2488 sunt
1009 2467 1019 2493 ;
1033 2457 1042 2473 ‘
1057 2456 1134 2488 libri
1151 2455 1287 2496 quidam
1304 2454 1425 2495 scripti
1441 2457 1476 2484 et
1493 2452 1578 2484 editi
1591 2449 1764 2490 moueant?

972 2542 1112 2574 NOTAE

359 2616 379 2643 4
406 2611 581 2653 Obfirmure
593 2610 688 2651 vium]
711 2610 881 2648 Firmiter,
891 2612 925 2639 et
938 2617 1012 2648 per-
1110 2608 1130 2636 6
1154 2604 1359 2642 Benefactum
1379 2606 1410 2635 te
1432 2601 1606 2642 advenisse]
1633 2600 1674 2632 Id
1699 2605 1765 2642 est,

316 2664 476 2695 tinaciter
503 2662 655 2692 insistere
679 2662 781 2700 viani,
797 2660 849 2702 (id
869 2664 921 2690 est
936 2667 1012 2699 pro·
1067 2665 1231 2697 prospere
1247 2654 1391 2695 contigit
1407 2657 1440 2684 te
1456 2651 1645 2684 advenisse.
1681 2652 1765 2683 For-

317 2715 478 2755 positum,
491 2710 698 2751 consilinum)
724 2721 824 2753 quam
841 2710 920 2742 milii
937 2718 1013 2751 per·
1067 2707 1159 2738 mula
1186 2710 1239 2738 est
1269 2713 1413 2747 peregre
1442 2702 1619 2735 venientes
1649 2706 1764 2742 gratu-

316 2764 520 2807 sequendam
538 2762 710 2804 proposui.
1066 2756 1171 2790 laudi.
