1966 3302
528 222 576 251 lN
616 220 947 251 ΡΗΟΒΜΙΟΝΕΜ
983 220 1256 252 PROLOGUS.
1536 214 1622 255 915

171 315 356 358 Cervam
378 314 527 357 videre
546 315 708 367 fugere,
730 316 888 356 sectari
910 329 1058 366 caneS‚

171 383 226 425 Et
246 396 341 424 eam
360 383 547 437 plorare,
569 395 704 432 orare,
726 387 771 423 ut
791 383 1022 424 subveniat
1042 383 1141 424 sibi.

170 450 302 501 Quod
323 451 360 492 si
381 450 656 502 intelligeret,
678 462 811 502 quom
829 450 951 491 stetit
971 450 1078 490 olim
1100 463 1230 501 nova,

168 519 351 560 Actoris
370 530 502 571 opera
522 517 661 570 magis
683 517 862 558 stetisse
884 531 1015 571 quam
1039 531 1137 568 sua,
1563 521 1618 562 10

168 587 320 627 Minus
341 586 476 626 multo
498 584 721 633 audacter,
743 597 874 638 quam
896 598 1013 626 nunc
1035 586 1175 636 laedit,
1195 586 1387 638 laederet,

168 654 225 695 Et
245 654 383 706 magis
403 652 644 707 placerent,
665 666 777 707 quas
797 652 978 694 fecisset
997 653 1187 696 fabulas.

163 797 429 837 adolescentulum,
444 799 497 839 qui
520 799 677 830 insaniens
699 799 785 830 visus
808 798 868 829 sibi
882 799 999 839 fuerit,
1025 799 1129 831 videre
1143 802 1458 842 cervamfugienlem,
1481 807 1510 833 et
1527 813 1618 834 canes

164 841 264 880 ipsam
276 844 499 882 prosequentes,
514 852 638 882 eamque
653 842 853 883 illacrymari,
866 845 988 882 precari
1008 844 1118 882 ipsum,
1134 848 1167 874 ut
1182 845 1242 876 sibi
1257 850 1423 877 succurrat.
1472 847 1562 881 Quod
1588 847 1615 876 si

163 882 419 915 animadverteret
434 894 520 915 suam
532 885 727 925 Comoediam,
742 887 814 916 dum
826 895 901 915 nova
912 889 1001 925 esset,
1014 896 1071 916 uon
1078 886 1182 923 fuisse
1196 890 1361 928 explosam,
1378 888 1478 927 magis
1491 893 1616 929 propter

162 925 324 964 Actorum,
337 937 428 967 quam
441 931 567 971 propter
578 938 664 958 suam
680 928 774 968 ipsius
785 928 984 967 industriam,
1001 930 1103 959 minus
1119 931 1212 960 multo
1226 932 1413 972 confidenter
1427 932 1504 962 alios
1518 931 1614 972 offen-

163 969 262 1009 deret,
276 980 366 1010 quam
381 980 460 1001 nunc
474 969 617 1011 offindic,
631 975 659 1002 et
676 972 776 1010 magis
787 970 989 1011 probarentur
1006 972 1181 1013 Comoedz‘ae,
1197 984 1271 1014 quas
1291 975 1476 1015 scripsisset.
1521 976 1558 1006 N
1559 985 1616 1006 unc

769 1066 1006 1078 eeeeeeeeeeee

163 1130 315 1163 Fecisti!
359 1130 539 1163 Lucretius
566 1132 615 1163 ita
630 1131 776 1172 passim;
798 1136 835 1163 ut
854 1141 904 1163 vr.
920 1135 973 1164 66.
999 1133 1009 1150 ‘
1024 1133 1179 1164 Flumina
1195 1132 1368 1165 abundare
1395 1138 1431 1165 ut
1447 1133 1615 1176 facerent,

161 1183 367 1215 camposque
390 1174 531 1206 natare?
577 1174 705 1206 Noster
721 1175 815 1205 Prol.
834 1175 959 1206 Heaut.
984 1176 994 1193 ‘
1011 1176 1078 1208 Qui
1104 1186 1213 1215 nuper
1239 1176 1322 1208 fecit
1347 1187 1444 1208 servo
1462 1180 1615 1210 currenti

162 1217 198 1247 in
214 1217 268 1247 via
285 1217 438 1248 Decesse
465 1217 651 1258 populum.’
673 1218 770 1250 Bent.
814 1218 916 1249 Both.
935 1219 976 1254 Q.
993 1229 1024 1249 n.
1042 1218 1125 1256 fecit
1140 1220 1282 1250 insanum
1297 1230 1327 1250 a.
1373 1221 1613 1260 Insanumfecit

161 1259 255 1291 Perl.
302 1260 362 1292 ‘J.
387 1265 423 1291 et
439 1260 587 1291 Venetus
613 1260 688 1292 cod.
711 1260 887 1301 nunquam!
926 1261 1032 1293 Idem.
1079 1266 1087 1279 ‘
1110 1263 1236 1292 Parum
1263 1269 1365 1293 acute
1394 1265 1495 1295 Bent.
1524 1275 1616 1305 prae-

161 1303 240 1333 tulit
257 1302 356 1343 fecit!
379 1303 520 1343 Bip.-7
543 1304 628 1334 Mss.
652 1308 687 1334 et
711 1304 865 1344 impressi
889 1304 1037 1344 quidam,
1063 1308 1094 1336 et
1117 1305 1231 1336 sectari
1255 1316 1283 1336 c.
1308 1306 1366 1336 sed
1395 1306 1512 1337 odiosa
1539 1317 1614 1347 per-

161 1345 321 1385 plexitas,
337 1345 379 1376 de
396 1356 462 1386 qua
479 1346 542 1377 Do.
557 1347 713 1387 copulam
731 1347 872 1387 respuit.
902 1347 1001 1378 West.
1046 1348 1091 1378 Et
1106 1349 1222 1379 sectari
1237 1348 1321 1379 dant
1338 1349 1394 1379 Br.
1412 1349 1513 1381 Both.
1531 1351 1611 1391 Bip.

160 1388 201 1419 Z.
226 1388 318 1420 Peri.
363 1389 508 1422 Quidam
526 1390 641 1427 videri,
656 1389 867 1430 improbante
884 1390 1056 1422 West.-—8
1082 1391 1168 1422 Mss.
1193 1391 1342 1431 quidam,
1358 1397 1393 1422 et
1416 1392 1499 1423 editi
1518 1399 1611 1425 vete-

159 1440 227 1469 res,
242 1435 273 1462 et
283 1431 397 1463 sectari
410 1442 508 1471 canes,
524 1433 567 1463 Et
584 1442 649 1463 eam
671 1433 804 1473 plorare,
819 1436 849 1464 et
864 1443 964 1464 orare.
1009 1435 1054 1464 Et
1078 1432 1168 1464 forte
1190 1435 1449 1475 polysyndeton
1468 1436 1611 1467 inservit

158 1473 295 1505 invidiae
322 1474 490 1505 faciendae
507 1476 612 1507 veteri
631 1475 759 1506 Poetae.
804 1475 844 1507 In
870 1476 919 1508 M.
937 1481 972 1506 et
998 1476 1178 1507 Hulstiauo
1200 1477 1327 1508 Donati
1351 1482 1403 1509 est
1419 1478 1613 1511 subveniant.

158 1517 214 1548 Tr.
230 1517 348 1555 dubie,
361 1518 542 1549 subvem‘aet:
567 1517 626 1549 sed
648 1518 773 1549 lineola
791 1524 983 1550 transversa
998 1521 1042 1558 τῷ
1059 1524 1071 1550 t
1089 1519 1285 1551 adhaerente
1300 1531 1308 1552 :
1333 1520 1420 1561 quod
1439 1522 1489 1552 vel
1506 1523 1612 1554 subve-

157 1559 247 1591 niant
271 1561 371 1599 valet,
386 1561 440 1591 vel
461 1561 671 1592 subveniatur.
694 1562 869 1592 West.—9
893 1561 1004 1592 Causa
1028 1563 1128 1593 metri
1154 1563 1335 1602 legendum
1364 1570 1480 1595 monet
1510 1565 1613 1598 Bent.

157 1603 230 1633 olim
244 1612 313 1634 cum
325 1604 425 1635 stetit.
470 1603 526 1634 Ita
540 1610 575 1635 et
592 1604 657 1634 alii.
702 1604 844 1635 Botliius
860 1604 942 1644 legit
957 1606 1029 1635 olim
1044 1615 1111 1636 cum
1126 1606 1213 1636 stetit
1227 1616 1333 1637 novus.
1367 1607 1425 1637 ΒΓ.
1444 1614 1611 1640 commate

159 1644 340 1686 distinguit
356 1651 434 1686 post
449 1648 519 1678 olim
531 1657 541 1677 .·
557 1647 641 1687 olim,
653 1657 731 1678 nova
747 1647 883 1678 Actoris.
932 1648 1017 1678 Olim
1039 1659 1107 1679 cum
1122 1649 1210 1679 stetit
1228 1649 1304 1689 ssip.
1321 1650 1414 1681 Perl.
1439 1651 1611 1691 Delph.—

159 1690 197 1718 11
222 1689 332 1720 Minus
352 1691 447 1720 multo
463 1691 620 1721 audacter.
666 1690 720 1721 Ita
745 1691 829 1722 citat
847 1691 932 1721 liunc
950 1700 1080 1722 versum
1100 1691 1297 1722 Priscianus
1314 1692 1401 1723 Inst.
1420 1692 1609 1726 Gramniat.

156 1731 216 1762 lib.
241 1740 303 1763 xv.
326 1742 392 1763 non
416 1733 587 1769 audaciter,
611 1733 699 1774 quod
721 1732 911 1764 defendunt
936 1734 1026 1764 Mur.
1049 1737 1084 1765 et
1108 1735 1194 1765 Tan.
1211 1735 1330 1766 Faber.
1377 1735 1501 1776 Rejicit
1519 1737 1609 1778 Guy.

156 1774 190 1804 in
222 1775 342 1815 glossis
368 1775 515 1807 ineditiS.
544 1775 643 1807 West.
690 1777 798 1807 Minus
823 1777 918 1806 multo
942 1776 1102 1816 audacter]
1137 1777 1259 1808 Multae
1289 1778 1457 1809 editiones
1482 1780 1609 1811 habeut

155 1817 267 1848 Minus
288 1818 384 1848 multo
411 1818 568 1857 audacior,
583 1821 635 1860 &a
681 1819 749 1850 Sed
778 1819 905 1850 certior
930 1820 1033 1850 lectio
1059 1820 1130 1851 haec
1154 1825 1205 1851 est
1221 1820 1331 1851 Minus
1354 1822 1447 1851 multo
1464 1825 1610 1853 audacter

154 1867 245 1900 quam
255 1870 337 1892 nunc
348 1861 447 1901 loedit,
459 1862 594 1893 laederet.
639 1862 770 1893 Duker.
788 1862 829 1893 ad
849 1861 922 1893 Liv.
940 1871 1032 1893 xxu.
1049 1865 1101 1893 25.
1145 1863 1296 1904 Sequens
1316 1874 1431 1894 versus
1449 1866 1493 1895 Ec
1510 1867 1610 1904 magis

151 1904 308 1943 placerent
335 1914 410 1945 quas
427 1904 560 1943 fecisset
573 1904 702 1943 fabulas
726 1904 790 1936 huc
812 1905 1002 1936 inculcatus
1027 1910 1079 1937 est
1096 1915 1137 1936 ex
1154 1905 1262 1937 Andr.
1289 1907 1381 1938 Prol.
1398 1916 1431 1938 v.
1451 1910 1481 1939 3.
1509 1919 1608 1949 quem

154 1945 305 1978 Bentlei.
322 1948 441 1978 merito
458 1948 573 1988 ejecit.
600 1948 642 1979 R.
659 1948 790 1979 D.-12
814 1948 978 1978 Deletum
996 1949 1083 1979 hunc
1108 1958 1238 1979 versum
1253 1950 1378 1981 vellent
1397 1950 1454 1982 Fa.
1478 1952 1608 1994 Tauaq.

155 1988 279 2030 Faber,
303 1990 392 2021 Dae.
420 1990 510 2022 unde
536 1995 573 2022 et
600 1991 698 2022 abest
729 2002 748 2022 a
772 1991 976 2031 quibusdam
1003 1991 1111 2023 Codd.
1159 1993 1339 2033 Legeritne
1366 1994 1537 2032 Donatus,
1565 2004 1608 2026 an

154 2032 278 2071 minus,
294 2032 461 2064 incertum
479 2038 544 2073 est,
559 2034 640 2073 quia
666 2033 749 2064 nihil
765 2034 807 2064 ad
825 2043 900 2064 eum
924 2035 1067 2066 notavit.
1112 2035 1268 2066 Credunt
1290 2036 1397 2067 otiose
1422 2038 1607 2077 repetitum

153 2083 196 2104 ex
215 2074 364 2115 Prologo
381 2074 533 2107 Andriae.
563 2076 662 2107 West.
706 2077 850 2107 Versum
868 2078 966 2118 hune,
982 2083 1019 2110 ut
1044 2087 1106 2109 nec
1122 2088 1141 2108 a
1157 2078 1294 2109 Donato
1318 2079 1476 2120 positum,
1493 2090 1554 2111 nec
1573 2082 1608 2112 in

153 2118 263 2148 tribus
280 2119 522 2160 antiquissimis
544 2119 638 2150 libris
662 2120 759 2150 Beni.
775 2120 815 2150 V.
833 2125 870 2150 et
885 2121 938 2151 Vi.
954 2122 1135 2161 scriptum,
1151 2130 1215 2152 nec
1238 2121 1318 2153 boni
1335 2122 1514 2163 quicquam
1532 2134 1607 2154 sen-

153 2169 210 2190 sus
222 2159 435 2200 afferentem,
448 2161 647 2193 delevimus.
660 2162 719 2193 Fa.
744 2162 852 2193 Recte
863 2163 984 2195 Faiirn.
1001 2164 1057 2206 qui
1074 2172 1205 2194 versum
1218 2165 1367 2205 spurium
1381 2165 1493 2205 ejecit.
1520 2167 1606 2199 Quae

152 2203 243 2233 enim
259 2205 431 2235 sententia
447 2205 525 2235 est?
569 2205 602 2236 Si
622 2205 842 2246 intelligeret,
856 2204 1004 2237 fabulam
1021 2208 1119 2238 istam
1136 2215 1202 2238 non
1224 2217 1284 2238 sua
1302 2207 1442 2247 virtute,
1458 2209 1515 2239 sed
1542 2210 1607 2240 Ae-

153 2245 238 2276 toris
253 2256 358 2287 opera
373 2251 475 2288 atque
493 2252 566 2278 arte
583 2248 776 2288 placuisse3
799 2254 926 2279 ceterae
944 2249 1015 2289 ejus
1033 2249 1156 2280 fabulae
1172 2251 1277 2289 magis
1294 2251 1478 2290 placerent.
1516 2252 1606 2284 Quid

152 2288 301 2330 ineptius
325 2290 392 2321 dici
419 2291 552 2330 potest?
596 2291 632 2322 Si
661 2292 885 2331 intelligeret,
901 2302 997 2323 uuam
1024 2292 1173 2324 fabulam
1196 2291 1301 2323 fuisse
1325 2294 1460 2333 malam,
1477 2300 1604 2326 ceterae

151 2338 265 2363 essent
282 2333 391 2365 bonae.
415 2333 568 2366 Petitum
585 2338 638 2365 est
653 2334 695 2365 ab
709 2334 818 2366 Andr.
831 2334 923 2367 Prol.
940 2337 970 2366 3.
989 2339 997 2352 ‘
1011 2336 1146 2377 Populo
1163 2340 1200 2368 ut
1220 2337 1398 2377 placerent
1413 2347 1495 2379 quas
1506 2337 1605 2370 fecis·

814 2443 953 2477 NOTAE

193 2529 214 2558 8
242 2526 285 2558 Et
301 2535 370 2561 eam
389 2526 528 2569 plorare]
553 2527 728 2568 Lacrymae
745 2527 849 2558 homi·
907 2529 949 2560 tit
971 2529 1060 2560 enim
1086 2539 1258 2564 nummum
1283 2530 1316 2563 in
1339 2530 1468 2563 loculos
1492 2531 1604 2563 dimit-

149 2576 202 2607 nis
219 2581 297 2608 suut
320 2577 490 2618 propriae3
515 2582 628 2609 tamen
645 2587 687 2608 ex
705 2578 850 2618 quadam
905 2584 992 2616 tere,
1030 2586 1107 2620 post
1143 2582 1205 2611 hoc
1235 2581 1384 2612 Securus
1416 2582 1531 2622 cadat,
1563 2593 1605 2614 an

151 2627 370 2659 similitudine
398 2628 593 2661 tribuuntur
610 2630 790 2662 Crocodilo
816 2634 851 2661 et
905 2635 1003 2661 recto
1020 2636 1088 2662 stet
1114 2630 1228 2662 fabula
1252 2632 1345 2664 talo?
1391 2633 1488 2664 Stare
1504 2634 1606 2674 igitur

152 2677 274 2709 Cervo.
906 2681 1082 2712 Comoedia
1092 2681 1230 2721 (licitur,
1243 2693 1317 2724 quae
1332 2684 1372 2714 ad
1384 2682 1484 2714 finem
1496 2694 1604 2726 usque

193 2729 214 2757 9
239 2727 337 2763 Quom
351 2730 442 2760 stetit
462 2729 536 2761 olim
549 2730 643 2771 nova]
669 2730 724 2763 Sic
741 2731 850 2763 Hora·
905 2731 1019 2772 placet
1043 2734 1182 2775 populo,
1211 2743 1275 2766 nec
1305 2735 1452 2776 ejicitur,
1484 2742 1520 2768 et
1547 2745 1603 2766 ex-

151 2776 261 2808 tiusin
280 2778 433 2819 Epistola
450 2780 491 2811 ad
510 2780 719 2822 Augustum:
738 2783 747 2799 ‘
762 2781 849 2813 Ges-
905 2783 1065 2824 ploditur.
