1966 3302
313 208 398 251 898
803 214 844 244 P.
877 211 1118 242 TEREN‘rn
1155 211 1271 241 Anni

313 313 625 358 Accedebam:
658 309 938 360 adolescens,
975 307 1047 349 dic
1081 307 1202 357 dum,
1238 318 1408 361 quaeso,
1444 316 1493 346 es
1528 308 1578 346 tu
1611 302 1770 358 Myco-

484 381 585 422 nius
599 380 617 420 ’ἒ
1742 372 1771 410 5

317 451 420 494 Non
441 461 559 491 sum:
583 451 629 488 at
651 443 997 487 Callidemides?
1019 456 1121 486 non.
1173 441 1415 496 Hospitem
1436 453 1619 495 ecquem
1637 438 1772 480 Pam-

489 515 659 570 philum

319 587 411 629 Hic
431 583 596 626 habes?
628 594 781 623 omnes
813 580 1054 634 negabant:
1087 590 1226 632 neque
1257 590 1357 619 eum
1389 587 1642 631 quenquam
1672 587 1773 616 esse

491 652 688 693 arbitror.

320 722 521 776 Denique
540 719 683 761 hercle
698 717 793 773 jam
814 717 1034 772 pudebat:
1069 714 1175 756 abii,
1235 712 1323 753 Sed
1346 711 1452 766 quid
1475 710 1745 754 Bacchidem

319 793 392 834 Ab
415 792 565 831 nostro
589 786 714 828 affine
733 790 968 827 exeuntem
987 783 1152 826 video?
1186 780 1295 835 quid
1315 780 1420 821 huic
1440 779 1513 821 hic
1535 783 1603 821 est
1621 779 1718 820 rei?

323 860 445 901 BAc.
479 857 718 904 Parmeno,
761 857 1004 908 opportune
1040 855 1084 892 te
1116 849 1274 891 offers:
1323 860 1510 903 propere
1552 859 1675 889 curre
1720 845 1778 888 ad

494 923 792 977 Pamphilum.
1721 915 1777 954 10

323 994 449 1036 PAR.
474 991 598 1043 Quid
620 990 703 1032 eo?
764 989 883 1031 BAc.
905 987 991 1030 Dic
1013 999 1083 1026 me
1105 997 1245 1033 orare,
1266 988 1314 1024 ut
1336 982 1492 1024 veniat.
1551 981 1677 1022 PAR.
1707 980 1778 1022 Ad

501 1060 575 1101 te'l
635 1059 756 1101 BAc.
788 1057 931 1098 Immo
954 1055 1011 1097 ad
1032 1053 1358 1095 Philumenam.

326 1130 449 1172 PAR.
481 1127 603 1179 Quid
620 1127 683 1168 rei
705 1126 806 1167 est?
868 1125 987 1166 BAc.
1018 1121 1120 1163 Tua
1139 1119 1258 1175 quod
1277 1118 1387 1160 nihil
1407 1116 1557 1168 refert,
1588 1129 1777 1171 percon-

497 1197 579 1239 tari
601 1196 790 1237 desinas.

329 1268 453 1309 PAR.
487 1265 613 1307 Nihil
648 1262 767 1305 aliud
791 1261 972 1303 dicam‘l
1036 1259 1156 1300 ΒΑΕ.
1190 1257 1366 1309 Etiam;
1400 1266 1619 1309 cognosse
1643 1267 1782 1296 annu-

499 1333 589 1375 lum
611 1332 736 1373 illum
759 1329 1036 1385 Myrrhinam

329 1404 491 1446 Gnatae
515 1414 607 1442 suae
632 1400 785 1449 fuisse,
815 1410 946 1451 quem
977 1397 1103 1449 ipsus
1136 1393 1242 1435 olim
1271 1393 1379 1435 mihi
1400 1391 1592 1434 dederat.
1654 1390 1781 1432 PAR·

501 1469 621 1510 Scio.

329 1539 575 1581 Tantumne
596 1535 696 1577 esti
760 1533 881 1575 BAc.
912 1530 1132 1572 Tantum:
1165 1528 1308 1571 aderit
1337 1528 1562 1580 continuo,
1593 1526 1679 1569 hoc
1708 1528 1786 1569 ubi

506 1618 564 1646 ex
587 1608 626 1645 te
645 1602 845 1644 audierit.
1731 1596 1787 1636 15

332 1723 466 1764 primum
480 1721 591 1762 aliquis
606 1721 782 1759 advenerat,
797 1719 837 1749 ad
857 1718 945 1752 illum
959 1716 1041 1748 ibam
1055 1715 1179 1747 dicens:
1202 1715 1389 1753 adolescens,
1412 1711 1520 1750 dicito,
1541 1714 1570 1742 te
1588 1720 1676 1750 rogo,
1696 1720 1729 1742 es
1753 1713 1789 1740 tu

339 1766 527 1807 Myconius?
550 1763 762 1804 respondebat,
792 1771 851 1792 non
878 1770 957 1792 sum.
1011 1760 1070 1798 At,
1098 1769 1130 1790 es
1162 1758 1402 1789 Callidemides?
1446 1755 1589 1786 Minime.
1627 1752 1790 1794 Rogabam

335 1810 457 1847 deinde,
481 1808 628 1847 numquid
648 1805 798 1846 hospitem
819 1804 854 1834 in
874 1805 930 1835 hac
944 1802 1015 1834 urbe
1029 1803 1132 1840 habes,
1147 1801 1198 1841 qai
1213 1804 1340 1831 vocatur
1359 1798 1562 1838 Pamphilus?
1582 1806 1684 1827 omnes
1697 1805 1791 1835 nega-

336 1853 409 1883 bant
435 1861 469 1883 se
490 1851 600 1881 habere
627 1849 777 1889 hospitem
801 1848 856 1878 hoc
879 1847 1017 1877 nomine:
1045 1855 1139 1885 neque
1164 1843 1397 1874 Callidemidem
1419 1840 1549 1880 aliquem
1578 1848 1705 1880 usquam
1728 1848 1790 1869 esse

327 1895 450 1934 judico.
488 1893 629 1933 Denique
643 1901 698 1932 per
714 1891 879 1922 Herculem
896 1889 1027 1929 pudebat
1042 1888 1108 1918 illic
1122 1888 1226 1918 sedere
1242 1885 1379 1917 tamdia:
1395 1883 1521 1914 discessi
1536 1892 1576 1913 ex
1590 1892 1624 1913 eo
1635 1883 1698 1912 loco
1710 1892 1723 1918 ,·
1738 1883 1792 1912 sed

334 1936 527 1979 quamobrem
543 1935 730 1967 Bacchidem
742 1933 843 1972 video,
857 1942 873 1963 e
887 1933 974 1962 domo
992 1930 1145 1970 Pluuippi
1165 1930 1264 1960 soceri
1286 1926 1446 1967 Pamphili
1466 1926 1695 1965 egredientem?
1717 1925 1792 1964 quid

336 1981 409 2012 huic
435 1979 591 2011 meretrici
617 1977 735 2017 negotii
761 1979 807 2007 est
835 1976 917 2015 apud
942 1973 1154 2013 Phidippum?
1198 1972 1264 2002 ΒΛ.
1289 1971 1455 2006 Parmeno,
1483 1969 1636 1999 commode
1657 1967 1794 1998 occurris

335 2023 437 2055 mihi:
457 2031 588 2064 propera
616 2021 662 2052 ire
686 2020 727 2050 ad
751 2017 958 2058 Pamphilum.
1006 2016 1071 2047 ΡΑ.
1097 2016 1314 2054 Quapropter?
1357 2013 1425 2044 BA.
1449 2011 1513 2043 Dic
1527 2011 1556 2042 ei
1569 2020 1617 2042 me
1629 2019 1742 2050 rogare
1755 2013 1791 2040 ut

339 2067 440 2099 veniat
455 2067 524 2097 huc.
570 2065 636 2095 ΡΑ.
658 2062 711 2094 Ad
729 2065 777 2093 te?
798 2071 859 2092 non
873 2069 943 2091 vero
958 2060 998 2090 ad
1013 2068 1073 2097 me,
1088 2059 1139 2089 sed
1154 2058 1193 2088 ad
1209 2057 1435 2088 Philumenam.
1481 2055 1551 2086 ΡΑ.
1577 2053 1728 2089 Quoenam
1745 2061 1794 2083 res

336 2113 405 2142 est?
449 2109 515 2139 ΒΑ.
540 2108 617 2143 Quoe
628 2107 712 2137 nullo
726 2105 812 2136 modo
828 2104 867 2134 ad
882 2106 913 2134 te
926 2105 1057 2142 spectat,
1069 2102 1200 2133 desistas
1214 2099 1365 2131 curiosius
1375 2098 1542 2138 inquirere.
1587 2096 1660 2128 ΡΗ.
1687 2095 1794 2127 Nih-il-

337 2163 373 2184 ne
385 2153 471 2183 aliud
486 2151 515 2183 ei
535 2151 657 2182 dicam?
701 2148 768 2178 ΒΑ.
792 2147 856 2178 Dic
868 2146 898 2176 ei
912 2145 1007 2176 etiam
1022 2143 1225 2185 IlIyrrhinam
1246 2141 1422 2181 cognovisse
1442 2141 1601 2174 annulum,
1617 2148 1706 2180 quem
1720 2138 1796 2169 olim

337 2197 402 2236 ipse
422 2195 499 2226 mihi
522 2194 662 2230 dederat,
676 2191 780 2230 fuisse
805 2191 904 2228 illum,
920 2197 1009 2229 quem
1024 2187 1209 2218 Philumena
1222 2185 1366 2225 ejusfilia
1382 2184 1454 2214 olim
1470 2183 1502 2213 in
1517 2182 1618 2222 digito
1634 2181 1795 2213 habuerat.

341 2239 408 2269 ΡΑ.
433 2237 516 2269 Scio.
535 2236 666 2267 Tantine
679 2233 824 2265 momenti
839 2233 904 2262 hoec
919 2241 969 2261 res
985 2233 1042 2270 est,
1057 2232 1090 2260 ut
1107 2229 1215 2260 statim
1229 2228 1332 2260 veniat
1343 2225 1359 2258 ‘3
1405 2227 1472 2257 ΒΑ.
1498 2225 1595 2257 Tanti
1606 2235 1618 2256 ε
1633 2224 1699 2256 sine
1710 2233 1795 2254 mora

338 2282 388 2313 hic
399 2289 537 2322 praesens
550 2279 623 2319 erit,
636 2281 798 2319 postquam
811 2275 891 2306 hunc
906 2273 1050 2306 nantium
1066 2272 1234 2303 audiverit.
1277 2271 1351 2311 Sed,
1367 2271 1534 2302 tardasne?
1568 2267 1636 2301 ΡΑ.
1659 2266 1794 2299 Minime

949 2370 963 2381 e
969 2368 1185 2381 ‘eoo-memet

343 2451 362 2473 e
378 2451 438 2473 suo
455 2439 582 2473 Codice
600 2440 649 2471 ita
662 2438 760 2476 citat,
776 2438 861 2471 Dum
875 2437 925 2468 illi
939 2437 1037 2468 sedeo.
1081 2433 1166 2467 Quae
1187 2432 1289 2464 lectio
1306 2429 1463 2462 laudatur
1487 2438 1507 2459 a
1531 2427 1645 2466 Rivio,
1657 2430 1693 2458 et
1708 2436 1797 2468 prae·

342 2485 453 2516 fertur
479 2494 497 2515 a
521 2482 721 2525 quibusdam
739 2481 862 2512 Libris.
907 2477 1193 2520 Nequeinsolens
1217 2480 1272 2507 est
1296 2473 1472 2505 Terentio.
1499 2471 1595 2502 West.
1617 2473 1653 2501 et
1671 2470 1722 2502 sie
1745 2475 1796 2501 ta·

344 2528 412 2558 cite
429 2528 529 2558 Bent.
545 2526 647 2557 Both.
663 2530 699 2556 et
716 2524 808 2556 Peri.
851 2523 861 2540 ‘
876 2523 952 2554 Duo
968 2530 1014 2552 ex
1030 2520 1168 2555 nostris,
1186 2519 1367 2559 quisquam‚·
1391 2520 1427 2546 et
1441 2514 1484 2545 ad
1499 2522 1634 2544 versum
1649 2521 1798 2544 commo-

344 2570 433 2607 dius,
449 2575 485 2601 et
501 2569 542 2600 ad
559 2566 790 2600 sententiam?
814 2567 909 2598 Bent.
931 2572 1031 2606 quem
1048 2563 1201 2604 sequitur
1213 2561 1317 2592 Both.
1334 2559 1492 2590 Per1.—5
1519 2556 1594 2588 Nisi
1606 2565 1708 2595 quaeso
1723 2556 1796 2586 sine

344 2612 551 2654 Synaloepha
567 2611 625 2650 sit,
641 2610 729 2653 quod
747 2619 813 2640 non
831 2610 925 2648 licet,
940 2606 1051 2638 versui
1068 2605 1179 2637 deerit
1195 2603 1347 2644 Syllaba.
1392 2602 1488 2631 Unus
1501 2608 1544 2629 ex
1560 2598 1741 2637 nosti-is,1u
1756 2607 1798 2629 es.

349 2656 439 2696 Lege
455 2659 510 2685 tun
524 2664 556 2685 es
574 2652 763 2695 Myconius?
787 2653 839 2683 vel
855 2661 894 2682 an
910 2661 941 2682 es
956 2654 987 2682 tu
1002 2645 1190 2690 Myconius?
1215 2648 1317 2677 Bent.
1364 2644 1431 2675 Tan
1445 2652 1476 2673 es
1492 2641 1570 2681 Bip.
1587 2640 1691 2672 Both.
1705 2641 1799 2673 Perl-

348 2701 411 2728 —6
434 2697 632 2737 Pamphilum
656 2701 805 2727 mutatur
828 2695 862 2726 in
889 2693 1048 2734 Pamphili
1065 2693 1097 2722 in
1115 2692 1235 2722 Br.-—7
1264 2689 1339 2720 Lib.
1370 2684 1501 2727 antiqui
1524 2683 1606 2715 enim
1629 2692 1691 2724 pro
1717 2693 1797 2715 eum.

348 2741 441 2771 Pei-l.
466 2743 501 2770 at
516 2749 584 2769 eum
606 2739 676 2770 ο.1.
702 2748 727 2769 s.
756 2738 844 2779 apud
873 2737 935 2768 Fa.
955 2742 989 2767 et
1013 2736 1201 2766 Bent.—-ll
1227 2732 1335 2763 Pauci
1362 2728 1439 2761 libri
1462 2735 1577 2758 amare.
1601 2726 1797 2758 West.—l3

350 2784 442 2815 Illum
467 2782 564 2814 abest
588 2791 607 2811 a
633 2780 747 2812 Guelf.
763 2782 881 2813 2.-14
906 2778 1015 2811 Codd.
1044 2776 1181 2819 quidam
1205 2774 1323 2815 scripti
1349 2777 1385 2804 et
1412 2769 1566 2812 impressi
1588 2768 1666 2810 ipse.
1689 2769 1799 2800 West.
