1966 3302
336 238 422 280 994
834 245 871 274 r.
904 241 1148 273 TnniiN'ru
1183 242 1299 271 Aeni

341 345 434 387 GE.
457 343 598 385 Uxori
620 339 809 381 emunda
831 337 1040 380 ancillula
1061 336 1143 378 'stt
1178 341 1269 378 tum
1289 336 1498 390 pluscula
1656 352 1658 354 ’
1741 337 1799 378 60

340 411 629 467 Supellectile
652 421 765 463 opus
788 412 879 449 est:
912 419 1024 460 opus
1046 409 1114 446 est
1134 409 1280 445 sumtu
1301 404 1358 445 ad
1378 404 1560 458 nuptias
1578 417 1588 445 ε

343 483 433 524 His
454 481 583 521 rebus
604 490 711 519 sane
732 489 863 531 pone,
885 475 1044 529 inquit,
1064 473 1224 514 decem
1243 473 1399 513 minas.

343 551 435 592 DE.
465 548 715 588 Sexcentas
734 543 920 599 proinde
941 542 1122 584 scribito
1137 541 1232 594 jam
1251 540 1358 581 mihi
1380 539 1519 580 dicas.

341 617 468 660 Nihil
490 615 571 657 do:
603 615 851 668 impuratus
872 625 942 653 me
964 611 1040 652 ille
1062 614 1112 651 ut
1133 609 1267 650 etiam
1288 607 1501 649 irrideat?

343 686 434 728 CH.
467 682 651 735 Quaeso,
672 695 753 735 ego
775 681 909 730 dabo,
931 679 1113 733 quiesce
1131 690 1143 719 t
1174 681 1222 718 tu
1241 676 1390 726 modo,
1407 674 1530 716 filius
1746 675 1805 717 65

344 754 439 795 Fac
460 757 509 794 ut
528 752 652 793 illam
672 750 820 800 ducat,
838 762 919 789 nos
940 761 1074 802 quam
1096 747 1315 788 volumus.
1376 742 1471 785 AN.
1495 741 1590 785 Hei
1608 741 1717 784 mihi
1735 743 1745 784 !

346 821 479 871 Geta,
499 818 705 861 occidisti
726 831 796 858 me
819 817 908 858 tuis
930 815 1139 857 fallaciis.

346 889 504 931 CHRE.
526 887 635 928 Mea
656 898 796 927 causa
817 885 1018 939 ejicitur:
1049 896 1117 923 me
1137 883 1221 923 hoc
1244 885 1315 922 est
1336 893 1511 935 aequom
1536 879 1751 921 amittere.

349 957 440 999 GE.
475 955 701 1006 Quantum
722 956 866 1008 potes,
888 965 956 993 me
977 951 1220 1000 certiorem,
1241 949 1394 1003 inquit,
1416 947 1515 989 sace
1533 960 1544 998 ;

348 1114 399 1145 Ne
414 1114 512 1144 clama
524 1123 534 1143 :
559 1112 588 1144 si
602 1123 621 1143 α
635 1121 682 1143 me
703 1114 864 1151 petantur,
879 1109 968 1140 dabo.
1014 1107 1083 1139 GE.
1112 1106 1213 1137 Uxori
1238 1106 1392 1137 servulum
1411 1114 1460 1135 ‘me
1474 1113 1651 1144 comparare
1665 1105 1785 1144 oportet
1797 1113 1811 1141 ;

346 1161 413 1188 tum
437 1157 609 1197 plusculum
629 1154 848 1196 supellectilis:
871 1162 946 1192 opas
968 1151 1045 1182 mihi
1068 1153 1223 1190 praeterea
1244 1152 1290 1180 est
1311 1149 1414 1188 aliqua
1437 1149 1578 1187 pecnnia,
1592 1149 1631 1178 ad
1645 1146 1812 1184 faciendas

346 1201 484 1241 nuptias.
530 1199 595 1230 His
610 1198 762 1230 sumtibus
774 1196 956 1236 nuptiarum
971 1195 1190 1234 impendantur
1204 1202 1276 1223 sane
1289 1192 1390 1222 decem
1405 1191 1506 1220 minae.
1550 1191 1616 1220 DE.
1643 1190 1812 1229 Propterea

346 1246 507 1274 sexcentas
520 1243 665 1274 intendat
673 1241 742 1282 jam
757 1240 833 1271 mihi
848 1240 938 1271 lites.-
962 1237 1041 1268 m'hit
1056 1236 1225 1267 contribam.
1270 1235 1361 1265 Itane
1380 1235 1546 1265 sceleratus
1565 1233 1618 1264 ‘ille
1638 1232 1715 1263 mihi
1739 1232 1814 1263 illu-

347 1288 423 1318 aet?
468 1286 535 1317 CH.
557 1285 689 1321 Amabo,
705 1294 761 1324 ego
777 1285 835 1314 do:
858 1281 1042 1320 tranquillus
1064 1283 1148 1311 esto.-
1169 1283 1204 1309 tn
1222 1281 1343 1309 tantum
1358 1286 1444 1315 cura,
1455 1276 1589 1318 utfilins
1603 1285 1733 1307 uxorem
1746 1285 1814 1310 eam

348 1329 470 1368 habeat,
498 1339 589 1370 qaam
617 1329 766 1368 cupimus.
812 1325 881 1357 AN.
906 1324 974 1355 Hei
1002 1321 1105 1354 mihi!
1130 1322 1226 1360 Geta,
1255 1320 1442 1351 interemisti
1469 1329 1516 1350 me
1542 1319 1605 1350 tuis
1634 1319 1755 1350 technis
1782 1321 1813 1349 et

347 1373 496 1405 inventis.
541 1372 610 1404 CH.
633 1371 703 1402 Mei·
716 1370 826 1409 gratia
842 1369 908 1400 haec
931 1366 1043 1398 mulier
1057 1369 1148 1397 extra
1170 1366 1252 1395 aedes
1274 1363 1472 1394 eliminatur:
1494 1363 1612 1393 melias
1630 1361 1811 1401 minasjus·

350 1419 417 1447 tum
432 1420 478 1447 est
499 1417 641 1457 perdere.
688 1413 754 1446 (ἔτ-Ε.
780 1413 882 1448 Quam
898 1412 959 1442 cito
973 1413 1060 1452 potes
1073 1408 1151 1440 mihi
1168 1407 1279 1439 nuntia
1301 1417 1342 1438 an
1357 1408 1443 1438 illum
1453 1406 1589 1447 puellam
1603 1405 1712 1436 daturi
1726 1407 1814 1446 sunt,

962 1527 1003 1540 Ν
1005 1525 1205 1540 OOOOOOOOO

354 1618 384 1647 1.
402 1624 463 1655 pro
489 1613 588 1654 petito
605 1611 738 1644 vitiose.
764 1610 938 1640 Pera—60
960 1609 1047 1640 Mss.
1064 1609 1156 1649 Lips.
1173 1605 1272 1638 Bodl.
1288 1605 1334 1637 G.
1350 1604 1474 1636 Boend.
1497 1608 1533 1636 et
1547 1604 1631 1637 Wit.
1648 1614 1725 1636 cum
1743 1603 1817 1635 ΕΡ.

351 1662 419 1689 tam
439 1661 541 1688 autem
564 1656 722 1697 pluscula.-
747 1653 917 1693 quomodo
935 1652 1087 1683 Faernus
1113 1651 1146 1682 in
1175 1650 1268 1681 nullo
1284 1659 1359 1680 esse
1384 1649 1469 1680 libro
1487 1648 1619 1688 scripto
1637 1648 1696 1680 ait.
1722 1647 1820 1678 West·

355 1702 433 1732 Tam
453 1704 557 1732 antem
582 1699 719 1740 pluscula
744 1696 939 1737 Supellectile
954 1705 1028 1736 opas
1044 1699 1101 1726 est.
1131 1693 1173 1726 Τὸ
1187 1697 1290 1724 autem
1306 1693 1418 1723 nullus
1434 1691 1537 1722 habet
1553 1691 1642 1722 liber
1658 1690 1820 1731 scriptus,

352 1754 417 1776 nec
433 1743 633 1775 Priscianus
645 1742 735 1772 hunc
748 1741 860 1771 locum
877 1740 999 1777 citans,
1015 1738 1075 1770 sed
1090 1747 1152 1768 nee
1170 1746 1284 1768 versus
1300 1735 1463 1766 admittit.
1486 1734 1548 1766 Fa.
1598 1734 1702 1765 Uxori
1717 1743 1818 1765 emen-

353 1789 393 1819 da
412 1787 604 1818 ancillulast:
628 1788 694 1815 tum
716 1783 869 1824 pluscula.
916 1782 1006 1814 Quid
1024 1783 1087 1812 hoc
1105 1786 1169 1820 est,
1193 1779 1283 1820 quod
1303 1779 1414 1810 nullus
1438 1777 1529 1817 apud
1548 1777 1715 1808 Faernuni
1733 1776 1819 1807 liber

353 1834 456 1861 autem
481 1828 651 1866 habuerit,
677 1827 781 1857 nostri
807 1826 957 1856 habeant
982 1824 1152 1855 universi?
1187 1824 1232 1853 Et
1256 1822 1393 1863 quidem
1409 1821 1543 1859 melius,
1560 1820 1680 1851 sicum
1698 1819 1819 1851 codice

354 1874 433 1905 Pet.
448 1873 562 1903 ancilla
574 1872 629 1902 hic
646 1872 793 1910 legatur,
815 1868 917 1900 Uxori
939 1869 1065 1899 emenda
1087 1867 1249 1898 ancillast:
1272 1869 1338 1896 tum
1361 1867 1465 1895 autem
1488 1863 1638 1904 pluscula.
1683 1861 1776 1893 And.
1792 1871 1818 1893 1.

355 1920 386 1947 5.
402 1919 454 1947 34.
474 1918 482 1933 ‘
496 1917 580 1946 Tum
599 1917 712 1945 autem
738 1912 803 1943 hoc
830 1912 940 1949 timet,
959 1911 1012 1942 Ne
1029 1910 1168 1941 deseras
1184 1908 1244 1939 se!
1288 1908 1375 1938 Eun.
1394 1916 1435 1937 11.
1449 1909 1481 1937 3.
1498 1908 1549 1936 11.
1574 1907 1583 1923 ‘
1601 1905 1687 1936 Tum
1704 1909 1821 1936 autem

356 1960 413 2000 qui
430 1960 522 1989 illum
538 1956 638 1988 flocci
655 1954 817 1986 fecerim!
863 1954 1005 1985 Omittit
1022 1957 1134 1984 tamen
1151 1953 1210 1983 Pr.
1230 1961 1264 1991 p.
1279 1954 1354 1982 611.
1379 1949 1476 1980 Bent.
1522 1948 1648 1980 Ancilla
1663 1951 1710 1979 est
1722 1957 1733 1979 ,⁴
1753 1950 1819 1978 tam

355 2006 458 2033 autem
472 2012 503 2042 p.
522 1999 623 2032 Both.
659 2000 736 2030 Tum
751 2001 855 2029 autem
872 1998 932 2028 Br.
950 1997 1128 2027 Perl.—61
1154 1995 1302 2034 Sapelteae
1316 2002 1390 2033 opus
1404 1996 1450 2023 est
1465 1992 1568 2023 Both.
1609 1994 1619 2009 ‘
1637 1991 1752 2031 Vulgo
1767 1999 1820 2022 re-

356 2045 488 2086 petitur
504 2053 578 2085 opas
593 2046 650 2074 est.
695 2043 749 2073 Sic
767 2050 883 2071 versus
899 2040 1093 2078 claudica13
1116 2047 1229 2079 neque
1245 2037 1313 2068 Do.
1330 2036 1379 2067 bis
1396 2035 1491 2076 legit.
1536 2034 1591 2066 Ad
1607 2034 1713 2065 verba
1728 2033 1820 2065 enim

355 2090 364 2105 ‘
379 2092 490 2119 sumtu
508 2087 550 2118 ad
567 2085 612 2117 n.'
637 2085 685 2116 ait
707 2089 716 2103 ‘
730 2094 815 2124 opus
834 2087 886 2114 est
900 2082 908 2096 ’
931 2082 1146 2113 subauditur.
1190 2081 1316 2121 Itaque
1341 2084 1376 2110 ut
1400 2084 1436 2109 et
1453 2088 1529 2109 cum
1546 2078 1611 2108 Do.
1626 2076 1820 2108 consentia*

357 2142 444 2170 mus,
460 2136 495 2163 et
510 2139 629 2161 versus
644 2138 711 2159 non
725 2127 875 2166 deficiat,
893 2127 1080 2165 repetimus
1105 2128 1171 2156 tum
1198 2128 1277 2154 ante
1292 2120 1418 2153 sumtu?
1446 2122 1523 2161 Bip.
1569 2119 1686 2152 Guelf.
1704 2123 1737 2152 2.
1752 2129 1823 2152 non

357 2175 463 2206 habet
477 2183 551 2215 opus
565 2175 611 2204 est
629 2171 900 2213 posterius.—62
923 2169 1022 2200 Bodl.
1037 2170 1151 2205 decem,
1165 2167 1282 2208 inquit,
1296 2166 1406 2197 minas.
1439 2165 1510 2196 ΕΡ.
1526 2174 1603 2204 pone
1615 2173 1689 2194 sane
1705 2164 1822 2199 decem,

358 2219 470 2258 inquit,
486 2218 598 2248 minas.
645 2216 690 2246 Et
706 2215 739 2246 in
760 2213 918 2253 plusculis
936 2213 1018 2243 Mss.
1036 2218 1101 2250 est,
1114 2221 1192 2251 pone
1206 2219 1292 2240 sane.
1317 2209 1424 2240 west.
1472 2207 1538 2239 Hic
1554 2217 1672 2238 versus
1687 2207 1824 2237 enervis

359 2265 394 2292 et
411 2260 554 2292 elumbis
571 2257 711 2290 incedit.
746 2257 863 2288 Nostri
880 2265 995 2286 omnes
1008 2265 1086 2295 pone
1101 2263 1185 2285 sane.
1208 2252 1240 2284 A
1257 2251 1386 2283 duobus
1403 2250 1500 2282 abest
1515 2250 1628 2282 minus.
1664 2250 1822 2290 Repone,

362 2304 428 2335 His
442 2303 531 2335 rebus
552 2303 631 2334 alias
653 2311 730 2342 pone
745 2310 830 2340 sane,
844 2298 958 2339 inquit,
971 2300 1084 2329 decem.
1110 2297 1211 2329 Bent.
1257 2295 1311 2326 Ita
1328 2300 1364 2326 et
1380 2294 1485 2325 Both.
1532 2294 1619 2325 Pone
1631 2302 1706 2324 sane
1721 2294 1825 2324 decem

360 2348 464 2387 inquit
477 2347 578 2378 minas
597 2347 653 2376 ΒΓ.
679 2345 767 2376 Pone
781 2354 864 2380 sane,
876 2342 991 2382 inquit,
1004 2343 1120 2379 decem,
1133 2340 1256 2371 omisso
1270 2338 1380 2373 minas,
1392 2337 1573 2368 Fert—63
1586 2336 1685 2368 Bodl.
1700 2335 1825 2374 Brend-

362 2396 396 2420 et
413 2390 457 2421 G.
473 2390 612 2430 perinde.
644 2388 718 2419 ΕΡ.
733 2387 846 2427 potius.
870 2386 978 2416 West.
1023 2384 1195 2415 Sexcentas
1207 2382 1337 2423 proinde
1349 2382 1453 2421 potius
1466 2380 1592 2410 scribito
1599 2380 1669 2418 jam
1684 2378 1762 2410 milii
1776 2378 1825 2410 di-

362 2444 425 2465 cas.
459 2434 533 2464 Nec
549 2433 582 2462 in
597 2431 684 2462 libro
701 2430 883 2468 Bembiuo‚
897 2438 960 2459 nec
977 2429 1008 2458 in
1026 2427 1241 2464 Victoriam,
1256 2435 1319 2455 nec
1336 2424 1440 2455 etiam
1457 2423 1491 2454 in
1514 2422 1713 2464 quibusdam
1731 2421 1826 2452 libris

364 2476 501 2516 scriptis
515 2475 645 2506 Donati
662 2480 713 2504 est
729 2472 766 2504 τὸ
778 2473 892 2514 potius,
907 2472 994 2512 quod
1012 2476 1048 2502 et
1065 2470 1174 2500 versui
1191 2468 1439 2499 incommodum
1457 2470 1529 2497 est:
1556 2471 1591 2497 et
1607 2470 1777 2504 praeterea
1789 2464 1825 2495 in

364 2520 519 2550 omnibus
542 2516 784 2558 antiquissimis
800 2516 962 2555 scriptum
980 2519 1032 2544 est
1047 2515 1202 2544 sescentas
1219 2521 1280 2551 per
1295 2520 1320 2541 s.
1348 2511 1408 2541 Fa.
1466 2509 1587 2540 Nostri
1609 2507 1748 2548 perinde,
1773 2507 1826 2538 vel

362 2563 492 2602 proinde
506 2562 631 2602 potius;
655 2560 717 2590 nisi
734 2558 822 2600 quod
847 2559 888 2589 ab
913 2567 978 2588 uno
997 2557 1086 2587 absit
1101 2557 1215 2596 potinS.
1240 2555 1342 2584 Bent.
1389 2553 1425 2584 S.
1441 2552 1567 2592 perinde
1581 2549 1825 2590 potius-scribito

364 2605 462 2635 mihi.-
477 2604 547 2642 jam
567 2604 653 2634 dicas
677 2603 735 2633 ΒΓ.
779 2602 918 2632 Proinde
941 2600 1069 2631 scribito
1093 2599 1170 2629 mihi
1192 2598 1277 2628 dicas
1298 2597 1469 2635 Eug.—64
1495 2593 1673 2634 Impuuitus
1690 2601 1752 2632 pro
1767 2592 1824 2624 im-

363 2651 496 2687 puratus
512 2645 627 2678 Guelf.
643 2648 760 2677 2.-67
785 2643 894 2676 Abest
910 2643 963 2674 liic
980 2653 1029 2673 vs.
1049 2652 1068 2673 a
1083 2646 1170 2673 vett.
1187 2639 1288 2671 codd.
1313 2639 1409 2670 Lina.
1457 2636 1610 2668 Occidisti
1628 2646 1675 2667 me
1689 2635 1826 2674 tuisfal-

366 2690 465 2721 tat-iis.
501 2690 587 2720 Ha’c
603 2689 708 2719 verba
724 2688 756 2718 in
773 2697 880 2727 marg.
898 2685 1013 2718 Guelf.
1029 2688 1060 2717 3.
1086 2689 1163 2715 sunt
1190 2683 1340 2722 ascripta
1367 2682 1408 2712 ab
1434 2681 1543 2712 altera
1560 2689 1671 2710 manu.
1696 2678 1829 2710 Peri.—

367 2734 410 2763 68
434 2732 488 2763 Al.
502 2743 619 2772 (equom
633 2734 779 2762 est.—69
803 2730 893 2761 Libri
911 2729 1047 2770 quidam
1062 2727 1182 2767 scripti
1200 2731 1234 2758 et
1250 2724 1417 2766 impressi,
1432 2724 1591 2759 Quantum
1603 2724 1703 2762 potest
1715 2731 1726 2751 .·
1749 2721 1830 2753 sub-

370 2775 449 2805 audi
475 2775 483 2791 ‘
498 2774 595 2805 fieri.'
625 2774 724 2805 West.
770 2774 866 2803 Beni.
881 2775 1004 2813 potest.-
1027 2781 1102 2812 quae
1117 2770 1194 2800 duae
1211 2775 1290 2800 sunt
1309 2774 1424 2809 partes
1440 2766 1615 2803 orationiS,
1630 2767 1702 2804 pote
1717 2769 1752 2795 et
1768 2767 1827 2804 est,

369 2823 408 2849 ut
425 2818 469 2849 sit
485 2827 614 2857 sensus,
631 2821 700 2848 tani
717 2816 888 2855 celeriter,
906 2820 1069 2856 quantum
1094 2818 1176 2855 pote
1197 2816 1261 2853 est,
1277 2821 1330 2843 me
1347 2810 1528 2843 certiorem
1544 2808 1609 2840 fac.
1634 2807 1694 2839 Fa.
1738 2807 1829 2840 Nos-
