1966 3302
311 224 397 267 932
809 228 850 257 P.
881 221 1123 254 TEREN'ru
1160 220 1276 251 Arm

313 329 378 371 Ut
397 339 536 382 neque
557 323 662 365 mihi
680 322 774 376 ejus
796 320 852 361 sit
873 316 1105 361 amittendi
1126 328 1209 356 nec
1229 311 1446 354 retinendi
1466 310 1614 364 copia.
1719 357 1721 359 ι

317 396 408 438 Sed
439 393 543 448 quid
572 392 658 431 hoc
689 389 789 429 est?
822 384 998 429 videon'
1017 397 1098 436 ego
1122 382 1288 423 Getam
1309 383 1550 421 currentem
1580 376 1667 418 huc
1695 374 1774 417 ad-

489 457 638 499 venire
653 457 670 496 2
1714 442 1773 484 25

323 530 371 571 Is
394 530 461 569 est
480 525 633 579 ipsus:
664 521 738 562 hei
759 519 896 562 timeo
917 518 1070 567 miser,
1106 527 1237 570 quam
1256 513 1329 554 hic
1350 525 1463 554 nunc
1484 511 1591 552 mihi
1612 509 1777 551 nuntiet

491 604 596 633 rem.

323 715 391 737 eum
407 705 523 734 statum
544 698 697 738 conjectus
712 707 790 738 sum,
806 700 839 728 ut
864 705 960 737 neque
976 695 1053 727 mihi
1074 696 1213 734 potestas
1232 693 1275 723 sit
1299 689 1508 730 relinquenda:
1533 697 1587 720 nec
1612 686 1782 718 retinenda

322 755 470 787 vzrgznzs,
500 753 589 784 quam
616 741 766 782 possideo.
813 739 874 770 Sed
903 740 978 780 quid
1007 739 1062 769 hoc
1088 740 1154 767 est?
1189 745 1262 766 num
1291 732 1442 771 conspicio
1473 731 1588 762 Getam
1610 732 1782 761 currentem

322 791 380 821 huc
402 783 590 829 properare?
612 786 640 815 is
655 793 722 824 ipse
747 786 805 813 est.
843 783 899 814 Me
921 779 1090 813 miserum!
1113 781 1213 811 metuo
1235 787 1273 809 ne
1295 775 1373 807 mihi
1394 784 1474 806 nunc
1496 774 1619 805 tristem
1640 772 1784 804 nuntium

324 831 451 873 offerat.

938 881 1174 895 eeeeeeeeee

329 964 425 1007 ponit
439 964 542 994 Bent.
558 970 597 991 an
609 961 744 990 mittere.
788 958 797 975 ‘
816 957 881 987 Vul
887 965 919 997 g.
938 955 1099 991 Retinere,
1111 962 1230 991 amare,
1244 952 1398 983 amittere.
1441 949 1601 981 Amittere
1616 954 1788 981 correcto·

330 1018 401 1039 rem
418 1005 546 1038 invenit
560 1001 888 1040 Bentleium,amare
911 996 1179 1034 Schmiederum‚
1195 996 1305 1026 virum
1331 993 1576 1032 doctissimum,
1598 992 1631 1023 in
1658 999 1790 1030 nupera.

332 1049 484 1082 editione
500 1043 644 1078 Nostri!
668 1043 765 1075 Both.
797 1042 852 1083 qui
871 1040 948 1071 inde
966 1040 1024 1070 dat
1041 1038 1194 1069 Retinere
1209 1046 1342 1068 amorem
1356 1046 1396 1067 an
1411 1035 1545 1066 mittere.
1590 1034 1646 1065 Ita
1662 1038 1697 1065 et
1710 1033 1790 1073 Bip.

330 1097 453 1123 notans
484 1090 494 1107 ‘
524 1088 628 1127 Vulg.
653 1085 797 1116 absurde
825 1083 985 1118 Retinere,
1011 1090 1127 1121 amare,
1154 1080 1311 1118 amittere,
1339 1083 1375 1109 et
1407 1077 1453 1108 sic
1479 1075 1578 1108 codd.
1612 1075 1791 1106 Bentleius

332 1134 489 1166 ultimum
508 1129 648 1170 corrigit
663 1138 704 1159 an
718 1128 854 1159 mittere.
899 1125 966 1156 Sed
991 1124 1106 1164 priora
1122 1132 1221 1153 nemo
1237 1119 1500 1153 correxit.’-—24
1523 1119 1593 1150 Pro
1613 1117 1680 1156 ejus
1702 1117 1793 1157 Guy.

334 1174 515 1209 substituit
523 1173 592 1212 jus.
636 1170 704 1202 Sed
720 1169 826 1201 vincit
840 1167 878 1199 τὸ
893 1167 960 1206 ejus
971 1176 1045 1198 cum
1061 1165 1219 1196 codicum
1234 1173 1388 1203 numero,
1403 1167 1474 1193 tum
1489 1161 1671 1201 elegantia.
1693 1159 1792 1191 Idem

334 1223 446 1251 autem
461 1217 555 1247 dicet
571 1214 723 1253 Antipho
740 1210 829 1242 infra
841 1220 898 1242 111.
915 1213 947 1241 2.
963 1212 1017 1240 22.
1053 1209 1147 1239 West.
1194 1205 1456 1247 Elegantissima
1472 1209 1506 1235 et
1523 1203 1711 1234 certissima
1726 1203 1795 1233 lee-

336 1263 386 1293 tio
405 1264 472 1298 est,
488 1267 588 1300 quam
606 1257 638 1287 in
656 1254 787 1286 (luobus
807 1253 925 1293 Regiis
941 1257 975 1282 et
992 1260 1059 1282 uno
1075 1249 1284 1281 Academico
1300 1247 1451 1289 repperi,
1465 1250 1501 1277 et
1516 1246 1674 1286 Guyetus
1690 1245 1723 1276 in
1739 1253 1795 1275 co·

338 1305 416 1335 dice
433 1302 603 1336 Puteano,
624 1298 668 1329 Ut
679 1306 775 1337 neque
787 1296 830 1327 mi
845 1297 901 1336 jus
916 1294 958 1326 sit
971 1293 1151 1332 amittendi,
1165 1301 1220 1322 nec
1240 1290 1395 1322 retinendi
1410 1289 1507 1330 copia.
1532 1289 1634 1319 Bent.
1677 1288 1740 1318 Jus
1754 1286 1797 1317 sit

337 1346 441 1377 Both.
487 1343 553 1374 Sed
570 1342 738 1380 vulgatam
754 1339 833 1369 lect.
851 1336 1042 1368 defendunt
1068 1335 1147 1375 Bip.
1173 1334 1267 1364 Peri.
1291 1337 1326 1364 et
1349 1333 1486 1363 Servius
1502 1331 1543 1361 ad
1559 1331 1634 1362 AEn.
1652 1339 1705 1362 xr.
1722 1331 1797 1361 675.

338 1388 527 1430 probatque
544 1383 724 1415 Ruhnken.
770 1379 886 1412 Guelf.
905 1382 935 1411 1.
953 1388 1018 1409 non
1036 1377 1140 1408 habet
1162 1376 1227 1415 ejus
1241 1376 1379 1407 sit.-25
1405 1373 1462 1406 Al.
1487 1371 1799 1404 videone...advenire

340 1431 505 1462 huc?—26
527 1426 568 1457 Τὸ
580 1429 625 1457 est
641 1425 741 1457 abest
755 1423 857 1454 Both.
919 1422 929 1439 ‘
946 1422 1011 1453 Ms.
1024 1420 1109 1451 Wit.
1124 1423 1160 1450 et
1177 1419 1250 1449 ΕΡ.
1265 1422 1296 1449 et
1311 1418 1404 1449 timeo
1415 1428 1425 1448 .-
1451 1415 1540 1458 quod
1557 1415 1648 1446 forte
1661 1423 1802 1454 expres-

343 1483 416 1505 sum
433 1481 475 1502 ex
494 1471 579 1501 Mss.
597 1466 821 1509 quorundam,
836 1465 865 1496 ei
880 1464 993 1495 timeo?
1016 1463 1126 1493 west.
1173 1461 1216 1492 G.
1242 1470 1330 1501 quam
1345 1460 1422 1490 milti
1437 1458 1558 1490 nuntiet
1582 1467 1658 1488 rem.
1702 1456 1800 1488 Bodl.

343 1525 436 1556 quam
450 1513 527 1544 milti
543 1521 623 1543 nunc
638 1510 688 1540 hic
703 1509 827 1540 nuntiet
842 1516 918 1538 rem.
964 1504 1034 1537 Alii
1060 1504 1136 1535 libri
1164 1504 1274 1534 aliter.
1298 1503 1396 1533 Idem.
1445 1501 1563 1532 Nostri
1579 1499 1716 1531 codices
1731 1507 1800 1529 me-

347 1559 430 1588 liore
447 1563 598 1592 numero,
614 1562 704 1593 quam
720 1552 769 1582 hic
781 1550 857 1581 mihi
870 1559 949 1580 nunc
964 1548 1087 1579 nuntiet
1100 1557 1165 1578 rem
1176 1546 1278 1577 Bent.
1324 1545 1368 1575 Et
1385 1544 1477 1575 timeo
1492 1553 1533 1574 m.
1547 1553 1577 1583 q.
1590 1542 1621 1575 h.
1636 1541 1713 1573 mihi
1723 1550 1803 1572 nunc

345 1600 405 1631 ΒΓ.
452 1596 649 1630 Lectionem
666 1595 770 1625 Bent.
787 1593 845 1624 dat
862 1592 941 1633 Bip.
986 1591 1020 1623 J.
1036 1589 1174 1621 nuntiat.
1221 1586 1338 1620 Guelf.
1350 1589 1383 1619 2.
1399 1590 1428 1618 et
1447 1595 1508 1627 pro
1525 1585 1586 1616 hei.

742 1843 945 1887 ACTUS
979 1843 1016 1885 I.
1078 1838 1284 1883 SCENA
1315 1838 1402 1880 IV,

713 1968 858 1998 GETA.
910 1963 1150 1996 ANTIPHO.
1199 1959 1454 1991 PHAEDRIA.

358 2043 446 2084 GE.
480 2041 694 2084 NULLUS
717 2053 780 2089 eS‚
805 2039 940 2089 Geta,
960 2037 1048 2078 nisi
1063 2035 1158 2090 jam
1182 2031 1365 2087 aliquod
1386 2031 1468 2072 tibi
1487 2027 1718 2072 consilium
1739 2040 1812 2069 ce-

528 2109 615 2149 lere
641 2107 835 2161 reperis:

404 2213 471 2245 GE.
496 2213 639 2252 periisti,
658 2212 755 2252 Geta,
770 2212 832 2242 nisi
852 2211 988 2242 subitum
1003 2210 1126 2251 aliquod
1150 2207 1310 2240 consilium
1332 2206 1505 2238 interieris:
1524 2205 1572 2236 ita
1593 2213 1674 2236 nunc
1686 2203 1744 2235 tibi
1758 2212 1817 2233 non

967 2302 1207 2316 eeeeeeeeee

408 2373 448 2403 In
466 2372 544 2411 Rip.
563 2374 597 2401 et
615 2369 715 2400 Both.
734 2368 814 2400 Act.
834 2378 871 2398 n.
887 2368 942 2400 Sc.
960 2370 1054 2398 2.-1
1082 2364 1279 2396 Priscianus
1306 2362 1364 2394 lib.
1382 2372 1415 2393 v.
1439 2361 1552 2393 Nullus
1575 2371 1618 2401 es,
1645 2360 1740 2398 Geta,
1760 2359 1821 2390 nisi

365 2415 525 2446 consilium
537 2413 660 2452 aliquod
676 2413 772 2442 celere
787 2412 949 2451 repereris.
993 2408 1060 2439 Sed
1077 2408 1139 2439 lib.
1157 2416 1223 2438 vn.
1243 2406 1356 2437 Nullus
1371 2415 1413 2439 es,
1429 2405 1522 2439 Geta,
1538 2404 1601 2434 nisi
1614 2403 1684 2442 jam
1698 2402 1822 2442 aliquod

367 2458 525 2487 consilium
541 2456 636 2486 celere
651 2454 812 2494 repereris.
860 2453 902 2483 Et
921 2452 1006 2482 Mss.
1024 2450 1173 2491 quidam,
1187 2458 1263 2480 cum
1280 2447 1359 2478 edd.
1373 2447 1471 2478 Junt.
1488 2446 1605 2485 steph.
1622 2445 1699 2476 Ald.
1715 2449 1749 2475 et
1766 2453 1823 2474 ve-

370 2498 568 2529 tustioribus
594 2496 986 2537 quibusdam,repererz's.
1011 2494 1116 2523 West.
1161 2491 1291 2521 Omnes
1316 2489 1445 2530 antiqui
1467 2488 1556 2528 libri,
1571 2493 1606 2519 et
1629 2487 1756 2527 aliquot
1780 2494 1823 2515 ex

370 2541 577 2579 recentibus,
595 2549 633 2569 ac
656 2538 810 2568 Donatus
835 2537 919 2567 hanc
947 2535 1209 2566 collocationem
1235 2532 1416 2563 verborum
1439 2531 1578 2568 habent,
1592 2529 1656 2561 nisi
1672 2529 1743 2566 jam
1764 2528 1824 2559 ali-

369 2584 468 2622 quod:
493 2587 527 2613 et
550 2591 610 2621 pro
626 2581 787 2620 repereris,
804 2578 933 2620 antiqui
951 2587 1064 2608 omnes
1081 2576 1229 2617 repperis-
1255 2575 1314 2606 Fa.
1363 2574 1480 2604 Nullus
1502 2582 1544 2613 es,
1571 2573 1666 2607 Geta,
1681 2571 1743 2601 nisi
1755 2570 1825 2609 jam

371 2625 494 2664 aliquod
511 2624 568 2654 tibi
584 2623 743 2654 consitium
758 2623 853 2652 celere
868 2620 1018 2661 repperis.
1063 2619 1120 2650 Sic
1138 2618 1258 2650 Faern.
1304 2616 1409 2657 Atqui
1424 2616 1529 2646 nostri
1547 2613 1733 2647 veterrimi,
1749 2621 1825 2643 cum

372 2676 495 2706 magno
513 2666 652 2696 aliorum
671 2665 831 2695 comitatu
848 2663 1010 2704 repereris,
1029 2666 1063 2692 et
1078 2663 1126 2692 sic
1144 2660 1339 2691 Priscianus
1355 2658 1419 2696 bis,
1435 2668 1467 2696 p.
1481 2659 1557 2688 647.
1571 2659 1647 2687 760.
1692 2655 1828 2694 Aliquod

366 2709 435 2747 jam
455 2708 552 2738 CCC.
568 2713 603 2738 et
620 2706 816 2737 Priscianus
835 2715 867 2746 p.
883 2709 958 2736 700.
974 2710 1011 2735 ut
1028 2703 1139 2735 codex
1155 2703 1201 2734 ibi
1216 2707 1380 2733 vetustus.
1427 2699 1497 2731 Tibi
1512 2698 1602 2739 apud
1614 2698 1827 2729 Priscianum

375 2751 484 2781 deest.
529 2751 679 2790 Repone,
696 2749 822 2788 Nullus,
837 2748 941 2785 Geta;
964 2747 1025 2777 nisi
1039 2747 1163 2786 aliquod
1171 2745 1241 2783 jam
1256 2743 1416 2775 consilium
1431 2742 1528 2774 celere
1542 2740 1702 2782 repereris.
1725 2738 1828 2771 Bent.
