1966 3302
320 241 407 285 562·
811 254 857 284 P.
889 251 1132 283 ‘rnnssurn
1167 252 1285 285 Arm

322 354 443 407 Quid
463 354 623 409 reliqui
643 353 712 404 ’st‚
734 352 1035 408 quin‘habeat,
1059 365 1160 406 quae
1182 350 1357 406 quidem
1379 352 1422 393 in
1437 351 1613 393 homine
1632 350 1784 393 dicun-

495 427 563 464 tur
583 422 731 463 bona?

322 491 560 540 ParenteS,
601 489 794 544 patriam
827 488 1109 538 incolumem,
1147 487 1329 537 amicos,
1366 497 1520 539 genuS,
1555 489 1782 539 cognatos,

497 559 699 609 divitias3
1726 553 1783 594 20

324 627 473 682 Atque
494 627 591 669 haec
613 626 791 681 perinde
810 629 930 675 sunt,
951 629 1004 666 ut
1022 624 1139 666 illius
1161 623 1347 672 animuS,
1373 621 1450 676 qui
1471 634 1527 663 ea
1546 619 1783 674 possidet:

325 695 415 746 Qui
437 696 501 736 uti
520 695 619 744 scit,
642 695 683 735 ei
706 694 821 735 bona
839 707 850 746 3
881 693 962 744 illi,
983 693 1060 747 qui
1081 705 1167 733 non
1190 691 1329 732 utitur
1348 694 1480 740 recte,
1501 689 1636 731 mala.

324 763 409 805 CL.
441 764 585 806 Immo
607 763 679 804 ille
700 762 783 804 fuit
803 775 938 803 senex
957 761 1232 815 importunus
1251 771 1450 813 semper:
1483 761 1530 799 et
1543 770 1661 799 nunc
1677 756 1786 799 nihil

496 831 638 885 magis

322 899 502 951 Vereor,
524 912 656 954 quam
677 911 731 939 ne
753 897 858 952 quid
878 897 924 938 in
945 896 1071 938 illum
1093 896 1231 937 iratus
1251 894 1356 949 plus
1373 894 1482 935 satis
1497 891 1627 944 faxit,
1645 897 1785 947 pater.

324 967 415 1010 CH.
449 967 616 1010 Illene'l
648 966 725 1007 sed
758 966 996 1019 reprimam
1027 976 1119 1006 me:
1149 976 1250 1005 nam
1288 962 1331 1003 in
1368 965 1488 1004 metu
1519 974 1622 1004 esse
1653 961 1786 1010 hunc,

495 1035 558 1077 illi
580 1039 648 1076 est
668 1033 791 1076 utile.
1727 1028 1786 1071 223

327 1141 412 1178 Quid
428 1142 522 1181 deest,
535 1141 612 1181 quod
627 1149 689 1172 non
704 1138 814 1171 habeat
837 1149 885 1176 ea,
901 1147 969 1179 quae
993 1142 1074 1169 certe
1090 1148 1109 1168 α
1125 1137 1216 1176 vulgo
1232 1139 1394 1168 censentur
1409 1145 1472 1167 esse
1489 1134 1566 1166 bona
1587 1134 1622 1165 in
1641 1132 1788 1166 homine?

325 1186 434 1216 Habet
446 1188 567 1226 patrem
582 1187 613 1215 et
638 1186 780 1222 matrem,
803 1182 941 1223 putrium
964 1182 1093 1218 salvam,
1116 1179 1240 1220 amicos,
1256 1179 1409 1211 natalium
1423 1178 1651 1216 claritudinem,
1663 1178 1790 1217 propin-

325 1238 409 1269 quos,
424 1238 506 1268 opes,
521 1231 551 1258 et
566 1227 715 1258 divitias:
731 1229 820 1265 atque
834 1225 899 1256 hoec
912 1225 1014 1255 omnia
1029 1223 1108 1254 talia
1120 1226 1205 1262 sunt,
1230 1223 1331 1263 qualis
1345 1222 1466 1253 animus
1480 1221 1558 1262 ejus,
1571 1220 1625 1261 qui
1638 1230 1673 1251 ea
1686 1223 1789 1252 tenet:

324 1275 416 1312 atque
430 1271 522 1302 utilia
536 1271 578 1309 ei,
593 1269 646 1310 qui
659 1269 719 1300 scit
737 1269 799 1300 illis
805 1268 890 1308 frui,
906 1270 939 1298 ut
957 1268 1043 1298 decet
1053 1277 1066 1303 ,·
1088 1265 1137 1297 illi
1157 1276 1239 1306 vero,
1255 1267 1306 1306 qui
1322 1265 1371 1296 his
1386 1264 1539 1304 abutitur,
1559 1273 1657 1295 nocua
1672 1266 1744 1294 sunt
1757 1267 1788 1294 et

324 1316 407 1345 mala
432 1324 502 1345 vere
524 1316 596 1344 tunc
617 1313 773 1343 dicuntur.
821 1311 884 1342 CL.
908 1310 971 1341 Sed
993 1310 1042 1340 ille
1058 1319 1152 1340 senex
1169 1309 1369 1340 Menedemus
1389 1307 1459 1346 fnit
1475 1316 1594 1348 semper
1607 1305 1736 1338 acerbus
1757 1310 1788 1337 et

324 1359 488 1395 molestus,-
513 1360 543 1388 et
569 1366 647 1387 nunc
671 1354 751 1386 nihil
770 1354 872 1394 magis
895 1353 998 1389 timeo,
1023 1362 1114 1392 quam
1137 1362 1174 1383 ne
1198 1351 1262 1387 ille,
1273 1353 1343 1393 plns
1357 1360 1443 1391 (equo
1457 1359 1648 1388 succensens,
1671 1349 1790 1390 aliquid

317 1402 423 1439 saciat
453 1402 600 1431 adversus
621 1399 738 1440 filium.
784 1397 853 1428 Cu.
890 1396 985 1427 Illene
1014 1392 1244 1426 Menedemus?
1274 1395 1327 1425 sed
1349 1394 1491 1433 linguam
1520 1393 1673 1432 cohibebo,
1693 1402 1789 1433 neque

324 1444 427 1475 dicam
441 1443 520 1485 quod
533 1442 642 1482 sentio,
655 1444 774 1482 patrem
789 1449 894 1480 nempe
907 1439 1035 1479 posthac
1042 1438 1216 1478 facturum,
1230 1438 1435 1478 quodcumque
1444 1435 1570 1468 libuerit
1574 1435 1659 1478 filio.
1698 1436 1790 1466 Certe

326 1488 401 1520 utile
412 1491 457 1519 est
477 1485 661 1526 Clitiphoni,
674 1484 752 1516 hunc
773 1484 912 1515 Cliniam
926 1481 1025 1513 vereri
1032 1485 1165 1522 patrem,
1177 1484 1205 1513 et
1218 1489 1399 1522 permanere
1413 1480 1446 1511 in
1461 1477 1583 1512 timore.
1628 1479 1690 1511 CL.
1705 1478 1791 1515 Quid

940 1566 996 1578 ὀὔ
1001 1565 1133 1578 “tte“
1137 1566 1152 1577 Ι
1156 1566 1175 1577 e

327 1630 413 1658 -16
439 1625 588 1658 Turbati«)
604 1623 721 1656 Guelf.
736 1626 855 1655 3.-18
881 1624 990 1655 Recte
1008 1623 1107 1655 codd.
1127 1631 1209 1664 quos
1237 1621 1307 1653 vidi
1330 1619 1491 1659 universi,
1507 1618 1654 1651 miserum
1668 1627 1699 1650 se
1713 1627 1790 1650 esse.

329 1671 500 1702 Miserum?
523 1670 625 1700 Bent.
670 1668 679 1685 ‘
697 1666 751 1699 Ad
768 1666 873 1697 verba
888 1667 1022 1707 Virgilii
1039 1667 1113 1697 Ecl.
1131 1675 1167 1697 x.
1182 1668 1235 1697 46.
1257 1669 1267 1682 ‘
1285 1674 1348 1696 nec
1365 1664 1408 1696 sit
1423 1663 1505 1694 mihi
1528 1661 1697 1702 credere,’
1713 1662 1791 1693 Ser-

327 1717 401 1745 vius
418 1714 516 1754 vulgo
533 1712 648 1742 editur
664 1721 705 1741 ex
724 1710 914 1742 Heautont.
929 1710 1048 1746 citare,
1062 1710 1273 1749 Miserumque
1289 1708 1390 1739 niinus
1404 1707 1527 1738 credere
1542 1708 1599 1736 est.
1625 1704 1791 1736 Barbare.

327 1757 487 1798 Scripsit,
508 1754 686 1786 Miserum!
707 1763 793 1794 quem
809 1753 912 1784 minus
932 1755 1055 1784 credere
1076 1755 1121 1783 est
1131 1751 1153 1783 2*
1176 1752 1284 1783 West.
1328 1751 1387 1781 ΒΓ.
1405 1750 1520 1787 habet,
1537 1748 1690 1779 Miserum
1703 1757 1792 1788 quem

328 1811 369 1832 m.
385 1811 411 1832 c.
428 1803 475 1831 est
487 1801 585 1830 ?—19
608 1797 693 1829 Cod.
710 1797 739 1826 A
764 1796 918 1837 reliquum
932 1799 998 1833 est;
1023 1795 1110 1826 hand
1139 1794 1239 1825 male.
1263 1794 1362 1825 Both.
1408 1793 1476 1824 Ms.
1495 1791 1587 1832 Lips.
1612 1789 1712 1821 Bodl.
1730 1790 1790 1821 ΒΓ.

329 1842 446 1875 Guelf.
465 1845 493 1873 1.
518 1841 590 1873 EP.
611 1839 683 1871 ET.
700 1840 772 1870 EV.
790 1842 821 1870 1.
845 1849 907 1870 esse
932 1839 967 1869 in
991 1838 1210 1870 hominm—20
1235 1837 1323 1868 Gov.
1348 1841 1384 1868 et
1407 1836 1460 1868 hic
1477 1840 1511 1866 et
1528 1833 1620 1865 And.
1638 1842 1691 1865 ιν.
1709 1836 1741 1863 5.
1758 1835 1791 1865 2.
1812 1853 1823 1861 .

328 1887 425 1917 ditias
440 1884 621 1925 legendum
639 1892 710 1914 esse
727 1882 917 1922 contendit,
943 1886 981 1912 ut
1002 1881 1137 1912 scilicet
1161 1880 1279 1911 durior
1293 1878 1392 1910 elisio
1408 1879 1569 1910 evitetur.
1592 1877 1691 1907 West.
1735 1875 1793 1907 Ita

330 1939 464 1971 quoque
483 1929 647 1959 Pan—21
673 1926 777 1965 Vulg.
798 1925 913 1965 Atque,
937 1934 1076 1965 prorsus
1104 1923 1212 1955 invita
1234 1922 1415 1953 sententia.
1439 1921 1538 1953 Both.
1561 1919 1618 1961 qui
1634 1917 1791 1959 legit,At

330 1974 405 2004 ἠως.
450 1971 582 2003 Animus
605 1973 651 2001 est
673 1969 727 2010 qui
753 1969 901 1999 Br.—23
927 1968 995 1999 CH.
1018 1968 1118 1998 Immo
1139 1966 1195 1997 ille
1213 1975 1307 1996 senex
1322 1964 1392 2003 fuit
1415 1964 1609 2005 importunus
1629 1970 1749 2002 semper
1763 1964 1792 1992 et

329 2026 410 2047 nunc
425 2015 503 2046 nihil
518 2013 628 2052 magis.
669 2012 725 2043 lta
740 2010 878 2052 quidem
895 2011 1026 2052 optime
1042 2014 1111 2042 stat
1127 2008 1336 2048 octonarius,
1354 2010 1533 2039 contracto
1549 2004 1628 2036 nihil
1641 2004 1675 2035 in
1691 2013 1793 2035 unam

330 2058 517 2099 syllabam:
544 2057 603 2087 sed
620 2055 733 2086 nullus
751 2058 805 2085 est
819 2053 907 2085 liber
933 2053 1094 2093 scriptus,
1113 2052 1168 2094 qui
1185 2052 1234 2083 ita
1249 2050 1389 2090 habeat,
1406 2050 1464 2082 sed
1487 2048 1530 2081 ad
1546 2057 1649 2079 unum
1666 2056 1796 2087 omues,

331 2102 431 2132 Immo
454 2101 507 2132 ille
526 2099 595 2138 suit
611 2107 704 2129 senex
720 2097 912 2137 importunus
927 2106 1054 2136 semper,
1078 2096 1219 2127 meliore
1237 2094 1475 2132 collocatione,
1497 2095 1534 2124 et
1557 2099 1701 2122 numero
1727 2099 1793 2122 non

331 2147 559 2185 repugnante,
580 2141 607 2172 si
624 2141 677 2171 vel
695 2150 736 2171 ex
752 2149 871 2180 semper
885 2149 903 2170 r
926 2139 1081 2179 abjicias,
1099 2139 1150 2169 vel
1167 2138 1205 2168 τὸ
1219 2147 1315 2168 senex
1341 2136 1373 2167 in
1396 2145 1497 2167 unam
1522 2132 1687 2174 syllabam
1715 2141 1794 2164 con-

332 2188 456 2219 trahas,
483 2187 541 2218 Fa.
587 2183 695 2215 Abest
719 2184 772 2214 ille
799 2192 817 2213 a
844 2182 1142 2224 quibusdam—24
1166 2182 1224 2212 Br.
1239 2179 1330 2218 faxit
1351 2183 1453 2220 pater.
1497 2178 1506 2195 ‘
1523 2177 1696 2208 Intererat
1719 2184 1795 2207 sen-

331 2231 463 2268 tentiae,
485 2228 641 2267 κόμματος
657 2226 789 2266 signum
807 2230 887 2256 ante
904 2226 990 2257 lianc
1006 2235 1125 2257 vocem
1144 2223 1235 2265 poni,
1250 2232 1360 2263 neque
1378 2222 1466 2252 enim
1482 2218 1679 2252 nominandi
1694 2228 1794 2249 casus

331 2278 385 2304 est
402 2273 458 2304 τοῦ
468 2272 572 2310 suxit,
598 2269 765 2311 quomodo
783 2269 816 2300 in
834 2268 1001 2307 omnibus,
1024 2277 1106 2310 quas
1125 2266 1208 2307 vidi,
1232 2265 1300 2296 vidi
1327 2269 1440 2296 autem
1458 2263 1619 2305 plurimas
1645 2265 1682 2293 et
1707 2270 1795 2302 prae-

331 2316 571 2352 mantissimas,
600 2312 805 2344 editionibus
831 2321 1032 2351 expressum
1055 2309 1182 2351 reperi,
1204 2308 1265 2339 sed
1295 2307 1455 2346 vocandi,
1484 2315 1551 2346 quo
1577 2305 1795 2336 Chremetem

331 2359 514 2399 compellat
535 2356 695 2396 Clitipho-
749 2355 806 2386 Sic
823 2364 924 2395 snpra
940 2364 1040 2385 versu
1058 2356 1110 2385 13.
1132 2353 1142 2369 ⁴
1156 2353 1247 2383 Cave
1261 2350 1369 2389 faxis3
1393 2359 1460 2381 non
1477 2358 1562 2389 opus
1577 2352 1642 2385 est,
1656 2346 1796 2387 pater.''

337 2402 524 2434 West.-25
548 2400 650 2431 Both.
675 2408 747 2429 nam
762 2397 903 2429 metuisse
918 2397 1097 2429 huna—26
1120 2396 1208 2427 Mss.
1234 2394 1372 2436 quidam
1401 2397 1436 2424 et
1454 2391 1562 2424 editi:
1588 2389 1672 2428 Quia
1695 2393 1730 2422 tu
1750 2393 1796 2421 te-

991 2478 1024 2510 N
1031 2476 1134 2509 OTAE

374 2550 416 2579 22
433 2547 496 2582 Qui
509 2546 556 2578 nti
568 2546 640 2586 scit,
651 2545 679 2576 ei
692 2545 784 2585 bona]
802 2545 857 2575 De
870 2542 964 2575 bonis
979 2551 1037 2573 ex·
1091 2543 1128 2571 et
1148 2538 1295 2571 bonitas.
1340 2538 1426 2571 Quae
1453 2536 1616 2569 dicuntur
1636 2533 1796 2575 ἀδιάφορα,

333 2598 439 2628 ternis
465 2596 627 2637 loquitur,
654 2595 725 2625 sive
753 2594 849 2625 bonis
877 2592 1039 2630 fortunae,
1092 2587 1338 2628 indifferentia,
1353 2596 1463 2629 neque
1481 2587 1570 2618 bona
1597 2593 1708 2626 neque
1724 2593 1794 2615 ma—

331 2659 407 2690 quae
423 2654 499 2678 sunt
514 2647 685 2685 nobilitas,
696 2645 785 2676 bona
799 2643 903 2682 fama,
920 2634 1039 2682 honor,
1094 2642 1150 2680 la;
1176 2640 1235 2671 sed
1255 2644 1334 2670 sunt
1358 2639 1445 2670 bona
1474 2637 1562 2669 bene
1584 2636 1636 2668 his
1661 2635 1769 2667 utenti
1787 2645 1796 2673 ;

331 2695 651 2737 diviliaeflrohvtpoxia
662 2695 712 2726 καὶ
726 2694 948 2735 χρηστυφιλία,
960 2693 1040 2723 ami-
1094 2692 1185 2723 mala
1200 2691 1287 2721 male
1302 2689 1425 2721 utenti.

333 2750 414 2781 ciria
440 2759 515 2779 cuni
544 2748 656 2778 multis
684 2746 862 2786 bonisque,
890 2750 1040 2775 πολυτεκ-
1137 2744 1177 2773 25
1202 2741 1266 2773 Sed
1281 2740 1448 2781 reprimam
1463 2737 1526 2778 me]
1551 2735 1639 2768 Haec
1654 2734 1798 2767 submis-

330 2799 380 2831 ‚la
393 2798 445 2829 nal
469 2796 618 2838 εὐτεκνία,
643 2797 829 2828 liberorum
853 2794 1037 2827 multitudo
1092 2803 1127 2824 sa
1145 2801 1227 2824 voce
1246 2793 1407 2825 Chremes
1426 2789 1583 2831 protulit,
1603 2797 1646 2820 ne
1662 2785 1798 2819 audiret
