1966 3302
504 263 849 294 ADELPHORUM
883 263 993 293 ACT.
1021 263 1067 292 V.
1100 263 1168 293 Sc.
1193 263 1266 293 ΙΙΙ.

1514 256 1539 295 “U

1543 255 1568 295 ‘Q

1574 255 1597 294 με

144 361 234 402 DE.
265 360 354 402 Cur
373 372 489 400 nuno
512 359 627 418 apg-(j
644 363 691 411 ,ζρ
716 359 870 411 potat?
903 372 978 399 cur
998 359 1156 412 recipis
1179 360 1350 399 meum?

143 430 232 471 Cur
251 429 361 469 emis
383 429 584 476 amicam,
607 426 780 467 Micio?
812 439 911 466 nain
933 427 1009 479 qui
1030 428 1173 467 minus
1200 472 1202 474 ,

145 497 259 538 Mihi
280 497 398 537 idem
412 495 487 549 jus
509 507 685 548 aequom
707 493 761 534 'st
785 507 899 543 esse,
921 494 1039 548 quod
1060 507 1232 535 mecum
1252 493 1304 535 'st
1325 493 1436 535 tibi?
1544 496 1601 535 15

145 564 336 615 Quando
354 576 436 616 ego
457 568 578 603 tuum
598 575 686 602 non
707 575 826 611 curo,
845 575 896 602 ne
917 575 1024 603 cura
1046 576 1206 603 meum.

126 633 234 674 ·M1.
265 631 368 673 Non
389 643 563 684 aequom
586 630 728 682 dicis3
759 643 870 682 non;
903 643 1004 671 nam
1027 638 1156 671 vetus
1178 630 1360 671 verbum
1388 630 1472 671 hoc
1505 631 1599 684 qui-

317 700 413 739 dem
437 702 534 749 est3

145 766 409 808 Communia
427 779 523 806 esse
544 765 780 806 amicorum
800 764 911 806 inter
932 778 980 805 se
1002 765 1165 805 omnia.

145 835 235 876 DE.
268 834 456 875 Facete!
487 846 601 874 nunc
619 833 793 874 demum
814 833 974 873 isthaec
992 837 1096 873 nata
1119 834 1263 874 oratio
1288 839 1371 874 est.

145 902 230 943 Mi.
263 902 481 942 Ausculta
502 902 677 954 paucis,
697 901 783 941 nisi
802 900 1039 941 molestum
1061 905 1144 951 est,
1168 901 1353 942 Demea.
1547 903 1602 945 ΞΟ

147 970 390 1023 Principio,
413 970 451 1009 si
470 969 516 1010 id
537 974 579 1010 te
602 969 787 1018 mordet,
809 974 1001 1010 sumtum
1021 969 1100 1010 filii

148 1038 292 1089 Quem
314 1037 496 1087 faciunt,
519 1050 672 1090 quaeso
692 1038 829 1078 facito
848 1037 948 1094 haec
968 1041 1110 1078 tecum
1134 1038 1303 1090 cogites
1321 1052 1331 1079 :

143 1106 213 1147 Tu
238 1106 340 1146 illos
362 1105 472 1147 duos
493 1106 595 1146 olim
615 1119 693 1159 pro
716 1119 759 1146 re
785 1092 974 1146 tollEisas
995 1109 1084 1162 Qa,

146 1235 222 1266 Non
237 1235 382 1277 diffiteor,
397 1236 441 1266 sic
455 1239 513 1276 est,
527 1239 560 1266 ut
576 1236 634 1266 ais.
668 1235 736 1265 DE.
763 1236 828 1266 Cur
843 1234 1022 1274 nunc-filius
1033 1244 1119 1266 meus
1137 1234 1282 1273 Ctesipho
1293 1236 1376 1274 apud
1391 1237 1421 1264 te
1435 1234 1604 1274 potationi-

146 1277 201 1309 bus
214 1279 377 1318 indulget?
398 1288 452 1310 cur
466 1278 499 1310 in
515 1279 631 1309 cedibus
646 1278 709 1308 tuis
723 1278 755 1308 id
767 1279 795 1309 ei
807 1279 966 1318 permittis
976 1277 992 1308 ?
1014 1287 1070 1307 cur
1084 1278 1112 1308 ei
1127 1280 1181 1308 tua
1194 1278 1323 1317 pecunia
1336 1278 1466 1309 amicam
1480 1287 1601 1318 compa-

144 1331 211 1358 ras,
240 1321 362 1352 Mitio?
381 1331 482 1352 nonne
505 1331 625 1361 oequum.
652 1324 710 1359 est,
740 1324 774 1351 ut
803 1320 884 1351 idem
904 1321 961 1359 jus
986 1330 1102 1351 mecum
1124 1320 1263 1352 observes
1287 1324 1379 1361 atque
1402 1330 1457 1359 ego
1483 1325 1601 1351 tecum.-

145 1365 266 1403 quando
291 1364 392 1404 igitur
413 1364 583 1406 tuusfilius
597 1363 674 1395 mihi
697 1374 778 1394 curoe
794 1373 856 1395 non
871 1367 928 1398 est,
946 1373 983 1394 ne
1007 1373 1090 1394 meus
1104 1364 1148 1394 sit
1161 1363 1220 1394 tibi
1235 1373 1328 1394 cnrae.
1374 1364 1439 1394 M1.
1466 1364 1601 1395 Minime

136 1406 264 1445 justum
287 1411 346 1445 est,
370 1408 450 1447 quod
475 1409 537 1438 ais.-
561 1417 633 1438 nam
657 1410 745 1437 vetus
769 1407 917 1445 adagium
940 1408 1145 1443 adversatur,-
1168 1407 1339 1437 communia
1354 1416 1418 1438 esse
1432 1407 1602 1437 amicorum.

145 1449 230 1480 inter
242 1460 274 1481 se
287 1450 400 1481 omnia.
448 1451 514 1481 DE.
542 1450 667 1481 Festive
681 1450 802 1490 quidem
824 1450 858 1480 id
882 1450 999 1480 dictum.
1022 1453 1080 1482 est,
1125 1449 1188 1480 Sed
1214 1459 1270 1480 cur
1293 1459 1374 1480 nunc
1397 1451 1521 1481 tandem
1547 1450 1603 1480 koc

144 1492 291 1531 adagium
306 1497 456 1533 usurpas?
501 1493 565 1523 M1.
591 1493 719 1530 Frater,
733 1502 808 1532 rogo
827 1495 862 1523 ut
887 1493 954 1522 lzaec
975 1501 1071 1531 pauca
1087 1493 1207 1526 audias.
1223 1493 1324 1523 sinon
1354 1492 1411 1522 tibi
1439 1493 1605 1523 incommo-

146 1536 220 1566 dum
236 1539 294 1567 est.
340 1536 484 1567 Primum
498 1536 527 1567 si
548 1536 581 1566 id
597 1539 627 1566 te
646 1535 759 1575 pungit
783 1539 815 1566 et
835 1535 938 1566 dolore
959 1537 1067 1576 qfficit,
1083 1537 1161 1575 quod
1183 1535 1383 1577 sumtusfiliz‘
1407 1536 1605 1573 tuifaciunt,

137 1577 196 1616 fac
211 1582 246 1610 ut
261 1579 325 1610 luet:
336 1580 439 1610 animo
453 1582 576 1620 reputes
589 1589 600 1615 ;
623 1582 657 1609 tu
673 1579 825 1619 quondum
840 1578 907 1608 illos
917 1579 1077 1615 edict-abas,
1090 1581 1182 1618 prout
1188 1578 1361 1616 facultates
1376 1579 1607 1618 tuoeserebant‚

755 1671 994 1686 ‘montotto

150 1755 228 1792 post
249 1752 434 1781 tuum—13
461 1751 526 1781 Cur
549 1760 634 1781 meus
655 1759 736 1781 nunc
758 1750 948 1781 Both.-—14
971 1750 1052 1781 Var.
1077 1748 1176 1780 codd.
1200 1748 1359 1788 numqui:
1384 1749 1426 1780 al.
1450 1750 1608 1789 vizttnquid.

150 1792 217 1823 Sed
240 1794 354 1832 piacet
369 1803 453 1831 num,
468 1793 636 1831 particula
662 1793 840 1833 probandi.
866 1793 954 1824 Peri.
985 1793 1072 1823 Num
1093 1793 1145 1832 qui
1162 1792 1265 1822 Bent.
1280 1792 1359 1830 Bip.
1376 1791 1415 1822 Z.
1449 1792 1611 1832 Numquid

150 1835 209 1866 ΒΓ.
228 1833 391 1866 Guelf.3.
415 1836 601 1867 Both.-—15
627 1836 685 1867 Sic
708 1836 766 1867 Fa.
796 1836 941 1866 Variant
969 1836 1127 1866 codices:
1153 1835 1212 1865 sed
1240 1835 1419 1875 legendum
1448 1835 1610 1875 arbitror,

149 1877 301 1917 Mihijus
316 1876 398 1909 idem
412 1878 454 1909 sit
470 1882 581 1917 tecum,
596 1880 674 1917 qaod
695 1889 813 1910 mecum
828 1879 898 1910 tibi.
922 1879 1023 1909 Beut.
1069 1878 1175 1908 Pauci
1193 1877 1267 1908 libri
1294 1876 1499 1918 praeferunt,
1519 1889 1609 1918 quam

149 1923 230 1961 quod
258 1931 375 1952 mecum
402 1925 449 1953 est
479 1922 560 1952 tibi?
583 1923 692 1952 West.
731 1923 832 1957 Quam
857 1921 986 1960 mecum]
1016 1920 1112 1952 Alias
1138 1922 1226 1961 quod.
1252 1922 1310 1951 Er.
1357 1921 1500 1951 Bothius
1525 1922 1611 1962 legit

151 1964 204 1994 Mi
219 1963 364 2003 idemjus
377 1967 479 1995 tecum
493 1965 541 1996 ais
555 1974 633 2000 esse,
649 1966 729 2004 quod
751 1974 867 1995 mecum
881 1969 927 1995 est
941 1964 1022 1995 tibi?
1045 1963 1162 1995 Guelf.
1179 1966 1209 1994 3.
1249 1964 1337 1994 Idem
1352 1964 1428 1995 mihi
1440 1964 1495 2001 jus
1509 1967 1610 1995 tecum

147 2009 196 2037 est
211 2005 379 2039 tion—17
404 2007 444 2038 In
461 2007 660 2048 quibusdam
678 2007 855 2038 codicibus
873 2013 924 2047 est
939 2019 947 2038 z
972 2007 1038 2037 M1.
1064 2007 1137 2037 Non
1153 2017 1272 2046 oequum
1288 2007 1379 2038 dicis.
1418 2007 1488 2037 DE.
1518 2007 1611 2038 Non?

152 2049 217 2081 Ml.
242 2049 325 2080 Num
340 2053 438 2081 vetus.
464 2051 571 2081 West.
620 2051 686 2081 Do.
705 2056 811 2081 totuin
835 2051 898 2081 hoe
922 2050 1065 2081 Micioni
1091 2050 1234 2088 tribui13
1257 2055 1290 2080 et
1316 2050 1364 2080 sic
1388 2050 1495 2079 codex
1520 2055 1611 2081 uotae

151 2092 291 2133 optimae
318 2091 408 2132 apud
425 2092 469 2124 G.
486 2093 522 2124 F.
571 2093 691 2124 Nostri
715 2103 831 2124 omnes
847 2094 1010 2124 Demeam
1032 2093 1269 2133 interponunt.
1314 2092 1488 2123 Utrumvis
1505 2092 1553 2122 ita
1575 2103 1612 2123 se

152 2135 384 2174 commendat,
400 2140 437 2165 ut
452 2135 585 2166 nescias
605 2143 717 2166 utrum
735 2135 907 2176 praeferas.
932 2137 1029 2167 Bent.
1073 2136 1236 2166 Demeam
1254 2136 1479 2175 interponunt
1495 2145 1610 2166 omues

152 2177 232 2209 edd.
248 2187 353 2218 penes
378 2187 439 2208 uos
455 2182 684 2219 praeterqnam
702 2178 917 2217 Delon—19
943 2179 1017 2210 Nisi
1036 2177 1082 2209 ita
1100 2178 1190 2218 legas
1206 2183 1241 2208 et
1258 2178 1460 2218 distinguas,
1478 2188 1612 2210 sensum

153 2220 364 2251 commodum
393 2230 456 2251 non
482 2221 593 2252 video.
621 2222 717 2252 West.
755 2222 890 2252 Facete:
913 2232 995 2252 nuuc
1019 2222 1121 2252 Bent.
1148 2222 1188 2252 Z.
1218 2221 1347 2259 Delph.
1382 2222 1505 2259 Facete,
1532 2231 1612 2252 nunc

154 2263 300 2294 Biz—22
324 2264 487 2304 Plerique
504 2264 578 2294 libri
601 2263 742 2302 habent,
758 2265 814 2295 hoc
829 2268 949 2296 tecum.-
973 2265 1069 2295 Bem.
1093 2274 1194 2304 quaeso
1209 2262 1385 2300 hoe-facito,
1409 2264 1469 2295 Fa.
1493 2264 1612 2295 Nostri

144 2305 248 2344 facito
273 2306 349 2337 hoec.
375 2306 478 2339 Bent.
517 2307 629 2342 Quoeso
645 2307 700 2338 hoc
719 2306 750 2345 f.
775 2308 876 2338 Both.
894 2308 989 2339 Perl.
1013 2307 1178 2347 Βὴλ-23
1202 2307 1338 2337 Servius
1357 2306 1398 2336 ad
1418 2307 1513 2346 Virg.
1537 2308 1612 2338 AEu.

154 2358 207 2380 Χι.
222 2352 298 2380 285.
322 2349 392 2380 illos
415 2351 474 2381 duo
493 2349 599 2390 legit3
624 2350 714 2391 quod
741 2354 777 2380 et
802 2350 937 2381 Pierius
960 2355 995 2382 et
1021 2350 1135 2381 Cerda
1158 2348 1307 2386 firmant,
1322 2349 1424 2379 variis
1448 2351 1613 2389 exemplis

153 2392 241 2422 hane
256 2391 520 2423 declinationem
537 2393 803 2424 Graecissantem
821 2399 1026 2425 astruentes.
1071 2393 1166 2423 Idem
1186 2393 1219 2423 in
1235 2392 1321 2423 ambo
1343 2391 1479 2423 accidit.
1523 2393 1614 2424 Vide

154 2434 259 2465 Pan-ei
276 2436 359 2466 Lex.
383 2435 537 2467 Plautin.
580 2436 621 2466 In
647 2436 848 2476 quibusdam
872 2436 968 2467 libris
992 2440 1057 2475 est,
1072 2435 1235 2466 tolerabas.
1280 2435 1531 2476 Existimatque
1555 2436 1614 2466 Fa.

152 2477 279 2509 tollebas
294 2477 336 2508 de
353 2477 430 2509 filiis
455 2479 580 2510 adultis
603 2479 742 2519 proprie
764 2488 831 2510 non
855 2479 934 2510 dici.
962 2479 1065 2510 West.
1102 2479 1200 2509 Beni.
1219 2487 1279 2517 pro
1306 2479 1391 2516 duos,
1407 2479 1466 2508 dno
1490 2478 1614 2517 habet3

155 2529 217 2559 pro
243 2521 380 2556 tollebas,
395 2522 570 2560 tollet-abas,
587 2531 648 2561 per
673 2522 740 2552 duo
755 2522 777 2557 I,
802 2522 887 2553 licet
911 2521 1092 2558 mendose3
1117 2531 1192 2551 uam
1221 2520 1324 2551 debet
1347 2530 1420 2551 esse
1450 2531 1511 2559 per
1537 2522 1615 2552 sim-

155 2563 247 2602 plex.
273 2563 332 2594 Fa.
366 2564 412 2595 Tu
426 2564 497 2595 illos
511 2566 569 2596 duo
585 2566 656 2595 olim
670 2574 728 2604 pro
744 2575 777 2594 re
793 2564 943 2596 tolerabas
958 2568 1022 2595 tua.
1059 2564 1115 2595 Sic
1133 2565 1191 2595 Fa.
1207 2570 1242 2594 et
1258 2565 1318 2594 (luo
1333 2562 1469 2604 quidem
1497 2570 1592 2595 recte
1609 2577 1618 2603 ;

155 2605 308 2637 tolerabas
323 2616 517 2648 perperam.
564 2608 683 2638 Nostri
700 2617 816 2638 omnes
839 2609 914 2638 duos
929 2612 965 2638 et
985 2607 1118 2637 tollebas.
1164 2606 1337 2637 Charisius
1354 2616 1387 2646 p.
1407 2609 1477 2637 101.
1503 2608 1511 2623 ‘
1527 2608 1619 2644 Duo,

155 2648 216 2679 lios
240 2648 319 2680 duo.
363 2650 542 2681 Terentius
566 2651 599 2680 in
627 2650 808 2689 Adelphis:
832 2655 839 2667 ‘
858 2651 910 2681 Tu
928 2651 1002 2680 illos
1026 2649 1092 2680 duo
1116 2650 1194 2680 olim
1212 2659 1274 2690 pro
1297 2659 1333 2679 re
1357 2648 1499 2679 tollebas
1525 2655 1580 2680 tua
1596 2650 1617 2680 :’

157 2690 228 2722 Ubi
243 2691 409 2723 Helenius
426 2692 564 2724 Acron:
589 2693 656 2723 duo
673 2703 734 2732 pro
748 2692 858 2723 duos.’
895 2693 1003 2723 Vides
1026 2697 1061 2723 et
1086 2693 1187 2723 libros
1204 2697 1237 2722 et
1256 2691 1506 2723 Grammaticos
1524 2697 1616 2723 vete-

159 2743 213 2763 res
228 2733 355 2766 tollebas
371 2736 425 2767 hic
453 2735 626 2767 exhibere.
673 2736 759 2766 Nam
783 2735 873 2776 quod
896 2736 957 2766 Fa.
974 2736 1171 2774 arbitratur,
1186 2735 1312 2765 tollebas
1338 2734 1380 2765 (le
1397 2734 1520 2764 adultis
1542 2736 1616 2775 jani

157 2775 237 2806 filiis
253 2786 317 2808 uon
340 2779 476 2818 proprie
495 2779 574 2817 dici,
590 2778 625 2809 id
643 2778 780 2819 quidem
799 2787 913 2809 verum
930 2783 994 2817 est,
1011 2778 1069 2808 sed
1087 2778 1170 2809 nihil
1191 2777 1233 2808 ad
1252 2788 1332 2813 rem.
1375 2779 1383 2793 ‘
1403 2776 1492 2807 Olim
1506 2781 1512 2792 ’
1528 2779 1617 2808 euim

159 2819 315 2859 tollebas,
330 2820 435 2859 (licit3
460 2821 574 2862 itaque
590 2831 656 2860 uon
672 2821 714 2852 de
731 2821 855 2852 adultis
871 2821 996 2861 agitur,
1007 2822 1064 2852 sed
1083 2820 1280 2852 infantibus.
1309 2821 1403 2851 Bent.
1451 2821 1510 2851 Fa.
1528 2820 1618 2851 haud
