1966 3302
530 242 839 274 PHORMloNlS
872 241 980 271 Aer.
1003 241 1069 270 iv.
1103 239 1171 270 sc.
1198 240 1243 269 v,
1508 228 1618 270 1001

168 343 250 385 Cui
284 343 397 392 dem,
436 344 481 383 et
517 341 805 395 quamobrem
835 338 950 388 dem,
992 335 1355 378 commemorabo.
1436 332 1524 374 GE.
1560 333 1619 374 Ut

338 413 493 451 cautus
515 412 597 457 est,
619 408 694 448 ubi
715 406 822 448 nihil
844 418 958 459 opus
975 404 1055 445 ’st!

167 478 326 520 CHRE.
356 476 504 529 Atque
525 477 587 516 ita
623 488 733 529 opus
772 474 891 514 sacto
927 476 1022 513 est:
1055 476 1100 512 at
1121 474 1308 518 matura,
1343 468 1448 509 dum
1478 467 1617 508 libido

335 544 488 585 eadem
509 545 605 585 haec
627 546 801 593 manet3

166 612 302 661 Nam,
323 612 362 652 si
382 611 522 653 altera
542 611 621 652 illa
641 611 783 662 magis
804 609 999 657 instabit,
1020 607 1206 648 forsitan
1226 618 1307 646 nos
1329 604 1514 658 rejiciat.
1592 603 1621 645 5

164 679 256 721 GE.
278 678 391 720 Rem
412 679 550 732 ipsam
575 678 756 731 putasti.
818 677 909 716 DE.
932 676 1034 716 Duc
1056 688 1126 715 me
1145 674 1202 715 ad
1226 686 1326 714 eum
1343 685 1460 725 ergo.
1523 671 1618 714 GE.

339 746 442 787 Non
464 758 623 786 moror.
683 745 841 786 CHRE.
872 743 963 784 Ubi
983 743 1067 783 hoc
1089 742 1244 795 egeris,

166 815 373 856 Transito
395 814 452 855 ad
471 826 652 854 uxorem
681 825 842 862 meam,
879 816 927 853 ut
950 811 1184 852 conveniat
1216 809 1328 851 hanc
1362 808 1620 863 priusquam

339 883 439 923 hinc
462 882 613 922 abeat:

165 949 317 999 Dicat,
337 961 419 990 nos
439 948 542 989 dare
563 961 660 989 eam
686 946 944 988 Phormioni
963 949 1165 1000 nuptum,
1188 957 1244 985 ne
1266 947 1551 995 succenseat3

166 1016 225 1058 Et
244 1017 384 1070 magis
405 1029 504 1057 esse
526 1016 648 1057 illum
668 1016 893 1066 idoneum,
916 1015 992 1069 qui
1011 1014 1097 1068 ipsi
1118 1014 1177 1055 sit
1195 1004 1480 1063 familiariorss

166 1157 268 1179 vocem
290 1149 330 1179 ad
345 1148 445 1190 fidem
464 1147 662 1186 faciendam:
685 1147 734 1178 his
749 1147 894 1185 cuidem,
919 1149 951 1177 et
970 1148 1158 1187 quapropter
1173 1146 1254 1184 dem,
1269 1144 1420 1185 aperiam,
1434 1146 1465 1173 et
1479 1142 1624 1181 reseram.

168 1190 238 1222 GE.
265 1191 365 1227 Quam
377 1191 612 1230 circumspectus
626 1193 685 1229 est,
701 1190 754 1220 ubi
769 1191 853 1221 nullu
868 1189 1134 1229 circumspectione
1156 1198 1230 1228 opus
1245 1187 1315 1219 est!
1350 1187 1421 1218 CH.
1444 1186 1556 1225 Atqui,
1578 1185 1626 1216 ita

166 1233 267 1264 facere
280 1234 432 1265 convenit.
476 1234 588 1265 Verum
599 1235 825 1273 properandum
840 1236 897 1267 est,
912 1234 984 1263 dum
996 1232 1140 1263 voluntas
1154 1235 1184 1262 et
1200 1230 1357 1271 cupiditas
1372 1229 1504 1260 hominis
1519 1229 1625 1260 eadem

166 1275 232 1306 hoec
251 1277 349 1307 adhuc
366 1277 492 1315 fervet:
515 1286 585 1307 nam
609 1276 638 1306 si
663 1276 729 1306 hoec
754 1275 953 1306 Phormionis
972 1285 1085 1315 sponsa
1110 1274 1214 1313 magis
1238 1283 1308 1304 eum
1322 1272 1457 1303 solicitet
1472 1272 1626 1312 adipsum

165 1319 335 1350 ducendam
359 1330 498 1359 uxorem,
513 1319 656 1356 forsitan
677 1329 733 1350 nos
755 1319 908 1356 dimittat,
930 1322 960 1349 et
982 1318 1186 1348 conditionem
1207 1318 1344 1347 nostram
1359 1315 1511 1356 repudiet.
1558 1314 1626 1346 GE.

168 1361 250 1393 Rem
265 1372 337 1393 vera
352 1362 526 1401 conjectura
541 1366 699 1393 assecutus
715 1371 759 1400 eS,
776 1365 858 1392 recte
872 1361 1085 1400 considerasti,
1101 1364 1133 1391 et
1154 1359 1356 1400 perpendisti.
1401 1359 1470 1389 DE.
1494 1358 1564 1388 Duc
1579 1367 1627 1388 me

167 1413 242 1444 ergo
267 1406 308 1436 ad
334 1414 412 1436 eum.
455 1405 521 1437 GE.
548 1405 645 1436 Nulla
670 1405 702 1435 in
722 1415 768 1435 me
797 1414 883 1434 mora
911 1407 967 1443 est,
991 1407 1122 1444 paratus
1145 1413 1223 1439 sum,
1249 1411 1364 1433 eamus.
1402 1401 1470 1432 CH.
1495 1400 1557 1431 Ubi
1572 1400 1627 1430 hoc

168 1447 288 1487 negotii
317 1448 484 1488 peregeriS,
507 1447 673 1488 Demipho,
701 1447 804 1478 transi
826 1449 866 1477 ad
887 1456 1016 1477 uxorem
1037 1456 1147 1484 meam,
1170 1449 1206 1477 ut
1225 1444 1385 1476 conveniat
1400 1443 1628 1484 quamprimum

168 1490 247 1521 hauc
267 1490 456 1531 Antiphonis
484 1500 626 1531 uxorem,
654 1490 853 1521 Phormionis
881 1500 992 1520 noram
1017 1499 1183 1530 sponsam;
1203 1488 1387 1529 priusquam
1411 1488 1498 1517 domo
1524 1489 1629 1516 vestra

169 1536 261 1564 exeat
271 1545 282 1565 .-
305 1534 391 1565 dicat
405 1544 472 1565 eam
487 1543 540 1565 nos
554 1535 629 1565 dare
645 1543 772 1565 uxorem
787 1532 982 1568 Phormioni,
998 1543 1036 1563 ne
1051 1533 1105 1563 illa
1120 1532 1153 1563 id
1166 1531 1359 1570 oegreferat,
1374 1533 1404 1561 et
1420 1530 1509 1561 illum
1525 1528 1627 1568 magis

778 1627 1023 1640 ‘ueeoueeco

171 1693 289 1726 Guelf.
306 1696 337 1726 3.
358 1695 516 1726 dimittam
538 1704 602 1735 pro
624 1695 842 1728 amittam—3
867 1696 953 1727 Mss.
979 1694 1022 1726 G.
1046 1693 1129 1725 Wit.
1148 1692 1269 1724 Boend.
1296 1701 1372 1724 cum
1396 1690 1471 1723 EA.
1498 1695 1535 1722 et
1555 1691 1632 1731 qui-

171 1738 314 1769 busdam
343 1737 417 1768 aliis
435 1738 591 1777 vetustis,
609 1739 689 1768 Cum
712 1740 789 1769 dem.
837 1737 995 1769 Alterum
1022 1742 1135 1768 autem
1158 1738 1227 1767 dem
1251 1735 1349 1766 abest
1367 1745 1386 1765 a
1402 1735 1452 1766 M.
1469 1734 1628 1774 Gnyetus

170 1781 205 1811 in
222 1780 409 1821 impressis,
425 1784 433 1797 ‘
454 1781 539 1816 Quid
553 1782 622 1811 dem
639 1781 661 1811 i.
679 1791 708 1812 e.
727 1783 823 1822 cujus
840 1791 955 1820 causa,
972 1780 1013 1811 ad
1030 1790 1129 1821 quem
1145 1779 1267 1810 finem.’
1309 1778 1377 1809 Sed
1395 1777 1429 1808 in
1445 1776 1628 1816 ἆνεκδότοις,

171 1828 342 1863 expuncto
359 1823 392 1853 in
405 1833 464 1854 suo
479 1823 667 1864 exemplari
680 1825 725 1863 τῷ
737 1825 816 1855 Cum
833 1824 967 1864 scribit,
981 1826 990 1840 ⁴
1002 1822 1199 1863 Legendum
1214 1821 1351 1852 videtur
1363 1821 1423 1852 Cui
1438 1821 1515 1852 dem.
1539 1820 1631 1851 Vide

170 1865 271 1897 codd.
290 1871 433 1903 veteres,
451 1870 487 1897 et
503 1866 583 1897 edd.
606 1866 643 1897 τὸ
661 1867 722 1898 Cui
747 1867 849 1898 habet
866 1868 934 1898 Do.
981 1866 1078 1897 Lind.
1102 1865 1209 1896 editio
1233 1864 1354 1904 Bergii
1370 1862 1496 1894 etiam-⁹
1527 1863 1627 1894 IVest.

169 1909 254 1940 Wit.
303 1909 346 1939 Ut
361 1912 480 1947 cautus,
495 1909 547 1939 ubi
561 1910 641 1940 nihil
656 1913 703 1941 esc
717 1909 817 1950 opus!
841 1909 885 1941 G.
921 1911 964 1941 Ut
979 1913 1067 1940 catus
1089 1912 1146 1939 est.
1191 1907 1301 1938 Idem.
1327 1906 1413 1942 Quin
1437 1906 1514 1937 mihi
1539 1909 1632 1937 testes

169 1951 343 1990 adhibeam,
359 1952 436 1982 Cum
460 1953 539 1983 clem.
584 1953 696 1983 Nimis
726 1953 789 1984 hoc
805 1952 966 1993 vapidum
994 1957 1030 1983 et
1054 1952 1159 1982 senile
1185 1957 1250 1982 est.
1292 1950 1302 1966 ‘
1320 1950 1504 1990 Nunquam
1529 1949 1591 1979 lioc
1610 1958 1630 1980 a

171 2004 225 2026 me
243 1994 423 2034 amittam,'
438 1994 503 2025 hoc
523 1999 588 2035 est,
602 1996 611 2012 ‘
630 1996 813 2036 Nunquam
831 1995 986 2037 cuiqnam
1003 1995 1067 2026 hoc
1085 1994 1196 2031 dabo;
1221 1993 1301 2034 quin
1319 2002 1396 2023 cum
1418 1993 1506 2031 dem,
1522 1996 1629 2023 testes

173 2036 372 2068 adhibeam.¹
416 2036 493 2067 Duo
516 2045 559 2067 ex
584 2039 709 2069 nostris
736 2039 802 2069 Cur
823 2040 902 2070 dem.
947 2039 1040 2078 Lege
1063 2042 1099 2068 et
1123 2037 1306 2077 distingne,
1323 2035 1393 2066 Hoc
1416 2038 1528 2066 temere
1543 2044 1630 2065 num-

172 2090 262 2120 quam
287 2080 432 2110 amittam
459 2089 515 2118 ego
530 2091 549 2110 a
565 2090 624 2120 me,
638 2082 712 2120 quin
738 2081 815 2112 mihi
840 2082 928 2112 testis
949 2081 1130 2112 adhibeam:
1156 2081 1216 2111 Cui
1231 2081 1311 2113 dem,
1327 2077 1523 2118 quamobrem
1549 2078 1630 2117 dem,

171 2121 420 2154 commemorabo.
462 2123 471 2138 ‘
490 2122 553 2153 Cui
570 2122 671 2162 dem‚’
688 2128 724 2154 ut
741 2128 809 2155 tam
826 2123 869 2155 de
892 2124 1040 2161 homine,
1055 2133 1154 2164 quam
1172 2122 1214 2153 de
1239 2121 1629 2162 negotiojusjurandum

172 2165 255 2196 dare
284 2165 426 2206 possint.
449 2165 544 2196 Bent.
591 2166 670 2196 Cum
695 2168 763 2196 dem
790 2167 848 2197 ΒΓ.
887 2168 997 2198 Notat
1023 2167 1146 2206 Bruns,
1170 2168 1179 2182 ⁸
1197 2165 1290 2196 Edit.
1317 2164 1378 2195 Cui
1403 2163 1501 2204 prob.
1527 2164 1631 2195 Beut.

171 2208 213 2239 In
227 2214 308 2239 nota
323 2208 471 2238 Bentleii
485 2208 526 2238 ad
545 2208 576 2238 h.
595 2218 622 2239 v.
641 2218 701 2249 pro
718 2210 726 2226 ‘
745 2209 812 2240 duo
835 2219 878 2239 ex
904 2209 1027 2240 nostris
1045 2220 1052 2239 :
1080 2209 1145 2238 Cur
1159 2207 1251 2244 dem‚’
1273 2207 1349 2246 lege
1368 2207 1429 2237 Cui
1455 2208 1535 2238 dem.
1580 2207 1629 2238 Is-

172 2251 234 2282 tud
257 2251 345 2282 enim
364 2251 429 2281 Cur
452 2256 505 2281 est
531 2260 626 2282 error
651 2251 930 2292 typograpliicus,
948 2262 1046 2292 quem
1065 2261 1131 2282 non
1159 2250 1277 2282 olfecit
1296 2249 1414 2280 Zeun.’
1462 2250 1523 2280 Cui
1547 2251 1628 2289 clem,

171 2294 365 2334 quamobrem
381 2315 389 2324 .
405 2317 414 2325 .
426 2316 435 2325 .
447 2316 455 2325 .
471 2293 523 2323 ubi
538 2294 583 2324 m'l
607 2293 709 2333 opus!
733 2295 832 2326 Both.
880 2296 957 2325 Cum
979 2297 1047 2326 dem
1062 2294 1205 2334 Bip.-4
1230 2293 1359 2324 Omnes
1384 2291 1469 2332 fere,
1487 2297 1521 2323 et
1539 2293 1572 2322 in
1590 2293 1631 2323 iis

172 2337 302 2377 antiqui
317 2336 408 2375 libri,
424 2340 456 2367 et
478 2339 611 2367 matura.
637 2338 695 2368 Fa.
744 2338 860 2369 Nostri
885 2338 1040 2378 plerique
1063 2340 1108 2376 at,
1126 2346 1210 2367 unus
1234 2341 1269 2367 et
1291 2336 1377 2366 alter
1399 2338 1439 2366 et.
1486 2335 1577 2375 Lego
1600 2339 1630 2366 et

172 2382 303 2410 mature.
332 2379 342 2395 ‘
360 2378 519 2410 Matura’
536 2383 572 2410 et
587 2381 596 2396 ‘
615 2389 762 2420 propera
775 2379 784 2394 ’
802 2390 864 2420 pro
881 2382 890 2398 ‘
909 2380 1060 2411 mature'
1075 2385 1110 2410 et
1126 2381 1135 2397 ‘
1156 2378 1325 2419 propere‚’
1342 2388 1435 2418 saepe
1451 2377 1504 2409 hic
1530 2387 1566 2408 se
1584 2378 1633 2409 in-

173 2425 366 2460 gesserunt.
390 2421 486 2452 Bene.
533 2421 676 2453 Bothius
692 2423 776 2464 legit
791 2423 893 2463 Atqui
908 2424 954 2454 ita
967 2424 1055 2461 sacto
1076 2433 1151 2463 opus
1167 2426 1225 2461 est,
1239 2425 1269 2452 et
1285 2425 1420 2457 matura,
1436 2422 1508 2451 dum
1527 2420 1630 2451 lubido

173 2466 280 2495 eadem
295 2465 360 2496 hoec
374 2468 489 2495 manet.
536 2464 591 2495 Ita
607 2470 640 2496 et
658 2466 735 2506 Bip.
752 2471 981 2507 praeterquam
999 2465 1090 2507 quod
1107 2465 1255 2503 ordinat,
1271 2463 1456 2504 opusfucto.
1504 2464 1547 2494 Et
1565 2474 1630 2494 ma-

174 2511 243 2539 ture
256 2507 337 2539 Par.
357 2507 449 2538 Perl.
494 2506 593 2547 Atqui
608 2512 645 2538 et
660 2508 763 2539 lubido
779 2509 903 2549 Delph.
938 2509 1004 2540 Hic
1020 2519 1081 2549 pro
1097 2509 1161 2539 hoec
1179 2506 1293 2538 Guelf.
1314 2510 1405 2537 1.--5
1430 2506 1518 2536 Illaec
1530 2507 1632 2538 Beut.

173 2550 278 2581 Both.
294 2550 332 2581 Z.
351 2550 430 2590 Bip.
469 2550 594 2581 Reiciat
611 2551 669 2583 ΒΓ.
685 2551 787 2582 Bent.
802 2552 904 2583 Both.
920 2552 1014 2583 Peri.
1030 2552 1175 2591 Rip—6
1197 2550 1241 2581 G.
1255 2554 1289 2580 et
1307 2550 1381 2580 ΕΡ.
1417 2549 1505 2580 Num
1518 2559 1631 2582 moror.

174 2594 285 2625 West.
330 2592 418 2623 Num
439 2591 566 2624 moror?
589 2594 713 2625 Ena—7
738 2594 825 2625 Gov.
843 2599 877 2626 et
894 2594 984 2635 Guy.
1009 2594 1086 2625 abit.
1110 2595 1218 2624 West.
1267 2593 1412 2622 Transito
1434 2593 1476 2622 ad
1489 2601 1629 2623 umorem.

173 2635 276 2667 Addo
293 2644 478 2676 pronomen
491 2645 601 2675 meam,
615 2646 657 2667 ex
671 2646 701 2668 o.
719 2637 739 2668 l.
756 2647 783 2667 s.
800 2637 849 2668 ita
864 2638 965 2668 etiam
982 2636 1147 2668 octonarii
1163 2636 1323 2675 exigente
1341 2634 1493 2665 ratione:
1513 2635 1546 2665 in
1563 2634 1631 2665 fine

176 2688 257 2709 vero
272 2678 373 2718 hujus
389 2687 507 2709 versus
524 2679 615 2718 lego,
630 2679 707 2719 abit,
723 2689 764 2710 ex
777 2681 896 2711 eadem
913 2689 1030 2710 versus
1054 2679 1198 2718 ratione,
1214 2683 1249 2708 et
1266 2677 1376 2708 tribus
1393 2677 1631 2718 antiquissimis

175 2720 282 2752 libris.
318 2721 380 2752 Fa.
425 2721 545 2752 Nostri
569 2731 685 2752 omnes
713 2729 748 2753 et
783 2733 879 2753 meam
907 2728 943 2753 et
970 2722 1047 2753 abit.
1072 2723 1173 2752 Beut.
1219 2720 1298 2752 Abit
1330 2721 1388 2751 ΒΡ.
1417 2720 1518 2751 Both.
1550 2721 1629 2760 Bip.

178 2763 369 2804 Delph.—8
397 2764 495 2794 Dicat
519 2773 584 2794 eam
605 2766 679 2795 dare
704 2775 759 2796 nos
782 2765 887 2796 Bent.
923 2766 1017 2796 Perl.
1035 2765 1072 2795 Z.
1090 2765 1165 2803 Bip.
1194 2763 1319 2803 Delph.
1366 2763 1463 2794 Dicat
1489 2773 1556 2794 eam
1576 2773 1631 2793 nos

178 2807 251 2837 dare
266 2806 325 2838 Br.
369 2806 482 2847 Dicat,
496 2807 570 2838 dare
586 2817 652 2839 eam
666 2817 722 2839 uos
737 2808 906 2840 Both—9
929 2808 1106 2849 Optimum
1129 2807 1217 2839 hune
1245 2815 1391 2847 versum,
1408 2807 1464 2848 qui
1488 2806 1630 2837 inservit
