1966 3302
308 242 394 283 640
807 251 847 282 P.
879 250 1118 283 TERENTH
1150 252 1267 285 Aeni

312 347 374 389 Ut
388 348 524 389 ¹istam
544 358 632 388 rem
654 345 800 397 video,
820 346 949 388 istius
968 347 1297 389 obsaturabere.

311 415 402 457 Sed
422 415 518 457 haec
540 415 603 456 ita
623 418 674 455 ut
694 420 810 465 sunt,
831 415 994 456 cautim
1015 420 1060 456 et
1080 415 1296 470 paulatim
1317 413 1460 465 dabis,
1708 414 1766 458 30

311 482 360 524 Si
382 483 549 537 sapies.
610 481 709 524 ME.
742 482 941 523 Faciam.
1003 482 1091 524 CH.
1121 481 1211 524 Abi
1231 483 1376 534 intr03
1407 481 1522 532 vide,
1539 480 1645 535 quid
1659 495 1766 536 pos-

483 550 606 591 tulet.
1532 559 1534 561 ’

310 609 407 671 Ego
427 616 547 658 domi
567 630 658 666 ero,
680 616 719 658 si
740 616 849 671 quid
869 630 937 658 me
962 616 1102 658 voleS.
1166 616 1266 658 ΜΕ.
1298 617 1414 658 Sane
1435 615 1564 659 volo:

311 685 433 728 Nam
452 690 496 727 te
517 685 686 728 sciente
705 685 883 736 faciam,
905 685 1122 740 quicquid
1142 698 1283 739 egero.

304 805 454 844 facturus
469 805 567 846 brevi,
583 808 614 837 te
627 805 726 837 satias
740 805 841 846 capiet
864 805 956 838 istius
971 806 1052 848 filii.
1087 805 1160 841 Sed,
1186 805 1232 836 ita
1257 808 1293 836 ut
1316 805 1364 835 hoe
1388 815 1439 837 res
1462 816 1494 838 se
1514 805 1639 845 habent,
1664 807 1694 838 si
1720 815 1770 837 sa-

309 849 433 889 pienter
453 849 501 880 vis
520 852 552 880 te
572 858 694 888 gerere,
713 848 802 880 dabis
829 852 993 888 argentum
1017 858 1086 879 cum
1110 848 1192 878 omm'
1217 848 1337 879 cautela
1361 852 1393 880 et
1421 848 1577 880 minutim.
1619 848 1692 880 ΜΕ.
1718 849 1772 879 Ιια

302 892 435 929 faciam.
479 892 548 923 CH.
580 892 644 924 Abi
672 892 796 922 domum
826 895 930 923 tuam.-
953 892 1023 923 vz'de
1053 891 1129 932 quid
1152 893 1260 931 petat:
1282 900 1339 930 ego
1368 892 1496 923 mnebo
1525 892 1621 931 domi,
1643 892 1673 923 si
1696 891 1771 932 quid

310 936 394 1009 volles
420 944 467 967 me
484 936 602 974 facere.
646 935 721 966 ΜΕ.
755 934 839 966 Sane
866 935 957 966 volo:
979 944 1051 966 nam
1071 933 1152 966 nihil
1165 933 1288 972 faciam
1314 933 1476 976 quicquam
1501 933 1618 967 nisiex
1633 937 1685 966 tuo
1700 944 1771 966 con·-

310 987 338 1009 sz
353 988 395 1010 zo.

930 1028 950 1040 O

1127 1028 1168 1040 Ν

315 1107 378 1139 pro
395 1105 465 1130 var.
482 1097 808 1137 &sponsatam—27
833 1096 907 1128 ΕΡ.
927 1095 1190 1129 Tantocius.-28
1212 1095 1274 1127 ΒΓ.
1290 1094 1341 1126 Ne
1364 1097 1410 1126 tu.
1453 1093 1526 1126 Scio
1547 1098 1627 1135 post
1647 1095 1775 1136 proped.

317 1140 434 1173 Guelf.
459 1142 579 1172 2.-29
601 1139 705 1171 Both.
733 1140 838 1171 Istam:
868 1149 933 1170 rem
962 1149 992 1170 v.
1037 1139 1095 1171 Ita
1121 1143 1155 1170 et
1179 1137 1296 1171 Guelf.
1321 1141 1352 1170 3.
1398 1137 1482 1169 Mss.
1507 1138 1595 1169 Pau.
1614 1137 1774 1169 adventui.

315 1183 401 1216 GM.
417 1184 563 1214 adventu.
609 1183 657 1214 At
673 1186 815 1223 praestat
829 1183 930 1213 istius.
954 1181 1136 1214 Peru—30
1159 1183 1227 1213 Ms.
1254 1182 1348 1222 Lips.
1375 1180 1437 1212 Sed
1458 1180 1523 1212 haec
1547 1180 1610 1212 ista
1631 1184 1667 1212 ut
1691 1183 1775 1213 sunt.

315 1226 371 1258 Ita
387 1232 423 1259 et
439 1226 514 1257 ΕΡ.
532 1225 649 1258 Rivius
665 1230 702 1257 et
720 1226 757 1257 F.
773 1226 809 1256 F.
826 1224 1029 1263 defendunt,
1053 1224 1090 1256 S.
1106 1225 1171 1256 hoec
1190 1228 1226 1256 ut
1248 1227 1281 1256 ut
1298 1227 1383 1263 sunt,
1403 1223 1438 1259 h.
1462 1233 1491 1255 e.
1515 1223 1774 1265 qualiacumque

316 1275 408 1301 sunt.
452 1268 569 1310 Atque
586 1269 634 1299 ita
656 1273 710 1299 est
736 1269 771 1299 in
785 1268 871 1299 Mss.
888 1267 1056 1298 nonnullis
1079 1272 1114 1298 et
1142 1267 1256 1299 editis.
1284 1266 1386 1298 West.
1430 1266 1621 1298 Ubaldinus
1648 1266 1776 1297 Bandi-

316 1314 425 1344 nellus
440 1312 590 1352 legebat,
614 1310 677 1343 Sed
691 1312 756 1343 hcec
771 1315 804 1342 ut
820 1314 855 1342 ut
870 1314 965 1348 nant,-
988 1314 1024 1342 et
1039 1314 1092 1341 est
1107 1310 1141 1341 in
1158 1310 1200 1342 V.
1227 1315 1262 1341 at
1279 1309 1310 1340 in
1328 1309 1425 1342 Bem.
1439 1308 1501 1340 Sed
1521 1309 1588 1340 haec
1612 1309 1660 1341 nti
1681 1312 1754 1342 sunt
1766 1319 1777 1339 .-

317 1366 392 1397 quae
411 1356 526 1396 placet
539 1354 653 1386 lectio.
677 1354 736 1386 Fa.
781 1354 944 1385 Meliores
962 1358 1031 1384 tres
1048 1362 1091 1384 ex
1108 1352 1246 1393 nostris,
1263 1351 1325 1383 Sed
1339 1356 1374 1384 ut
1388 1352 1436 1384 uti
1449 1353 1536 1383 istac
1548 1356 1619 1385 sunt
1632 1362 1652 1393 ,χ
1666 1351 1776 1392 Alter,

317 1400 381 1431 Sed
396 1399 461 1430 Izaec
476 1398 525 1429 uti
540 1401 572 1428 ut
587 1407 612 1429 s.
656 1397 722 1428 Vel
738 1397 815 1437 lege
830 1407 838 1428 ι
863 1397 929 1428 hoec
943 1399 977 1427 ut
992 1399 1026 1426 ut
1041 1398 1126 1436 sunt,
1149 1396 1203 1427 vel
1228 1398 1262 1426 ut
1285 1399 1320 1426 ut
1341 1396 1428 1426 istam·
1452 1398 1536 1425 sunt.
1582 1396 1657 1427 Nec
1673 1395 1775 1426 hilum

318 1442 477 1473 interest.
502 1441 600 1472 Bent.
646 1441 707 1471 ΒΓ.
725 1439 788 1470 Sed
804 1440 869 1470 haec
883 1439 945 1470 ista
958 1442 1004 1470 ut.
1049 1438 1106 1470 Ita
1128 1444 1163 1470 et
1187 1443 1256 1471 vet.
1281 1438 1356 1470 cod.
1381 1448 1435 1479 ap.
1461 1436 1562 1469 Lind.
1607 1438 1687 1478 Bip.
1702 1438 1778 1477 Sed,

319 1486 385 1516 hoec
400 1484 448 1516 utz'
462 1487 545 1514 sunt.
590 1483 691 1514 Both.
710 1483 836 1524 Delph.
853 1482 929 1521 Sed,
953 1482 1018 1512 haec
1032 1484 1067 1512 ut
1083 1485 1118 1513 ut
1131 1485 1213 1513 sunt.
1247 1481 1286 1512 Z.
1304 1481 1368 1513 Sed
1383 1485 1418 1512 ut
1432 1481 1481 1511 uti
1505 1480 1594 1511 istaec
1607 1483 1775 1512 ,πται-31

319 1529 371 1559 M.
388 1527 489 1558 Bodl.
503 1526 625 1559 Boend.
643 1531 678 1558 et
696 1526 786 1563 Lips.
801 1526 969 1565 postulent.
1014 1524 1070 1556 Ita
1086 1530 1121 1555 et
1137 1533 1252 1555 omnes
1268 1523 1352 1555 Mss.
1369 1523 1529 1562 Boecleri‚
1552 1527 1588 1554 et
1605 1523 1676 1555 ΕΡ.
1699 1522 1776 1554 ΕΑ.

319 1571 372 1602 St.
389 1570 488 1602 Junt.
505 1568 583 1600 Ald.
599 1569 685 1600 aliae.
715 1568 814 1600 West.
858 1568 956 1599 Beni.
972 1572 1007 1598 et
1020 1567 1076 1599 Vi.
1089 1567 1244 1608 postulet:
1268 1566 1317 1598 ita
1343 1571 1378 1598 et
1403 1566 1472 1598 duo
1496 1575 1538 1596 ex
1553 1566 1776 1598 Bentleianis.

321 1614 380 1645 Br.
395 1613 560 1653 postulent.
605 1611 687 1643 Itid.
704 1611 786 1643 GM.
803 1621 879 1642 cum
897 1610 996 1651 apice
1014 1611 1081 1642 ita:
1104 1620 1125 1651 p
1139 1621 1180 1642 os
1192 1614 1204 1641 t
1216 1610 1407 1642 utet—32
1431 1609 1533 1640 Both.
1559 1608 1641 1640 Sane
1663 1609 1775 1640 volam.

318 1659 404 1687 -33
428 1654 499 1686 Alii
517 1658 546 1685 te
562 1655 721 1694 scientem,
742 1655 776 1686 h.
792 1663 823 1686 e.
839 1654 1031 1685 certiorem.
1076 1653 1161 1693 Eug.
1178 1659 1212 1684 et
1229 1653 1313 1685 Mss.
1329 1652 1463 1693 plurimi
1478 1653 1610 1692 legunt,
1625 1657 1660 1681 ut
1674 1651 1777 1683 edidi.

326 1700 427 1732 West.
475 1698 589 1739 Aliqui
611 1698 703 1736 libri,
726 1697 816 1728 inter
840 1707 923 1738 quos
950 1696 1049 1727 Bem.
1075 1699 1105 1727 te
1127 1695 1294 1727 scientem.-
1317 1695 1352 1726 id
1381 1700 1443 1734 est,
1465 1695 1526 1726 tibi
1554 1693 1776 1725 renuntiabo:

320 1743 370 1774 ita
383 1741 530 1773 habebat
547 1745 582 1773 et
596 1741 651 1772 Vi.
669 1740 728 1771 sed
746 1747 867 1780 postea
883 1750 926 1771 ex
939 1739 1084 1770 scientem
1100 1749 1131 1770 m
1147 1738 1304 1769 abrasum
1320 1744 1387 1769 est.
1406 1738 1465 1770 Fa.
1500 1739 1579 1769 Duo
1595 1746 1637 1767 ex
1653 1736 1778 1768 nostris

320 1785 491 1821 scientem3
524 1784 582 1815 sed
609 1793 651 1814 ex
679 1783 867 1824 antiquiore
894 1793 925 1813 m
949 1781 1108 1813 abrasum
1135 1786 1200 1812 est.
1244 1782 1354 1812 Recte
1385 1785 1499 1811 tamen
1524 1780 1688 1816 scientem
1709 1788 1777 1810 non

322 1828 411 1869 quod
425 1828 516 1858 illum
535 1827 678 1858 alterum
693 1836 760 1857 non
776 1830 829 1857 sat
846 1826 934 1857 bene
949 1835 984 1856 se
1000 1825 1138 1864 habeat,
1154 1823 1215 1856 sed
1232 1824 1320 1865 quod
1336 1824 1399 1855 hoc
1413 1824 1543 1854 melius.
1568 1823 1664 1854 Bent.
1709 1821 1776 1853 Sci-

320 1875 421 1903 entem
436 1870 516 1902 dant
530 1871 608 1911 Bip.
623 1869 723 1901 Both.
740 1869 781 1902 Z.
798 1868 926 1909 Delph.

732 2124 938 2167 ACTUS
970 2123 1028 2166 V.
1091 2122 1298 2169 SCENA
1330 2123 1365 2164 Ι.

745 2256 1076 2288 MENEDEMUS.
1109 2256 1358 2287 CHREMES.

331 2331 429 2372 ME.
470 2329 588 2377 EGO,
621 2341 690 2368 me
725 2340 810 2376 non
844 2332 933 2368 tam
967 2330 1174 2377 astutum,
1210 2338 1352 2378 neque
1387 2324 1449 2365 ita
1481 2325 1779 2377 perspicacem

498 2409 613 2445 csse,
635 2396 678 2436 id
700 2401 820 2436 certo
842 2395 956 2436 scio:

373 2518 446 2549 ME.
472 2519 564 2549 Certo
595 2519 657 2548 scio
683 2527 730 2547 me
752 2527 812 2547 uon
835 2526 896 2548 esse
923 2519 985 2547 tam
1012 2516 1170 2556 callidum,
1195 2525 1291 2555 neque
1311 2516 1358 2545 ita
1372 2514 1643 2554 circumspectum:
1667 2511 1717 2542 sed
1733 2510 1782 2540 hic

934 2605 1172 2619 eeeeeeeeee

375 2679 389 2705 l
417 2672 654 2714 Mss.quidam
677 2672 839 2703 omittunt
864 2672 899 2702 τὸ
923 2675 1013 2703 certo.
1059 2670 1158 2702 Unde
1185 2680 1248 2701 nec
1276 2669 1309 2700 in
1338 2668 1491 2700 omnibus
1518 2671 1570 2699 est
1597 2666 1783 2707 impressis.

340 2718 442 2750 West.
489 2717 591 2755 Vulg.
622 2719 758 2746 astutum
787 2725 882 2755 neque
911 2715 958 2745 ita
986 2724 1066 2755 pers.
1094 2724 1157 2744 esse
1184 2717 1267 2744 certo
1295 2713 1375 2744 scio.-
1403 2711 1464 2742 sed
1486 2711 1519 2742 id
1545 2713 1720 2749 comparet
1749 2708 1784 2738 in

334 2760 436 2791 codd.
461 2759 586 2790 nostris
618 2758 770 2798 aliisque,
793 2761 828 2788 et
856 2757 962 2787 codex
995 2756 1051 2788 A:
1081 2760 1217 2788 astutum
1245 2759 1338 2796 atque
1364 2754 1579 2795 perspicacwn.
1603 2751 1704 2783 Both·
1726 2750 1785 2792 qui

338 2804 412 2846 ipse
434 2802 516 2844 legit
530 2805 667 2833 astutum.
682 2811 716 2832 ac
738 2810 818 2839 pers.
848 2800 950 2831 Bent.
968 2800 1045 2841 Bip.
1063 2799 1156 2832 Perl.
1173 2799 1299 2840 Delph.
1315 2807 1390 2838 esse,
1405 2797 1437 2829 id
1451 2797 1525 2829 scio.
1557 2795 1596 2827 Z.
1611 2804 1687 2835 esse,
1703 2797 1786 2826 certo
