1966 3302
538 244 847 274 PnoquoNis
882 246 989 274 Ac'r.
1023 246 1072 274 ιι.
1109 246 1177 274 sc.
1213 246 1244 273 1.
1529 236 1613 275 949

157 338 270 379 Mihi
292 338 426 379 istum
447 339 564 388 volo,
588 345 679 389 aut,
702 340 775 380 nbi
795 339 975 389 habitet,
996 339 1348 380 demonstran-ier.

159 405 250 446 GE.
289 405 464 458 Nempe
505 405 845 447 Phormionem?
929 407 1015 446 DE.
1061 406 1206 446 Istum
1242 409 1480 459 patronum
1520 420 1614 447 mu-

328 473 466 514 lieris.

157 537 246 579 GE.
276 538 377 580 Jam
412 540 518 580 faxo
553 540 625 580 hic
664 540 818 582 aderit.
880 541 970 582 DE.
1003 540 1201 594 Antipho
1239 540 1317 581 ubi
1353 553 1469 581 nunc
1507 545 1573 582 est
1592 543 1609 582 ‘2

335 607 465 648 PHAE.
500 608 652 649 Foris.

157 673 249 714 DE.
282 672 386 724 Abi,
410 674 639 715 Phaedria:
670 687 769 714 eum
791 674 977 727 require,
999 680 1135 728 atque
1153 674 1324 716 adduce
1343 675 1444 716 huc.
1478 676 1611 716 PHAE.

332 740 398 781 Eo

155 806 302 848 Recta
321 808 394 848 via
414 807 618 861 equidem
640 807 758 848 illuc.
818 806 906 847 GE.
941 806 1113 860 Nempe
1137 808 1193 849 ad
1212 808 1507 862 Pamphilam.
1557 809 1612 851 80

156 874 250 916 ΒΕ.
282 874 345 916 At
365 887 445 926 ego
468 875 590 916 Deos
611 874 800 915 Penates
821 874 923 914 hinc
947 874 1184 916 salutatum
1206 875 1384 917 domum

156 941 402 993 Devortar3
434 942 536 983 inde
556 942 631 982 ibo
653 941 710 982 ad
731 941 888 990 forum,
912 944 1046 994 atque
1068 942 1239 996 aliquot
1260 942 1368 983 mihi

155 1007 339 1050 Amicos
359 1007 602 1058 advocabo,
625 1008 681 1049 ad
708 1008 818 1049 hanc
840 1021 931 1049 rem
955 1009 1031 1062 qui
1053 1008 1239 1059 adsient,

154 1198 222 1219 nem
236 1194 419 1229 proesentem
435 1191 528 1221 istum
542 1191 607 1220 volo
630 1190 707 1220 mila·
726 1190 857 1228 ostendi,
880 1189 999 1229 quicum
1022 1189 1108 1219 nobis
1122 1199 1171 1220 res
1187 1192 1243 1228 est,
1259 1192 1313 1219 aut
1329 1189 1464 1220 indicari
1478 1189 1543 1228 ejus
1556 1190 1609 1219 do-

152 1241 244 1261 mum.
289 1232 356 1263 ΟΕ.
389 1233 508 1272 Nempe
534 1232 778 1264 Phormionem?
823 1233 889 1262 DE.
914 1233 1016 1263 Istum
1043 1235 1208 1272 patronum
1238 1232 1387 1262 mulieris.
1435 1232 1501 1262 GE.
1535 1233 1611 1262 Jam

152 1274 241 1303 illum
267 1284 428 1305 accersam.
474 1276 541 1306 DE.
571 1275 633 1306 Ubi
647 1285 727 1305 mmc
746 1278 791 1305 est
802 1275 960 1314 Antipho?
1007 1275 1079 1305 ΡΗ.
1104 1275 1208 1305 Foris.
1255 1274 1323 1304 DE.
1347 1274 1421 1313 Abi,
1448 1275 1611 1310 Phaedria,

152 1325 221 1346 eum
236 1326 348 1356 quoere,
363 1321 454 1357 atque
468 1318 526 1348 huc
541 1319 666 1348 adduce.
713 1317 784 1348 PH.
808 1318 961 1357 Equidem
977 1317 1049 1346 illuc
1065 1320 1150 1347 recta
1162 1316 1353 1356 proficiscor.
1399 1318 1465 1348 GE.
1492 1318 1612 1356 Nempe

150 1359 193 1388 ad
208 1359 418 1399 Pamphilam.
465 1361 534 1391 DE.
559 1361 603 1390 At
618 1370 674 1398 ego
687 1361 724 1390 de
739 1360 790 1390 via
805 1360 926 1390 domum
940 1359 1106 1396 divertam,
1122 1363 1158 1389 ut
1176 1359 1262 1389 Deos
1274 1362 1400 1398 penates
1415 1360 1452 1389 ob
1465 1359 1611 1396 faustum

151 1401 286 1432 reditum
307 1403 435 1433 salutem
446 1413 456 1433 .·
484 1403 556 1433 inde
570 1403 722 1440 adsorum
737 1412 784 1433 me
799 1402 964 1441 conferam,
976 1405 1066 1442 atque
1080 1402 1196 1441 aliquot
1217 1401 1341 1440 amicos,
1355 1403 1517 1432 advocatos
1531 1401 1610 1431 mim·

151 1442 331 1485 adjungam,
352 1445 405 1485 qui
417 1445 494 1476 mihi
517 1449 630 1485 proesto
652 1446 717 1476 sint
731 1446 765 1475 in
780 1445 837 1475 hac
851 1455 954 1482 causa,
969 1454 1007 1475 ne
1023 1445 1196 1483 imparatus
1210 1443 1270 1474 sim
1284 1445 1324 1474 ad
1338 1445 1569 1484 disputandum,
1582 1444 1610 1474 si

756 1562 994 1575 eeeeeeeeeeee

151 1659 259 1692 libens
276 1659 424 1699 capiam,
450 1660 477 1690 si
493 1660 684 1692 habendum
701 1661 745 1693 sit
759 1670 801 1692 ea
820 1660 1028 1698 conditione,
1050 1664 1087 1690 ut
1110 1659 1200 1689 illam
1219 1657 1332 1698 patiar
1348 1666 1425 1687 cnm
1450 1656 1508 1688 illo
1524 1667 1609 1698 nup—

151 1707 221 1734 tam
240 1703 297 1734 illo
313 1703 380 1734 die.
423 1703 560 1735 Ita11.1.
582 1705 721 1744 egregie
748 1704 900 1744 explieat
926 1712 1067 1742 magnus
1094 1701 1286 1732 Gronovius
1315 1699 1401 1731 Obs.
1427 1700 1459 1730 in
1484 1700 1613 1741 Script.

148 1746 246 1777 Eccl.
277 1746 320 1776 R.
342 1746 386 1776 D.
432 1746 597 1786 Equidem
626 1747 834 1786 praetnlerim
863 1746 1045 1785 vulgatam.
1080 1745 1251 1774 Fert—76
1281 1743 1391 1773 Istunc
1419 1742 1609 1775 Both.-77

148 1788 254 1828 Lege,
280 1788 389 1818 Istunc
411 1791 577 1828 patronum
604 1798 665 1828 pro
691 1789 811 1826 lstum3
835 1795 870 1819 et
888 1789 935 1819 sic
954 1792 1133 1819 accentum
1150 1788 1183 1816 iu
1201 1785 1354 1815 ultimam
1373 1785 1486 1816 trabit.
1511 1786 1608 1818 Bent.

147 1830 228 1861 Non
244 1831 459 1870 interrogant
474 1835 551 1871 post
572 1831 582 1848 ⁴
598 1831 857 1862 Phormionem’
884 1832 942 1862 Βι·.
969 1832 1070 1861 Bent.
1093 1829 1132 1860 Z.
1162 1829 1241 1867 Bip.
1268 1828 1370 1858 Both.
1394 1827 1487 1858 Perl.
1524 1829 1609 1859 Nam

149 1881 212 1912 pro
230 1873 363 1913 Nempe,
378 1877 413 1904 et
438 1873 608 1904 Patronum
628 1874 725 1905 istum
747 1874 808 1905 dat
834 1874 1025 1905 Both—78
1050 1871 1158 1910 Foris]
1182 1870 1281 1901 Hanc
1311 1879 1427 1900 vocem
1456 1870 1545 1911 Guy.
1573 1871 1608 1902 in

148 1915 266 1955 glossis
290 1915 428 1946 ineditis
445 1915 543 1947 Getae
559 1917 689 1948 tribuit.
735 1917 820 1949 Quae
845 1916 950 1947 lectio
977 1914 1182 1946 auctoritate
1207 1922 1274 1943 non
1300 1917 1408 1943 caret.
1455 1913 1608 1944 Primum

148 1958 239 1988 enim
253 1957 380 1990 diserte
394 1958 483 1989 servi
501 1959 655 1991 meminit
674 1961 844 1998 Donatus,
857 1959 914 1999 qui
928 1959 975 1989 ita
995 1956 1216 1997 responderit.
1239 1956 1323 1986 Tum
1342 1954 1464 1986 Boend.
1479 1960 1514 1986 et
1531 1955 1607 1987 EA.

149 2000 218 2031 ET.
245 2001 318 2031 EV.
338 2003 367 2031 1.
394 2001 466 2032 EV.
483 2004 515 2033 2.
538 2002 713 2041 exhibent,
751 2002 817 2033 GE.
849 2001 950 2034 Foris.
973 2001 1082 2031 West.
1127 1999 1216 2030 Illud
1240 1999 1248 2015 ‘
1266 1997 1384 2036 Foris,’
1411 1997 1500 2037 quod
1529 1999 1607 2029 libri

148 2043 232 2074 editi
248 2042 418 2074 Phaedriae
436 2043 600 2083 tribuunt,
630 2044 778 2076 dandum
796 2050 870 2075 erat
886 2045 1000 2075 Getae.
1045 2042 1100 2073 Sic
1122 2043 1208 2072 alter
1225 2051 1267 2071 ex
1284 2039 1487 2071 Meadianis.
1535 2041 1606 2071 Do-

149 2090 267 2116 natus:
293 2087 302 2103 ‘
317 2086 437 2116 Mitius
455 2095 544 2116 nunc
566 2087 701 2127 quaerit,
727 2087 783 2118 ubi
801 2088 845 2118 sit
862 2086 1015 2127 Antipho
1031 2096 1040 2124 3
1065 2090 1112 2121 et,
1128 2094 1169 2114 an
1187 2088 1309 2114 amatae
1326 2083 1514 2122 adhaereat,
1530 2083 1606 2114 sub-

148 2128 258 2159 tiliter
273 2129 417 2168 quaerit:
442 2130 531 2168 quod
560 2139 677 2160 servus
695 2130 889 2169 intelligens
906 2127 1105 2168 respondet,
1123 2126 1243 2157 Foris.'
1287 2125 1405 2164 Vides,
1423 2131 1458 2155 nt
1478 2135 1606 2161 servus,

149 2171 240 2201 Geta
255 2171 402 2209 scilicet,
427 2171 647 2211 respondeat.
692 2173 737 2202 Et
763 2172 899 2212 quidem
925 2175 1043 2202 recte:
1069 2169 1238 2210 quomodo
1263 2169 1352 2198 enim
1368 2167 1529 2198 Phaedria
1545 2169 1607 2199 boc

147 2214 263 2252 sciret,
286 2213 344 2254 qni
366 2213 399 2243 in
418 2212 482 2244 alia
509 2213 609 2244 domo
635 2214 798 2245 vivebat?
822 2215 917 2245 Bent.
959 2214 968 2230 ‘
983 2212 1100 2244 Foris'
1124 2212 1208 2242 dant
1225 2211 1324 2242 Getae.
1342 2210 1401 2240 Βι·.
1428 2210 1607 2242 Per1.—79

147 2255 271 2286 Mnltae
285 2255 364 2286 edd.
380 2256 503 2286 leviter
518 2262 676 2296 pungunt
692 2263 769 2296 post
793 2259 802 2274 ‘
819 2256 977 2287 l-lo.’--80
1000 2256 1177 2293 Integrnm
1191 2253 1281 2283 hune
1300 2262 1430 2283 versum
1448 2252 1607 2293 Gnyetus

147 2298 343 2329 addititium
361 2303 474 2336 vocat,
496 2304 599 2339 atque
614 2308 656 2329 ex
673 2298 805 2330 Andria
818 2308 1030 2337 expressum.
1078 2297 1170 2328 Nihil
1195 2300 1308 2326 antem
1326 2295 1358 2325 in
1372 2296 1461 2325 omni
1475 2294 1608 2326 Andria

143 2340 225 2372 huic
242 2341 371 2379 simile;
395 2340 458 2371 nisi
472 2340 563 2372 forte
580 2342 733 2381 respexit
750 2342 852 2373 verba
865 2341 969 2380 Davi,
987 2349 1045 2371 111.
1063 2342 1096 2370 4.
1112 2342 1165 2370 21.
1189 2339 1199 2355 ‘
1213 2337 1306 2370 Quid
1320 2347 1431 2368 cansae
1446 2344 1510 2376 est,
1525 2339 1606 2379 quin

146 2383 225 2414 hinc
249 2384 281 2414 in
300 2383 479 2423 pistrinum
498 2389 595 2414 recta
611 2384 806 2424 proficiscar
822 2384 876 2415 via
888 2382 911 2414 ?'
954 2383 1108 2414 Alteram
1134 2381 1295 2411 rationem
1323 2379 1419 2410 addit
1446 2379 1605 2421 Guyetus

146 2426 178 2455 in
195 2425 379 2464 ἆνεκδότοις,
396 2425 485 2467 quod
511 2426 666 2457 nimirum
694 2437 760 2458 non
783 2426 974 2466 Pamphila,
1001 2425 1059 2456 sed
1086 2423 1299 2455 citharistria
1312 2421 1406 2453 dicta
1421 2427 1474 2453 est
1491 2433 1606 2463 supra.

149 2469 250 2500 West.
294 2469 397 2499 Hunc
423 2477 554 2500 versum
583 2469 793 2500 laborantem
821 2474 916 2500 sanat
941 2469 1045 2499 lectio
1062 2467 1139 2498 libri
1166 2465 1323 2497 Bembini
1345 2470 1379 2495 et
1405 2465 1545 2503 Donati,
1571 2467 1604 2496 in

145 2511 268 2550 quibus
282 2520 345 2551 pro
358 2511 499 2550 equidem
514 2512 643 2551 legitur
658 2512 789 2552 quidem.
808 2512 866 2544 Fa.
904 2511 1024 2542 Nostri
1041 2511 1127 2540 male
1143 2509 1292 2548 equidem.
1309 2508 1412 2538 Bent.
1451 2508 1606 2547 Equidem

146 2553 263 2585 Guelf.
279 2556 310 2584 3.
325 2558 360 2584 et
375 2553 436 2584 ibis
453 2559 529 2593 post
552 2555 560 2570 ‘
575 2555 723 2595 nempe!
741 2555 829 2586 Pcrl.
877 2554 1010 2589 Quidem
1025 2554 1082 2584 Βι·.
1101 2553 1139 2583 Ζ.
1157 2551 1282 2590 Delph.
1299 2550 1378 2589 Bip.
1395 2550 1496 2580 Both.
1511 2550 1606 2581 Perl.

145 2598 229 2627 —81
253 2596 446 2626 Delendum
472 2595 554 2626 illud
577 2598 634 2634 At,
657 2597 746 2637 qnod
774 2606 889 2627 versus
906 2596 1054 2635 respui13
1079 2596 1160 2625 licet
1185 2593 1263 2623 libri
1289 2593 1354 2622 hnc
1381 2592 1604 2632 adjudicent:

145 2647 256 2679 neque
275 2648 356 2669 vero
370 2638 609 2678 apponendum
627 2644 679 2669 est
696 2640 804 2669 versui
823 2639 943 2679 priori,
959 2643 997 2669 ut
1013 2638 1149 2678 quidam
1167 2635 1285 2670 voluit,
1297 2634 1424 2675 qnippe
1442 2635 1605 2666 Phaedria

143 2685 181 2712 et
196 2681 288 2711 Geta
310 2681 420 2711 aversi
437 2681 502 2711 ista
517 2681 605 2711 inter
622 2690 657 2711 se
676 2682 915 2722 loquebantur,
938 2684 976 2711 ut
1000 2689 1103 2711 senex
1120 2688 1185 2709 non
1201 2677 1381 2708 audiverit.
1426 2677 1515 2715 Ergo
1532 2679 1604 2708 nul-

145 2723 215 2753 lum
235 2723 291 2754 hie
307 2722 352 2754 At
368 2723 478 2753 locum
495 2723 610 2754 habet.
632 2724 730 2755 Bent.
775 2724 822 2754 At
839 2724 952 2763 rejicit
968 2723 1072 2753 Both.
1091 2722 1124 2752 iu
1139 2729 1274 2751 versum
1291 2722 1344 2750 80.
1389 2718 1435 2751 At
1450 2729 1505 2758 ego
1523 2720 1601 2760 reji-

147 2765 242 2796 ciunt
262 2766 297 2797 in
319 2765 420 2797 eund.
437 2775 485 2797 vs,
502 2765 582 2806 Bip.
599 2767 815 2807 Delpl1.-82
842 2767 994 2799 Devortor
1018 2767 1077 2797 ΒΥ.
1111 2764 1264 2796 Divortor
1291 2762 1415 2804 Delph.
1450 2763 1602 2795 Divortur
