1966 3302
263 221 350 265 764
762 234 801 263 P.
834 233 1078 265 TERENTH
1113 235 1230 266 Aeni

266 329 359 372 DE.
391 327 621 370 Corrector
640 327 650 369 !
682 340 841 382 nempe
860 332 938 389 tua
958 332 1049 371 arte
1069 329 1223 384 viginti
1244 330 1377 373 minae

265 396 356 438 Pro
377 396 574 438 Psaltria
593 396 782 451 periere3
816 409 935 451 quae,
959 401 1170 451 quantum
1192 404 1358 452 potest,
1659 402 1718 444 25

263 461 430 517 Aliquo
451 464 699 518 abjicienda
718 468 811 518 est3
843 465 882 506 si
903 478 991 507 non
1011 467 1167 520 pretio,
1189 472 1237 509 at
1257 468 1429 519 gratiis.

265 531 314 572 M
322 543 352 572 1.
384 531 544 586 Neque
565 537 648 584 est,
668 547 809 588 neque
831 534 958 575 illam
977 547 1081 576 sane
1100 535 1251 576 studeo
1272 536 1475 578 vendere.

265 600 358 642 DE.
382 599 504 650 Quid
524 600 656 653 igitur
674 601 848 643 facies?
909 601 997 644 M1.
1020 603 1155 644 Domi
1177 603 1272 644 erit.
1331 603 1421 645 DE.
1445 603 1533 645 Pro
1555 602 1721 645 Divum

436 667 567 709 fidem
590 668 598 709 !

265 735 481 777 Meretrix
501 741 547 777 et
565 736 899 778 materfamilias
918 749 1009 778 una
1029 737 1073 778 in
1095 737 1259 779 domo?

265 804 352 844 M1.
373 803 465 845 Cur
485 805 602 845 non‘?
664 804 756 845 DE.
786 805 954 846 Sanum
973 811 1018 848 te
1039 807 1183 848 credis
1203 808 1336 848 esse?
1398 807 1486 848 M1.
1508 806 1723 862 Equidem

436 872 632 913 arbitror.
1668 875 1725 917 30

265 938 357 980 ΒΕ.
390 938 463 1004 Ita
482 952 551 980 me
575 940 636 981 Di
657 943 819 991 ament,
841 945 892 982 ut
913 941 1044 982 video
1066 954 1149 994 ego
1169 944 1292 982 tuam
1312 942 1544 997 ineptiam,

265 1006 507 1048 Facturum
528 1007 676 1058 credo,
695 1015 741 1049 ut
761 1008 928 1050 habeas
950 1010 1131 1064 quicum
1153 1011 1352 1051 cantites.

265 1074 351 1116 Mi.
383 1074 469 1116 Cur
500 1076 618 1116 non?
692 1076 783 1117 ΒΕ.
814 1076 871 1118 Et
905 1090 1026 1119 nova
1056 1084 1199 1132 nupta
1227 1067 1380 1120 eadem
1410 1079 1505 1121 haec
1541 1079 1721 1121 discet?

437 1141 522 1183 M1.
553 1142 749 1185 Scilicet.

265 1251 441 1283 rectorem!
464 1255 518 1283 tua
546 1256 614 1284 arte
629 1252 774 1294 effectum
788 1257 845 1293 est,
860 1257 896 1285 ut
906 1253 1028 1293 viginti
1046 1254 1139 1286 minoe
1151 1265 1208 1295 pro
1218 1255 1355 1296 fidicina
1369 1255 1519 1287 absumtae
1541 1258 1572 1287 et
1593 1257 1728 1296 perditae

263 1296 349 1326 sint:
378 1305 447 1336 quoe
460 1295 597 1336 fidicina
621 1297 775 1336 abigenda
799 1297 870 1328 hinc
895 1301 952 1336 est,
976 1301 1031 1328 aut
1051 1298 1153 1338 pretio
1178 1299 1317 1337 vendita,
1332 1301 1389 1329 aut
1407 1299 1510 1338 gratis
1525 1299 1610 1330 data.
1660 1301 1726 1330 Mi.

265 1339 375 1378 Neque
401 1342 448 1370 est
469 1338 556 1370 nobis
577 1342 690 1378 emtor,
713 1349 809 1380 neque
833 1341 963 1371 vendere
988 1341 1073 1371 libet.
1120 1341 1186 1371 ΒΕ.
1213 1341 1298 1376 Quid
1323 1350 1359 1371 ea
1382 1342 1484 1380 igitur
1499 1341 1628 1379 facies?
1662 1343 1693 1373 M
1702 1351 1728 1374 1.

265 1380 364 1412 Domi
388 1381 517 1413 sedebit.
573 1382 641 1412 ΒΕ.
668 1382 752 1413 Proh
779 1382 919 1414 Deorum
931 1382 1060 1424 fidem!
1080 1382 1272 1415 ‘meretrixne
1291 1387 1321 1414 et
1345 1384 1585 1422 materfamilias
1606 1395 1668 1416 unu
1691 1385 1726 1415 in

263 1424 382 1455 ced-ibus
410 1425 474 1455 tuis
501 1424 713 1464 morabuntur,
752 1429 843 1466 alque
867 1425 1076 1457 habitabunt!
1120 1426 1186 1463 Μι.
1227 1426 1367 1462 Quidni?
1415 1427 1484 1459 DE.
1524 1427 1613 1458 Num
1643 1437 1728 1459 snnoe

263 1467 377 1498 mentis
392 1471 444 1498 es?
488 1467 553 1498 Μι.
579 1468 725 1506 Profecto
749 1478 798 1499 me
823 1470 915 1500 talem
935 1478 999 1499 esse
1014 1478 1136 1501 censeo.
1179 1470 1249 1502 ΒΕ.
1273 1470 1324 1500 Ita
1340 1469 1418 1501 milii
1434 1470 1493 1501 Dii
1508 1472 1573 1502 sint
1585 1471 1729 1511 propitii,

264 1513 300 1540 ut
321 1510 390 1548 jum
412 1514 498 1541 tuam
519 1511 688 1542 amentium.
710 1515 903 1551 perspectam
923 1512 1037 1549 bahem·
1059 1516 1091 1543 te
1112 1512 1222 1554 quippe
1237 1516 1420 1544 conaturum
1434 1514 1536 1553 credo,
1558 1517 1592 1545 ut
1616 1513 1729 1544 habeas

262 1554 425 1593 psaltriam
440 1563 507 1584 cum
523 1563 582 1594 qua
594 1564 696 1585 vocem
711 1556 865 1585 cantando
880 1564 1035 1586 exerceas.
1080 1555 1147 1586 M1.
1173 1556 1240 1586 Cur
1253 1559 1336 1587 non?
1383 1556 1452 1587 DE.
1476 1557 1522 1587 Et
1538 1566 1617 1587 nova
1632 1559 1728 1588 etiam

264 1599 362 1636 nupta
391 1598 496 1629 eadem
521 1597 644 1628 cantica
667 1597 848 1629 docebitur?
892 1598 960 1630 M1.
982 1597 1112 1629 Scilicet
1132 1598 1180 1629 ita
1192 1598 1266 1641 fiet.
1313 1599 1384 1630 DE.
1409 1599 1455 1630 Tu
1477 1609 1548 1631 vero
1573 1599 1656 1631 inter·
1678 1609 1729 1631 eas

877 1695 1117 1707 ασθαι-’049009

261 1758 348 1799 forte
372 1769 391 1790 a
408 1758 524 1791 Guelf.
540 1762 573 1791 2.
600 1763 636 1790 et
661 1764 696 1791 ut
719 1769 738 1791 a
765 1763 797 1791 3.
823 1761 911 1793 Per—1.
956 1761 1010 1793 Aa
1033 1764 1132 1793 artem
1155 1765 1190 1793 ut
1217 1771 1297 1794 corr.
1320 1761 1510 1793 Both—26
1534 1761 1730 1803 Abiicienda]

269 1804 432 1833 Facessat
447 1807 483 1833 et
499 1802 658 1843 abigatur
681 1803 812 1843 G-uyeti
834 1804 1000 1843 abigenda.
1025 1805 1132 1836 West.
1175 1805 1220 1836 At
1233 1804 1365 1845 gratiis]
1389 1805 1491 1835 Varia
1507 1805 1632 1836 lectio:
1655 1815 1729 1844 gra-

265 1846 329 1882 tis;
350 1846 467 1884 gratiis
479 1856 490 1882 ‚⁴
512 1849 546 1876 at
567 1846 694 1884 gratis‚·
716 1847 763 1877 vel
785 1848 916 1886 gratis;
938 1852 971 1878 at
990 1848 1107 1886 gratiis
1119 1858 1130 1884 ;
1153 1848 1200 1878 vel
1223 1847 1351 1886 gratiis-
1376 1846 1428 1878 ld.
1472 1846 1510 1878 Si
1534 1857 1595 1878 non
1618 1849 1731 1889 pretio,

265 1892 299 1920 at
310 1888 430 1929 gratis]
456 1888 667 1920 Particulam
692 1892 737 1927 at,
760 1898 828 1920 non
855 1900 935 1921 sane
963 1890 1200 1929 necessariam,
1222 1899 1286 1921 non
1303 1889 1408 1920 habet
1423 1890 1522 1921 Bem.
1567 1891 1729 1923 Ceterum

266 1942 328 1963 nos
360 1940 420 1972 pro
449 1932 568 1970 gram,
603 1941 645 1962 ex
680 1933 812 1962 ratione
844 1942 973 1973 versus,
1007 1933 1126 1972 gratiis
1162 1932 1344 1972 legendum
1376 1942 1450 1963 esse
1480 1934 1729 1967 contendimus.

269 1976 330 2006 Fa.
387 1973 506 2005 Nostri
537 1984 654 2005 omnes
684 1976 731 2005 vel
758 1975 875 2014 gratis.
921 1977 1028 2007 Recte
1054 1976 1206 2007 Faernus
1233 1976 1362 2014 gratiis.
1415 1975 1554 2006 Certum
1584 1982 1637 2007 est
1665 1987 1728 2008 nec

267 2018 437 2049 Nostrum
463 2026 527 2048 nec
554 2017 717 2049 Plautum
747 2027 885 2059 usquam
909 2019 1036 2049 dixisse
1056 2019 1172 2058 gratis,
1199 2027 1335 2057 semper
1356 2016 1576 2059 τρισυλλάβως
1598 2020 1728 2059 gratiis

267 2061 374 2092 Bent.
402 2059 529 2099 Pretio]
554 2061 592 2092 1..
609 2061 715 2101 antiq.
730 2064 775 2092 at.
804 2062 892 2092 Pau.
915 2062 972 2093 vel.
991 2062 1085 2094 Perl.
1109 2060 1297 2101 Abicienaa]
1320 2061 1376 2092 Sic
1396 2062 1474 2092 Hel.
1496 2061 1610 2101 prisco
1626 2072 1732 2096 more„

268 2104 372 2143 Vulg.
397 2103 583 2141 abjicienda.
606 2104 709 2135 Both.
741 2103 796 2144 qui
826 2104 909 2135 illud
940 2104 1061 2136 edidit.
1101 2105 1158 2136 Vel
1180 2105 1286 2144 gratis
1309 2104 1426 2137 Guelf.
1443 2108 1473 2136 l.
1498 2105 1560 2136 ΒΓ.
1598 2107 1642 2137 At
1670 2116 1730 2138 seu

267 2147 316 2177 vel
344 2146 461 2177 delent
485 2146 588 2178 Bent.
613 2147 652 2177 Z.
692 2146 819 2186 Delph.
845 2148 924 2188 Bip.
939 2147 1042 2179 Both.
1073 2147 1255 2180 Peri—23
1279 2147 1398 2179 Nostri
1425 2147 1598 2179 veterrimi
1627 2153 1661 2180 et
1687 2159 1731 2180 ex

269 2189 398 2220 ceteris
416 2189 573 2230 plerique
591 2188 722 2227 facias?
747 2189 874 2221 Recte:
901 2200 982 2229 non,
999 2191 1082 2222 velis
1096 2189 1233 2228 facere3
1257 2190 1329 2230 sed,
1344 2191 1453 2231 possis
1468 2189 1608 2222 facere?
1631 2197 1666 2224 et
1683 2193 1731 2223 in-

270 2241 372 2272 super
395 2231 590 2272 legendum,
609 2233 694 2268 Quid
719 2232 774 2264 icta
800 2233 899 2272 igitur
913 2231 1047 2271 facias?
1069 2234 1173 2265 Bent.
1200 2234 1265 2265 Illa
1292 2235 1421 2274 recepi,
1445 2233 1611 2265 suadente
1627 2235 1732 2268 Bent.

270 2275 384 2307 Acute
411 2275 500 2306 enim
517 2275 625 2307 dicit:
651 2278 659 2293 ‘
683 2276 897 2316 Responsum
922 2279 931 2294 ‘
947 2277 1051 2308 Domi
1078 2276 1165 2308 erit’
1182 2277 1334 2318 postulat
1357 2276 1435 2308 ina?
1459 2277 1552 2309 Perl.
1585 2278 1671 2313 Quid
1695 2288 1732 2310 ea

266 2317 496 2357 igiturfacies]
520 2319 635 2359 Vulgo
651 2318 749 2349 abest
766 2329 813 2350 ea.
860 2319 928 2351 Sed
951 2325 1171 2351 memoratam
1187 2319 1291 2351 fnisse
1308 2319 1496 2360 psaltriam,
1513 2329 1555 2351 ex
1570 2319 1731 2352 Micionis

269 2371 433 2402 responso
450 2362 665 2402 intelligitur.
704 2362 802 2393 Vidit
818 2363 921 2394 Bent.
949 2363 1047 2394 Both.
1077 2363 1191 2395 Facias
1213 2363 1271 2394 ΒΓ.
1288 2363 1470 2394 Fert—29
1496 2363 1578 2395 Mss.
1596 2368 1631 2394 et
1648 2365 1731 2394 editi

270 2404 438 2444 plusculi:
461 2403 523 2435 erit
539 2404 647 2436 unuin
663 2405 774 2435 domo?
796 2405 885 2446 quod
901 2415 945 2436 ex
968 2406 1080 2446 glossa
1103 2406 1255 2437 additum
1281 2405 1426 2437 videtur.
1454 2405 1554 2438 West.
1578 2406 1653 2437 Erit
1670 2416 1732 2437 una

268 2448 303 2478 in
318 2448 441 2488 domo?]
463 2447 520 2478 Sic
537 2447 674 2488 quidem
699 2449 804 2478 etiarn
828 2454 918 2480 stare
944 2453 1062 2489 posset
1081 2448 1136 2480 hic
1161 2458 1300 2487 versus;
1324 2448 1383 2480 sed
1411 2448 1531 2480 melius
1546 2449 1665 2486 habet,
1694 2455 1732 2480 ut

269 2490 306 2521 in
323 2490 410 2521 libro
428 2489 608 2529 Bembino,
623 2490 781 2522 detracta
801 2490 954 2523 dictione
981 2492 1066 2522 erit.-
1090 2491 1178 2532 quod
1203 2501 1245 2522 ne
1261 2492 1374 2522 sensui
1399 2492 1533 2533 quidem
1551 2492 1731 2533 quicquam

270 2537 385 2564 nocet.
409 2533 469 2564 Fa.
517 2533 637 2564 Nostri
661 2543 841 2574 perperam
867 2535 939 2566 erit.
964 2535 1067 2566 Bent.
1115 2535 1187 2565 Erit
1214 2540 1293 2565 ante
1321 2537 1330 2551 ‘
1349 2534 1437 2566 una’
1453 2534 1613 2566 Guelf.2.
1644 2536 1732 2566 Per-l.

270 2575 328 2607 Sic
344 2581 380 2607 et
395 2576 542 2606 Bn-ao
566 2576 696 2616 Magna
714 2576 889 2608 Librorum
908 2587 987 2618 pars
1016 2577 1111 2618 legit,
1126 2578 1296 2609 Sunumne.
1320 2578 1427 2609 west.
1465 2577 1635 2618 Sanumne]
1660 2579 1731 2609 De-

271 2619 371 2650 lenda
388 2623 442 2650 est
459 2619 628 2659 particula
643 2618 793 2658 nejuxta
809 2630 840 2651 o.
858 2621 880 2651 l.
899 2630 924 2652 s.
942 2630 1123 2661 versusque
1147 2621 1326 2652 rationem.
1352 2620 1412 2652 Fa.
1448 2619 1564 2651 Sauum
1586 2623 1617 2651 te
1631 2620 1733 2651 credis

271 2661 353 2701 esse]
377 2661 504 2692 Mirum
530 2662 615 2698 hoc;
641 2671 718 2691 cum
745 2663 852 2693 nostri
877 2663 1027 2694 universi
1053 2663 1211 2694 Sanumne
1238 2663 1408 2695 babeant:
1433 2667 1469 2694 et
1496 2667 1602 2698 recte,
1629 2662 1730 2694 modo

272 2705 426 2735 ordinem
454 2709 578 2743 mutes,
593 2704 750 2735 Sanumne
776 2706 877 2736 credis
902 2709 932 2736 te
956 2708 1039 2737 esse?
1060 2706 1163 2737 Bent.
1192 2706 1346 2737 Sanumne
1373 2705 1489 2738 Guelf.
1504 2708 1535 2736 2.
1555 2706 1637 2736 Peri.
1673 2706 1730 2737 Sic

273 2746 335 2777 ΒΓ.
352 2747 480 2788 Delph.
497 2747 538 2778 Z.
569 2748 688 2778 Sanum
715 2750 744 2777 te
768 2749 868 2778 credis
891 2749 984 2780 Peri.
1013 2749 1169 2780 Sanumne
1185 2750 1287 2780 credis
1304 2753 1333 2780 te
1353 2749 1540 2779 Banu—31
1569 2748 1731 2779 Menon-es

272 2790 378 2821 nostri
394 2799 516 2830 magno
533 2798 685 2829 numero,
698 2792 783 2821 tuam
793 2801 859 2830 ego.
897 2792 1017 2824 Recte.
1036 2792 1132 2824 Beni.
1162 2792 1218 2823 Sic
1234 2792 1293 2823 Br.
1308 2792 1409 2823 Both.
1427 2791 1518 2822 Berl.
1548 2791 1732 2832 Ineptum]
