1966 3302
282 215 368 256 648
785 227 820 261 Ρ.
857 226 1096 257 'rEREN'ru
1130 229 1246 259 Arm

285 317 383 362 ΜΕ.
416 320 536 372 Quid
560 322 681 362 dotis
703 321 850 362 dicam
872 326 916 362 te
937 321 1109 364 dixisse
1129 323 1223 364 filio
1237 325 1256 364 ’ἐ
1730 347 1735 373 5

285 387 404 439 Quid
439 390 698 431 obticuisti?
758 388 846 430 CH.
878 390 1035 433 Dotis!
1098 392 1147 433 M
1158 404 1196 433 E.
1242 391 1311 434 Ita
1347 392 1463 434 dico.
1525 393 1613 437 CH.
1644 395 1741 438 Ah!

457 457 555 498 ME.
588 458 789 508 Chreme,
1683 463 1743 509 65

284 523 357 565 Ne
379 525 483 579 quid
503 538 696 576 vereare,
720 527 758 567 si
775 527 942 569 minus:
972 528 1081 569 nihil
1102 541 1181 568 nos
1203 527 1282 569 dos
1303 533 1466 571 movet.

285 591 374 633 CH.
405 593 510 634 Duo
532 594 698 635 talenta
720 607 799 647 pro
819 608 866 635 re
886 599 1037 636 nostra
1056 609 1138 648 ego
1160 609 1259 636 esse
1281 596 1456 638 decrevi
1475 597 1599 638 satis.

284 658 373 701 Sed
406 660 472 702 ita
503 660 629 703 dictu
661 674 773 716 opus
809 666 891 713 est,
923 663 963 704 si
992 677 1062 704 me
1083 663 1153 704 vis
1174 663 1346 705 salvom
1367 676 1481 715 esse,
1502 669 1550 706 et
1569 677 1677 715 rem,
1698 669 1742 708 et

457 728 614 779 filium,
1703 726 1706 730 ⁴

284 795 360 837 Me
394 810 493 838 mea
527 795 678 838 omnia
707 797 826 838 bona
858 797 953 839 doti
988 797 1156 839 dixisse
1190 798 1268 840 illi.
1331 798 1429 840 ME.
1467 799 1617 850 Quam
1647 813 1740 841 rem

457 865 555 918 agis
570 865 589 906 7

284 932 373 974 CH.
407 932 459 973 Id
480 934 625 974 mirari
647 937 690 974 te
714 933 941 984 simulato,
965 938 1008 975 et
1029 934 1152 975 illum
1174 934 1259 976 hoc
1280 936 1465 988 rogitato
1484 936 1631 987 simul,
1681 937 1740 983 70

284 1001 583 1051 Quamobrem
604 1002 650 1042 id
672 1002 848 1044 faciam.
909 1003 1006 1044 ΜΕ.
1039 1002 1156 1053 Quin
1185 1016 1268 1056 ego
1300 1017 1421 1054 vere,
1449 1006 1737 1057 quamobrem

453 1068 496 1109 id
520 1069 678 1120 facias,
700 1071 865 1111 nescio.

282 1212 329 1239 tas
344 1209 409 1248 ejus
422 1210 498 1240 mihi
511 1214 688 1250 suntgrata
703 1212 734 1240 et
748 1215 884 1251 accepta.
930 1210 1002 1241 ΜΕ.
1030 1211 1131 1246 Quam
1145 1212 1247 1242 dotem
1267 1211 1413 1242 nuntiabo
1428 1211 1590 1254 filio‘meo
1613 1216 1645 1243 te
1665 1212 1736 1244 clix-

282 1253 362 1283 isse?
384 1263 438 1283 cur
452 1252 563 1284 taces?
607 1253 679 1284 CH.
706 1253 809 1288 Quam
831 1254 933 1284 dotem
958 1255 1059 1285 dicere
1083 1254 1173 1284 velim
1190 1254 1301 1296 filice?
1346 1255 1420 1285 ΜΕ.
1442 1255 1481 1285 Id
1507 1265 1622 1295 quaero.
1665 1255 1736 1286 CH.

281 1295 332 1326 Ah
347 1295 363 1328 !
406 1297 476 1327 ME.
498 1297 589 1327 Nihil
616 1297 737 1333 timeas,
760 1296 882 1327 etiamsi
896 1297 1047 1327 modicam
1062 1298 1200 1328 dixeris:
1222 1308 1282 1328 mm
1296 1299 1350 1328 clos
1361 1308 1416 1328 nos
1429 1298 1527 1329 ducit.
1575 1298 1644 1330 CH.
1667 1298 1739 1337 Ego

280 1339 401 1369 decrevi
422 1340 481 1370 duo
505 1340 623 1370 talenta
644 1341 781 1382 sufficere
805 1349 860 1379 pro
883 1341 1003 1371 ratione
1027 1344 1200 1371 nostrorum
1223 1341 1375 1371 bonorum.
1421 1340 1494 1380 Sed,
1509 1341 1537 1372 si
1552 1341 1599 1372 vis
1615 1351 1662 1372 me
1676 1351 1740 1373 esse

280 1382 410 1421 sah-um,
427 1385 457 1413 et
473 1392 538 1413 rem.
560 1392 670 1421 meam,
697 1386 728 1414 et
743 1381 850 1423 filium
872 1392 984 1422 meum,
1007 1393 1082 1423 opus
1106 1386 1152 1414 est
1175 1387 1210 1414 ut
1236 1384 1360 1414 dicatur
1384 1394 1429 1414 me
1455 1383 1520 1415 doti
1543 1384 1740 1416 constituisse

280 1434 398 1455 omnem
412 1436 511 1456 meam
525 1425 741 1456 substantiam.
788 1426 861 1456 ME.
879 1426 965 1461 Quid
978 1426 1048 1465 agis
1063 1425 1079 1458 ‚⁹
1122 1426 1191 1457 CH.
1215 1427 1246 1458 F
1246 1427 1347 1466 ingizo
1369 1430 1399 1457 te
1419 1426 1530 1458 mirari
1544 1427 1739 1467 quamobrem

280 1467 450 1505 idsuciam,
467 1472 496 1499 et
511 1469 604 1499 simut
616 1469 748 1509 qnaerito
763 1468 800 1499 ab
817 1469 869 1499 ilco
886 1469 978 1510 (filio
997 1468 1190 1508 Clitiphone)
1207 1480 1296 1509 qaam
1318 1473 1404 1509 putet
1421 1480 1483 1500 esse
1498 1470 1588 1509 hujus
1603 1471 1650 1501 rei
1665 1480 1739 1501 cau-

279 1508 370 1541 sam?
416 1512 488 1544 Με.
516 1512 707 1551 Quinimmo,
734 1515 816 1543 certe
841 1515 961 1551 egomet
983 1512 1103 1552 ignoro,
1128 1522 1184 1543 car
1206 1513 1281 1543 illud
1307 1523 1392 1552 agas.
1439 1512 1508 1544 Cn.
1535 1513 1600 1553 Cur
1623 1523 1679 1553 ego
1701 1513 1736 1545 id

892 1617 1127 1629 eeeeeeeeeeee

280 1695 357 1734 qumi
368 1694 433 1724 volo
449 1697 483 1725 ut
495 1695 550 1725 tua
563 1693 657 1726 nubat
673 1696 797 1729 nostrm
815 1693 903 1725 Dein
919 1703 995 1725 cum
1009 1696 1055 1734 τῷ
1070 1695 1132 1726 nisi
1145 1705 1194 1726 vs.
1209 1702 1406 1738 sequentem
1423 1695 1739 1737 incipit.—o3Quod

280 1737 370 1768 malis
386 1737 447 1768 Br.
466 1742 535 1768 vet.
560 1737 636 1768 cod.
660 1736 760 1768 Lind.
775 1737 892 1770 Guelf.
910 1741 940 1769 1.
954 1741 986 1770 2.
1002 1740 1032 1769 3.
1058 1739 1158 1770 Both.
1176 1739 1390 1780 Dema—64
1414 1739 1510 1771 Ordo
1527 1745 1590 1775 est,
1602 1739 1646 1775 Q.
1661 1739 1692 1770 d.
1706 1739 1739 1769 d.

270 1779 357 1820 filio,
373 1784 404 1811 te
414 1780 556 1811 dixisse?
582 1781 689 1811 West‚
733 1780 837 1811 Bent.
855 1785 889 1811 et
909 1781 1008 1812 Both.
1022 1781 1231 1823 leguntfilioe
1243 1792 1253 1811 :
1266 1782 1354 1822 quod
1370 1793 1405 1814 se
1421 1782 1537 1814 mirari
1553 1781 1639 1814 dicit
1648 1781 1740 1813 Perl.

280 1832 357 1853 nam
375 1833 503 1863 genero
521 1823 580 1854 dos
595 1823 756 1862 dabatur,
779 1833 845 1853 non
870 1822 1046 1855 filiae.-—65
1065 1825 1167 1865 Vulg.
1183 1825 1236 1856 Ita
1256 1825 1336 1864 dico,
1363 1836 1407 1856 ex
1431 1826 1492 1858 int.
1511 1824 1600 1867 quod
1624 1830 1738 1856 osten-

281 1865 365 1896 dunt
382 1866 574 1907 sequentia,
589 1866 645 1897 ubi
661 1867 780 1906 procul
796 1866 899 1897 dubio
916 1876 959 1897 ex
973 1867 1001 1898 C
1018 1867 1154 1908 elegans
1168 1868 1285 1909 siquid
1300 1869 1403 1900 minus
1426 1867 1658 1909 recipiendum
1685 1870 1739 1898 est

280 1918 342 1949 pro
367 1910 504 1948 vulgato
527 1909 556 1940 si
579 1910 693 1941 nzinus.
739 1909 837 1940 Idem
867 1909 969 1940 liber:
997 1910 1056 1940 Nil
1082 1920 1216 1942 vereare.
1244 1912 1342 1942 Both.
1389 1912 1455 1944 Qui
1473 1912 1576 1952 igitur
1597 1910 1685 1942 hunc
1702 1915 1739 1941 et

280 1961 351 1993 seq.
370 1961 502 1983 versum
520 1952 605 1993 legit
623 1952 708 1988 Quid
724 1952 902 1983 obtinuisti?
925 1952 1043 1984 Dotis?
1073 1954 1136 1985 Ita.
1153 1954 1205 1985 ΑΙι
1219 1976 1226 1984 .
1239 1977 1246 1985 .
1261 1978 1268 1985 .
1282 1955 1331 1985 Ne
1342 1955 1415 1995 quid
1430 1954 1571 1994 Chreme,
1592 1953 1738 1990 Vereure,

279 1995 308 2025 si
332 1994 406 2036 quid
432 1996 534 2027 minus
559 1999 626 2026 est:
649 1995 697 2026 nil
723 2005 777 2026 nos
803 1996 858 2026 dos
874 1999 1072 2027 m‹›vet.—-66
1097 1996 1152 2037 Si]
1176 1997 1253 2029 Par.
1279 1998 1346 2029 Ms.
1369 2002 1433 2029 est:
1456 1997 1545 2038 quod
1570 1997 1738 2037 glossema

280 2047 355 2068 esse
371 2038 450 2069 mihi
465 2039 613 2070 videtur.
636 2038 720 2069 Perl.
744 2039 824 2078 Bip.
837 2037 947 2069 minu’.
971 2037 1027 2069 ΑΙ.
1045 2040 1138 2070 Nihil
1152 2041 1206 2070 dos
1220 2050 1276 2072 nos
1286 2043 1482 2072 moreh—68
1497 2041 1588 2080 Lege
1599 2039 1738 2071 meliore

281 2090 422 2112 numero
447 2081 509 2112 Sed
525 2081 572 2113 ita
587 2081 674 2112 dictu
689 2085 736 2112 est
752 2091 836 2122 opus.
860 2082 961 2112 Beut.
1007 2081 1060 2113 Ita
1084 2087 1118 2113 et
1145 2083 1239 2114 Peri,
1268 2084 1368 2115 Both.
1406 2084 1491 2114 Mss.
1518 2082 1680 2124 quidam:
1705 2083 1738 2114 et

272 2124 393 2164 filium,
407 2127 438 2155 et
451 2127 617 2156 rem—69
641 2124 751 2155 Abest
776 2125 832 2156 Me
849 2124 965 2156 Guelf.
988 2127 1020 2156 3.
1066 2125 1162 2156 Idem
1192 2136 1267 2157 cum
1292 2126 1392 2157 Bodl.
1421 2132 1457 2157 et
1482 2127 1543 2158 Br.
1570 2126 1654 2157 dotis
1678 2133 1739 2166 pro

281 2167 357 2197 doti.
390 2167 492 2198 Both.
509 2167 594 2207 legit
611 2167 725 2198 Omnia
738 2178 803 2198 mea
819 2168 884 2198 dota·
896 2168 1016 2198 dixisse
1032 2168 1080 2199 illi
1096 2178 1142 2199 me
1159 2168 1332 2200 bona—70
1345 2170 1430 2202 Mss.
1446 2169 1581 2210 quidam
1596 2168 1650 2199 :Id
1664 2167 1740 2200 emi-

281 2210 347 2240 rari
363 2213 394 2240 ee
406 2210 527 2241 simula.
562 2211 661 2241 Bodl.
687 2220 751 2241 non
774 2211 927 2251 agnoscit
945 2210 983 2241 τὸ
1008 2212 1076 2249 hoc,
1104 2221 1211 2253 neque
1230 2211 1304 2243 EA.
1333 2213 1429 2244 West.
1480 2213 1539 2244 ΒΓ.
1564 2212 1593 2243 Ι.
1610 2210 1742 2243 mnirari

943 2330 1079 2361 NOTAE

324 2409 366 2437 64
392 2406 476 2441 Quid
497 2406 579 2435 dotis
601 2404 701 2435 dicum
721 2408 751 2436 te
767 2404 901 2445 dixisse]
923 2405 984 2436 Di·
1040 2410 1110 2436 tres
1124 2405 1230 2436 solum
1247 2414 1401 2445 personae
1414 2405 1557 2446 obligari
1567 2410 1741 2446 poterant,

282 2468 361 2489 cere
378 2457 549 2495 dotem,et
567 2456 768 2496 promittere
786 2455 985 2497 dotem‚dif-
1040 2456 1185 2494 scilicet,
1206 2455 1326 2486 mulier
1343 2457 1429 2497 ipsa,
1452 2454 1590 2487 debitor
1605 2456 1740 2497 ejus,et

280 2509 395 2540 ferunt
432 2509 466 2539 iu
501 2507 717 2547 antiquorum
756 2507 985 2539 Jurisconsul·
1041 2511 1151 2548 pater.

284 2566 394 2590 torum
413 2558 519 2589 libris.
564 2557 691 2588 Dicere
707 2556 902 2596 dotem,est
913 2567 985 2588 cer-
1083 2560 1124 2588 65
1151 2557 1236 2593 Quid
1249 2556 1423 2597 obticuisti]
1446 2555 1503 2588 Ita
1524 2556 1624 2598 dixit,
1649 2559 1742 2599 quasi

283 2611 327 2640 tis
346 2609 458 2640 verbis
486 2607 703 2648 promittere,
728 2607 820 2637 nulla
844 2608 986 2638 interro·
1041 2608 1189 2649 puderet
1227 2608 1442 2639 Chremetem
1480 2607 1607 2647 dicere,
1651 2609 1741 2649 quod

284 2660 420 2700 gatione
439 2659 490 2690 vel
509 2657 728 2698 stipulatione
747 2658 983 2697 praecedente:
1043 2668 1147 2699 parva
1174 2657 1235 2689 dos
1263 2657 1460 2696 videi-etum
1484 2667 1559 2689 nam
1592 2663 1741 2690 tacemus

284 2711 482 2750 promittere
510 2709 638 2745 dotem,
663 2712 715 2738 est
744 2717 818 2738 cum
845 2708 985 2747 stipula·
1041 2709 1193 2749 consilia,
1222 2709 1404 2740 reticemus
1434 2709 1582 2750 dolores,
1612 2710 1743 2743 obtice„

284 2764 374 2794 tione
414 2762 625 2803 promittere.
693 2759 790 2790 Dotis
836 2759 986 2791 dictione
1042 2770 1115 2791 mus
1135 2769 1274 2800 quorum
1295 2770 1353 2790 uos
1367 2759 1484 2801 pudet.
