1966 3302
450 226 869 284 HEAUTON‘TIMOR.
904 252 1013 282 Aer.
1039 251 1088 283 11.
1123 251 1192 282 sc.
1217 251 1289 281 ιιι.
1512 243 1599 284 575

139 348 353 403 Rejectus
373 347 662 401 negligenter:
694 347 806 402 pax!
869 347 1012 389 cnm.
1043 346 1154 401 Syre
1174 347 1248 397 mi,
1269 348 1468 398 obsecro,
1540 347 1596 389 50

138 416 212 458 Ne
233 429 303 457 me
324 416 368 457 in
387 415 587 457 laetitiam
607 415 769 456 frustra
790 416 1020 470 conjicias.
1082 416 1164 456 SY.
1198 414 1323 456 Anus

138 483 375 525 Subtemen
394 483 553 523 nebat:
585 487 799 536 praeterea
819 496 906 524 una
928 483 1139 524 ancillula

138 550 270 602 Erat;
301 563 355 591 ea
375 551 556 591 texebat
574 563 677 598 una,
698 550 858 604 pannis
881 550 1045 599 obsita,

138 617 369 670 Neglecta,
390 617 616 658 immunda
636 617 801 658 illuvie.
861 615 1002 657 Cmr.
1035 617 1084 658 Si
1104 617 1200 658 haee
1222 622 1342 668 sunt,
1365 617 1527 671 Clinia,

136 682 269 735 Vera,
289 685 354 726 ita
373 685 434 726 uti
456 684 603 735 credo,
626 685 727 738 quis
748 688 794 725 te
815 687 882 726 est
901 684 1193 726 fortunatior?
1542 689 1599 730 55

137 750 256 793 Scin’
276 754 323 792 tu
341 751 469 802 hanc,
491 764 621 806 quam
643 751 754 793 dicit
773 751 1043 798 sordidatam
1065 755 1110 793 et
1131 752 1391 795 sordidam?

138 817 353 872 Magnum
391 819 477 861 hoc
516 832 695 874 quoque
735 820 908 874 signum
949 824 1034 870 est,
1075 820 1297 862 dominam
1337 834 1436 863 esse
1471 826 1597 864 extra

307 888 505 938 noxiam,

137 952 249 996 Cum
269 954 366 1009 ejus
387 959 477 996 tam
498 956 771 1010 negliguntur
790 955 1045 996 internuntii
1063 969 1072 997 :

137 1022 258 1064 Nam
279 1023 517 1077 disciplina
539 1029 611 1065 est
631 1023 812 1074 eisdem,
835 1024 1105 1066 munerarier

135 1089 339 1133 Ancillas
356 1091 558 1146 primum,
581 1093 637 1133 ad
659 1092 862 1133 dominas
885 1092 962 1146 qui
984 1091 1195 1134 affectant
1215 1092 1350 1134 viam.
1539 1095 1595 1136 60

138 1158 281 1200 CLIN.
314 1159 465 1213 Perge,
486 1160 675 1201 obsecro
697 1164 755 1210 te,
777 1164 820 1201 et
840 1172 962 1210 cave,
983 1173 1037 1200 ne
1056 1159 1219 1201 falsam
1237 1160 1423 1213 gratiam

135 1225 327 1268 Studeas
349 1227 474 1270 inire.
536 1227 654 1279 Quid
677 1229 757 1278 ait,
779 1228 855 1269 ubi
876 1241 944 1270 me
962 1228 1193 1270 nominas?

136 1347 202 1388 eJ'us
217 1351 285 1380 erat
299 1358 436 1390 sparsus,
459 1350 580 1390 longus,
604 1351 689 1381 nulla
712 1360 787 1381 cura
812 1351 895 1382 circa
909 1354 1001 1392 caput
1015 1350 1181 1382 immissus.
1227 1351 1287 1382 CL.
1314 1350 1366 1381 Mi
1382 1351 1475 1392 Syre,
1491 1362 1600 1393 precor

134 1401 174 1423 ne
193 1401 242 1423 me
266 1391 393 1424 inducas
407 1394 440 1424 in
456 1394 600 1424 loetitiam
616 1393 714 1431 salso.
758 1394 820 1425 SY.
845 1395 934 1426 Anus
947 1394 1039 1425 nebat
1053 1394 1224 1433 subtemen,
1230 1393 1326 1435 filum
1341 1395 1500 1435 torquebat
1517 1398 1597 1436 quod

133 1434 168 1466 in
184 1435 246 1466 tela
267 1436 400 1467 texenda
421 1439 541 1468 stamen
562 1436 757 1468 intercurrit.
804 1437 930 1468 Proeter
953 1447 1019 1468 earn
1035 1446 1128 1468 unum
1143 1446 1204 1467 una
1219 1437 1342 1467 servula
1358 1437 1482 1468 texebat
1496 1440 1600 1479 simul,

131 1487 282 1517 pannosa,
296 1478 449 1519 squalida,
465 1479 562 1518 foedis
586 1480 794 1510 immunditiis
810 1480 948 1512 horrida.
995 1480 1070 1511 CL1.
1098 1481 1127 1510 Ο
1143 1479 1260 1518 Clinia,
1273 1480 1303 1511 si
1319 1480 1420 1521 Syrus
1435 1491 1509 1512 veru
1524 1492 1598 1513 nar-

133 1523 198 1560 rat,
212 1520 258 1552 ita
275 1525 309 1552 ut
324 1522 425 1561 credo,
440 1523 509 1562 quis
524 1525 569 1553 est
586 1526 616 1553 te
632 1522 770 1554 beatior?
793 1522 900 1554 Scisne
924 1524 1001 1554 hunc
1027 1522 1220 1562 ancillulam,
1246 1523 1283 1553 de
1312 1533 1370 1564 qua
1385 1524 1444 1554 iste
1460 1525 1599 1565 loquitur·

134 1572 252 1603 seruus,
265 1567 301 1595 ut
322 1563 440 1595 inculta
462 1568 493 1596 et
515 1565 656 1597 sordibus
680 1563 791 1606 turpi?
815 1566 930 1605 Ingens
951 1566 1099 1596 indicium
1114 1570 1159 1597 est
1175 1566 1331 1597 dominam
1347 1566 1445 1606 ipsius
1456 1578 1521 1599 esse
1533 1568 1600 1599 sine

134 1606 236 1646 culpa,
251 1616 331 1647 cum,
357 1608 410 1648 qui
433 1607 463 1639 ei
484 1608 660 1639 inserviunt
682 1609 713 1639 in
738 1608 858 1639 nuntiis
875 1609 1020 1647 ferendis
1034 1610 1074 1640 ad
1089 1613 1252 1647 amatores,
1269 1612 1332 1640 tam
1347 1610 1545 1649 negligenter
1566 1622 1599 1642 se

134 1652 244 1680 curant
270 1653 301 1680 et
319 1654 446 1691 purant.
492 1651 577 1682 Nam
595 1656 782 1692 praeceptum
804 1651 837 1682 in
861 1656 930 1682 arte
956 1652 1082 1683 amandi
1107 1652 1163 1682 hoc
1183 1655 1335 1683 ornatores
1351 1652 1525 1694 observant,
1547 1655 1600 1694 qui

134 1694 261 1732 captant
275 1702 428 1724 accessum
443 1695 483 1724 ad
498 1694 649 1734 dominas,
674 1698 709 1726 ut
732 1694 861 1725 ancillas
881 1695 1018 1735 primum
1039 1695 1216 1726 muneribus
1239 1695 1298 1725 sibi
1314 1695 1488 1728 concilient.
1536 1698 1599 1729 CI..

136 1734 268 1775 Precor,
281 1745 461 1777 persequere
476 1736 629 1779 inceptam
643 1738 866 1775 narrationem,
886 1741 916 1768 et
942 1738 1013 1768 vide
1034 1748 1072 1769 ne
1095 1739 1133 1769 de
1148 1738 1303 1768 industria
1324 1742 1428 1778 captes
1442 1741 1600 1772 mendacio

135 1786 234 1810 meam
261 1778 513 1812 benevolentium.
559 1781 690 1817 Quando
717 1790 764 1811 me
793 1780 972 1821 nominasti,
1003 1781 1078 1822 quid
1102 1781 1187 1813 dixit
1214 1781 1282 1822 ipsa
1310 1782 1495 1823 Antiphila?
1538 1785 1599 1816 SY.

735 1872 975 1886 eeeeeeeeeeee

134 1955 199 1987 pro
211 1947 307 1979 varia
321 1948 482 1989 lectione,
496 1953 532 1981 at
549 1950 583 1981 in
606 1950 679 1991 ipso
697 1955 794 1982 textu
812 1950 893 1991 duo,
915 1961 1050 1993 sparsus.
1099 1950 1258 1983 Accedat
1285 1950 1427 1982 Ausonii
1453 1952 1600 1983 auctori-

134 1994 202 2029 tas,
223 1990 255 2021 in
271 1990 339 2023 fine
358 1992 457 2033 ldyu.
473 2001 541 2024 ΧΠ.
565 1994 574 2010 ‘
591 1995 716 2025 Totum
743 2004 829 2035 opus
856 1995 920 2026 hoc
945 2004 1113 2035 sparsum,
1143 1994 1245 2025 crinis
1272 1995 1367 2026 velut
1385 1994 1596 2035 Antiphilae:

134 2031 235 2065 Pax!
279 2034 370 2066 Hinc
385 2040 518 2067 certum
547 2041 613 2076 est,
643 2037 765 2077 legisse
794 2047 870 2069 eum
895 2038 1037 2078 Capillus
1051 2047 1186 2078 sparsus.
1232 2038 1341 2068 Porro
1358 2037 1440 2068 illud
1454 2039 1599 2077 prolixus

134 2084 201 2107 non
217 2077 342 2117 placet.
388 2078 531 2118 Repone
551 2079 748 2120 promissus!
774 2081 877 2112 Bent.
922 2080 1101 2121 Improbat
1118 2080 1221 2111 Both.
1249 2081 1305 2122 qui
1330 2081 1468 2120 reponit
1491 2082 1598 2121 prodi-

132 2127 205 2156 gus.
250 2119 451 2160 Improbant
466 2131 600 2163 quoque
615 2123 695 2162 Bip.
715 2123 894 2154 Peri—50
918 2124 975 2155 Sic
995 2124 1052 2155 Pr.
1079 2133 1154 2164 quae
1183 2133 1264 2154 vera
1290 2129 1342 2154 est
1364 2124 1480 2156 lectio.
1504 2124 1601 2156 Lina.

134 2161 333 2201 Legendum
357 2168 476 2195 monet
501 2165 603 2196 Bent.
627 2165 775 2204 Rejeceus
801 2167 1010 2206 negligenter,
1031 2176 1108 2207 pax.
1153 2165 1162 2182 ‘
1179 2166 1265 2197 Pax.
1288 2166 1367 2197 Hoc
1382 2168 1471 2198 male
1498 2176 1596 2198 servo

134 2204 359 2238 attribuitur?
382 2207 479 2238 Both.
503 2207 560 2248 qui
586 2207 691 2248 igitur
706 2209 811 2248 legit:
838 2210 879 2239 R.
904 2209 1116 2248 negligenlur.
1163 2209 1265 2241 ΟΜΝ.
1288 2209 1374 2246 Pax,
1394 2210 1474 2251 Syre
1491 2210 1546 2248 mi,
1570 2221 1598 2242 0.

135 2246 175 2278 Ζ.
191 2247 295 2280 habet
312 2249 355 2280 R.
371 2259 402 2282 n.
448 2251 553 2281 ΟΜΝ.
578 2250 658 2292 Syre
672 2251 715 2281 mi
730 2254 846 2283 o.—52
868 2252 919 2283 M.
938 2252 1024 2283 GM.
1042 2256 1077 2282 et
1093 2251 1166 2283 EP.
1184 2261 1261 2282 cum
1278 2252 1500 2292 calphurnio,
1518 2253 1600 2284 Sub-

135 2292 268 2329 tegmen.
312 2290 371 2323 Al.
398 2292 624 2325 unciam—54.
648 2297 687 2324 55
713 2294 761 2324 Μ.
785 2294 824 2325 Si
851 2295 916 2326 hoec
945 2305 1018 2326 vera
1046 2298 1119 2325 sunt
1150 2295 1269 2334 Clinia,
1299 2295 1346 2325 ita
1376 2305 1409 2327 u.
1437 2306 1463 2326 c.
1497 2296 1600 2326 Both.

141 2331 223 2364 Vera
237 2334 315 2373 hoec,
333 2334 451 2374 Clinia,
476 2335 514 2367 Si
539 2339 623 2375 sunt,
647 2339 679 2367 ut
697 2338 797 2368 credo.
844 2341 853 2354 ‘
871 2338 912 2368 V.
931 2337 968 2370 C.
992 2337 1038 2369 ita
1054 2341 1089 2368 ut
1104 2337 1154 2368 hic
1168 2337 1268 2370 dicit!
1292 2338 1391 2369 Lind.
1440 2338 1506 2369 Hic
1520 2339 1598 2370 dicit

134 2383 198 2414 pro
212 2377 302 2408 credo
315 2377 431 2410 Guelf.
449 2380 480 2409 3.
520 2378 587 2409 Hic
601 2379 719 2410 dicitur
736 2390 797 2420 pro
813 2381 903 2411 credo
918 2383 1038 2411 2.—56
1054 2381 1163 2411 Recte
1179 2380 1325 2412 discedit
1344 2381 1450 2412 Boecl.
1470 2391 1488 2412 a
1506 2382 1597 2422 Guy.

134 2418 224 2449 huuc
239 2429 288 2450 vs.
301 2419 452 2452 delente.
490 2421 598 2453 Porro
612 2425 724 2453 autem
741 2423 789 2454 ita
805 2422 1040 2454 distinxerim:
1058 2422 1144 2454 Scin'
1160 2421 1220 2454 tu?
1242 2423 1322 2454 hanc
1337 2434 1427 2464 quam
1443 2424 1520 2455 dicit
1533 2434 1599 2455 sor-

134 2460 275 2493 didatam
289 2465 319 2493 et
341 2464 512 2504 sordidam,
528 2464 578 2496 M.
601 2464 711 2496 West.
755 2467 764 2483 ‘
779 2465 863 2496 Scin’
880 2470 914 2496 tu
930 2476 1046 2497 omnes
1063 2466 1183 2505 nostri,
1200 2466 1287 2497 sicut
1308 2472 1343 2497 et
1361 2467 1426 2499 Ms.
1453 2467 1600 2498 Linden-

137 2504 263 2545 brogii:
290 2509 326 2536 et
354 2507 403 2538 sic
429 2507 516 2538 solet
539 2507 710 2539 Comicus.
729 2509 820 2548 vulg.
845 2508 933 2540 Scin'
961 2509 1048 2540 hanc.
1087 2509 1409 2541 Sordidoe...dominoe.
1433 2511 1521 2551 vulg.
1552 2510 1600 2540 in-

136 2550 230 2587 epte,
252 2548 444 2580 sordidatam
469 2553 500 2580 et
526 2550 703 2582 sordidam!
727 2551 827 2584 Both.
889 2552 974 2582 GM.
1002 2552 1126 2583 invert.
1153 2552 1310 2583 sordidam
1337 2556 1366 2583 et
1393 2554 1598 2585 sordidatam.

137 2589 240 2621 Beni.
264 2591 357 2623 Perl.
380 2595 415 2622 tu
444 2592 705 2624 omittam—57
730 2593 817 2625 Pall.
844 2599 879 2625 et
907 2595 963 2625 alii
991 2598 1204 2626 noxam-58
1228 2595 1373 2628 Quidam
1402 2596 1483 2626 libb.
1509 2602 1597 2628 vett.

138 2632 218 2663 Cum
230 2632 295 2672 ejus
314 2637 381 2665 tam
394 2635 589 2674 negligenter
604 2635 779 2666 vestiantur
793 2638 990 2668 internuntii.
1037 2637 1135 2670 Quod
1153 2638 1322 2677 glossema
1339 2638 1485 2678 videtur,
1501 2648 1565 2670 nec
1580 2650 1599 2670 a

134 2674 299 2714 Terentio
314 2676 519 2717 profectum.
541 2677 642 2709 West.
689 2679 792 2710 Bent.
807 2680 889 2720 legit
910 2681 987 2711 Cum
1000 2683 1063 2711 tam
1079 2680 1254 2720 negligitur
1269 2681 1334 2719 ejus
1348 2681 1598 2712 internuntia.-

136 2717 179 2749 59
202 2718 287 2749 Nam
300 2720 463 2760 disciplina
479 2724 524 2751 est
541 2721 665 2752 iisdem.
722 2721 889 2753 Quaerunt
914 2727 950 2754 et
975 2723 1136 2754 dubitant
1164 2724 1376 2764 Interpretes
1407 2723 1450 2755 de
1476 2725 1601 2755 iisdem.

137 2760 226 2792 Quid
244 2761 271 2792 si
286 2762 468 2802 legendum
485 2764 542 2803 sit,
560 2764 645 2794 Nam
660 2764 823 2804 disciplina
838 2768 882 2795 est
897 2769 989 2796 sectae
1002 2765 1018 2797 ἰ)
1042 2766 1232 2797 Bene-00
1259 2767 1347 2798 Pall.
1364 2777 1432 2807 qua>
1448 2777 1519 2807 pro*
1534 2768 1598 2807 qui.

136 2805 219 2834 —61
244 2803 381 2837 Absunt
410 2806 540 2838 voculae
569 2809 600 2838 te
631 2811 667 2838 et
697 2817 733 2838 ne
760 2807 880 2840 Guelf.
907 2811 1028 2840 2.-63
1054 2808 1299 2842 Hel.di.ri1nus.
1337 2809 1393 2842 Al.
1413 2810 1596 2841 rediisse.—
