1966 3302
319 202 338 220 Γ

316 200 401 242 068
807 214 845 243 1³.
879 213 1122 244 TERENTH
1156 214 1278 246 ΛΡΜ

320 306 463 349 ΟΜΝ.
497 307 678 349 Faciam
697 322 706 349 ε
731 308 810 350 sed
830 309 986 350 nescio
1008 309 1115 364 quid
1128 311 1325 364 profecto
1340 311 1448 353 mihi
1469 312 1642 355 animus
1661 326 1778 368 prae—

492 376 612 428 sagit
631 375 754 417 mali.

320 441 456 484 CmT.
489 442 662 496 Pergin'
692 444 811 484 istuc
843 445 969 497 prius
992 444 1250 499 dijudicare,
1277 460 1412 502 quam
1432 448 1537 498 scis,
1557 447 1666 503 quid
1686 448 1780 490 veri

492 511 610 552 siet?

320 576 462 619 ΟΜΝ.
494 578 544 619 Si
573 578 679 620 nihil
707 579 814 620 mali
845 585 980 632 esset,
1008 580 1101 636 jam
1128 583 1201 624 hic
1228 582 1446 624 adessent.
1506 580 1646 625 emt
1675 581 1780 624 Jam

493 645 694 687 aderunt.
757 646 900 689 ΟΜΝ.
932 647 1126 699 Quando
1148 651 1266 692 istuc
1289 650 1403 692 erit?

321 712 462 755 Cmu
494 713 601 754 Non
621 715 806 769 cogitas,
836 716 935 758 hinc
963 717 1140 771 longule
1159 719 1291 760 esse?
1320 723 1366 760 et
1385 717 1510 760 nosti·
1524 730 1667 760 mores
1685 729 1780 758 mu-

493 783 673 825 lierum:
1723 787 1780 828 10

322 851 442 892 Dum
476 852 727 902 moliuntur,
761 853 866 894 dum
903 858 1152 903 comuntur,
1197 867 1338 896 annus
1370 857 1454 896 est.
1535 852 1680 896 ΟΜΝ.
1739 852 1778 894 Ο

495 919 710 975 Clitipho,

321 1052 455 1091 aspiciat
477 1056 515 1083 te.
564 1053 622 1084 CI..
649 1055 790 1092 Cat-eom
811 1057 864 1086 sed
887 1059 969 1087 certe
992 1066 1045 1087 cor
1065 1056 1144 1089 mih-i
1169 1056 1357 1097 pra-divinat
1380 1055 1482 1087 nescio
1507 1055 1581 1096 quid
1604 1051 1787 1098 infortunii·⁸

323 1094 399 1125 (ΞΜ.
425 1096 650 1128 Perseverasne
665 1099 836 1129 discernere
863 1099 918 1130 hoc
945 1100 1109 1139 curiosius,
1134 1105 1300 1141 antequam
1324 1109 1432 1131 noscas
1447 1099 1520 1140 quid
1534 1098 1617 1129 erit?
1660 1097 1719 1128 CI..
1744 1095 1787 1126 Sz

321 1137 401 1169 nihil
415 1139 537 1170 adversi
553 1143 644 1176 esset,
660 1142 719 1172 huc
730 1142 898 1182 Antiphila
912 1152 979 1173 cum
994 1144 1092 1174 servis
1099 1143 1169 1181 jam
1184 1143 1329 1174 venisset.
1375 1142 1450 1173 CLl.
1474 1142 1591 1173 Statim
1606 1139 1784 1172 advenient.

324 1181 384 1211 CL.
411 1181 570 1216 Quando?
616 1185 694 1214 CM.
722 1185 792 1215 Non
808 1187 984 1216 consider-as
998 1196 1065 1217 eam
1076 1187 1185 1227 procul
1199 1186 1271 1217 hinc
1285 1185 1428 1216 habitare
1439 1189 1452 1216 ‚⁹
1476 1184 1644 1224 Cognoscis
1658 1192 1784 1231 consue-

322 1225 669 1263 tudinemsoeminarmn
683 1238 693 1263 ,-
715 1228 787 1258 dum
799 1232 975 1268 pectuntar,
991 1231 1065 1260 dum
1079 1232 1192 1260 ornant
1206 1239 1319 1266 comas,
1335 1229 1408 1259 dum
1415 1228 1556 1266 formam
1567 1229 1684 1269 parant
1697 1234 1784 1256 vario

323 1268 419 1309 cultu,
446 1269 479 1299 in
496 1269 545 1300 his
554 1268 713 1307 faciendis
737 1281 851 1302 annum
875 1276 1047 1304 conterunt.
1094 1273 1154 1304 CL.
1182 1273 1211 1303 Ο
1242 1271 1410 1313 Clitipho!
1438 1271 1542 1303 timeo.
1588 1271 1664 1303 CLI.
1686 1268 1740 1300 Ad
1754 1270 1786 1299 te

935 1367 1178 1379 ‘a‘e‘m‘ee‘

324 1442 383 1474 sed
407 1448 506 1476 notat
530 1445 665 1476 Bruns:
697 1446 706 1462 ‘
724 1446 842 1478 Lectio
859 1446 988 1477 codicis
1011 1449 1140 1477 mutata
1164 1445 1198 1476 in
1224 1442 1322 1476 cave!
1367 1444 1376 1461 ‘
1394 1442 1523 1474 Omnes
1545 1440 1624 1473 libri
1647 1444 1684 1472 et
1705 1441 1788 1473 edd.

326 1491 414 1517 vett.
431 1487 493 1519 hic.
518 1488 650 1520 Recte?
674 1489 771 1520 Bent.
818 1489 872 1520 Ita
900 1500 1034 1531 quoque
1059 1489 1119 1520 ΒΓ.
1143 1488 1238 1520 Perl.
1264 1486 1369 1519 Both.
1414 1485 1524 1517 Abest
1548 1484 1786 1526 praepositioa

326 1529 556 1562 Guelf.2.-—S
581 1533 629 1563 M.
660 1533 702 1563 G.
724 1533 816 1573 Lips.
846 1533 905 1564 ΒΓ.
934 1534 1002 1564 ΕΤ.
1034 1533 1116 1563 EM.
1146 1531 1238 1562 Perl.
1266 1540 1357 1571 quam
1385 1530 1479 1560 scias.
1526 1528 1536 1544 ‘
1554 1527 1686 1559 Omnes
1708 1527 1783 1559 fere

326 1574 433 1604 nostri
462 1584 536 1605 cum
565 1580 650 1606 vett.
678 1576 755 1606 edd.
770 1576 852 1607 scias
869 1585 931 1616 pro
945 1576 1017 1607 scis.
1066 1574 1164 1606 Unde
1191 1579 1361 1614 promtum
1387 1576 1440 1603 est
1468 1570 1671 1620 emendare:
1695 1581 1787 1611 quam

325 1616 406 1646 scias
419 1617 493 1656 quid
507 1618 554 1648 rez‘
568 1618 639 1649 siet.
687 1620 799 1650 Etiam
817 1619 906 1660 Guy.
924 1624 1016 1650 recte
1034 1619 1119 1649 vidit
1134 1618 1202 1655 rei;
1228 1618 1309 1648 licet
1326 1617 1359 1647 in
1387 1614 1528 1656 reliquis
1554 1623 1690 1663 yet-sum
1717 1623 1789 1646 cor-

329 1660 481 1699 ruperit!
504 1661 599 1692 Bent.
645 1662 654 1679 ‘
669 1662 769 1702 Vulg.
785 1662 858 1702 quid
873 1662 940 1692 veri
954 1662 1027 1698 siet,
1051 1661 1189 1692 omnino
1206 1661 1370 1700 pessime:
1397 1658 1581 1698 castigavit
1597 1656 1688 1698 Guy.
1707 1666 1787 1705 pro-

326 1702 431 1734 bante
448 1704 549 1735 Bent.
567 1716 593 1735 s.
612 1703 710 1742 infra,
733 1706 796 1736 hoe
823 1705 960 1745 quidem
987 1705 1191 1736 admonente
1208 1713 1257 1734 ιν.
1274 1706 1306 1734 7.
1323 1705 1356 1733 2.
1385 1702 1475 1741 vulg.
1490 1709 1638 1749 ⁴qnoque
1653 1699 1789 1749 Pergzns

327 1746 430 1777 istuc:
453 1747 512 1778 sed
532 1749 579 1778 ita
596 1749 742 1786 nescias,
766 1749 994 1779 iambicumne
1012 1759 1054 1779 an
1071 1747 1281 1779 trochaicum
1300 1747 1414 1786 legere
1430 1742 1600 1784 incnprasss
1618 1743 1716 1774 Both.
1730 1753 1788 1784 qui

327 1789 433 1829 igitur
449 1790 520 1828 dat,
535 1791 687 1830 Pergisne
702 1792 735 1822 id
745 1801 777 1832 p.
792 1793 822 1822 d.
838 1801 927 1831 quam
940 1792 1031 1828 scias,
1054 1792 1127 1832 quid
1141 1801 1175 1821 re
1196 1791 1335 1821 sien—9
1356 1788 1511 1836 Adessent
1535 1787 1577 1817 R.
1603 1795 1670 1827 quo
1697 1786 1787 1817 Dae.

329 1838 383 1863 est
399 1843 471 1872 usa,
493 1833 552 1864 sed
568 1834 617 1865 M.
633 1835 725 1875 Lips.
742 1835 786 1866 G.
804 1835 873 1867 ET.
889 1840 925 1866 et
943 1835 1023 1866 EM.
1038 1837 1172 1872 adesset,
1196 1839 1233 1864 et
1263 1842 1340 1863 mox
1365 1832 1478 1862 aderat.
1503 1872 1510 1878 ι
1522 1829 1717 1870 Utrumque
1735 1834 1789 1860 est

328 1876 362 1905 in
388 1877 562 1908 vetustiss.
590 1878 771 1917 impressis.
800 1879 894 1909 West.
938 1878 1053 1918 ‘Lege
1080 1887 1123 1909 ex
1150 1876 1275 1907 nostris
1299 1884 1396 1915 paene
1422 1872 1578 1922 omnibus
1605 1881 1681 1902 cum
1707 1871 1788 1903 edd.

330 1924 415 1950 vett.
434 1921 554 1950 adesset
569 1941 576 1949 .
588 1943 595 1951 .
608 1943 616 1951 .
632 1921 745 1952 aderit.
790 1921 932 1960 Corrige
949 1930 1094 1962 quoque,
1119 1920 1250 1955 Quando
1263 1917 1421 1956 istucjam
1435 1919 1497 1948 erat
1507 1915 1530 1946 Y
1552 1915 1658 1946 Bent.
1701 1915 1789 1964 {Ero-

330 1962 390 1993 bat
407 1963 499 1993 Perl.
519 1968 554 1993 et
567 1963 656 1994 idem
673 1964 788 1994 mallet
804 1964 890 1995 Dae.
907 1973 971 1994 non
990 1965 1090 2002 male,
1108 1963 1228 2003 judice
1243 1962 1353 1993 West.
1398 1962 1407 1977 ‘
1421 1960 1525 2008 Bent.
1553 1958 1685 2007 Quando
1710 1962 1790 2007 zstuc

321 2004 391 2042 jam
405 2007 488 2036 erit?
511 2006 694 2048 ingeniose,
717 2006 815 2037 modo
831 2006 902 2045 jam
917 2007 1037 2038 melius
1054 2007 1216 2037 collocari
1235 2009 1373 2046 posset:
1399 2012 1477 2034 nam
1506 2006 1554 2050 lta
1581 2001 1716 2041 quidem
1733 2011 1789 2051 Y¹X

331 2048 528 2080 audiretur!
551 2050 650 2081 Both.
687 2050 818 2081 Adesset
893 2051 995 2081 aderit
1011 2049 1094 2080 dant
1111 2050 1170 2080 ΒΓ.
1185 2049 1262 2089 Bip.
1280 2047 1381 2078 Both.
1415 2045 1603 2093 AbestJant
1619 2048 1790 2093 posterius

332 2090 450 2123 Guelf.
466 2095 497 2123 2.
515 2095 631 2123 3.—10
653 2093 708 2124 Ita
720 2093 864 2134 plusculi
887 2099 922 2124 et
949 2092 1222 2134 praestantissiini
1248 2090 1355 2122 Libri.
1402 2088 1628 2137 Calphurnms
1654 2087 1792 2135 aliique,

332 2136 454 2173 longius
468 2135 581 2166 abesse.
629 2137 697 2167 ET.
717 2141 752 2167 et
770 2137 840 2167 EV.
858 2139 888 2167 1.
913 2137 955 2166 Et
984 2135 1096 2167 nostin’
1113 2144 1212 2166 mores
1235 2134 1422 2165 mulierum?
1445 2141 1521 2173 quae
1545 2131 1651 2161 lectio
1678 2139 1792 2160 verior

332 2177 483 2209 videtur.
529 2179 618 2211 Quia
631 2180 719 2210 enim
735 2179 962 2219 interrogatio
977 2182 1217 2220 praecesserat,
1237 2187 1297 2208 non
1313 2176 1446 2224 cogitas,
1468 2174 1541 2206 hinc
1565 2172 1688 2212 longule
1702 2171 1792 2205 esse?

332 2220 577 2261 ἐμψατικώτερον
589 2227 674 2261 erat,
689 2222 763 2254 haec
780 2232 895 2253 rursus
913 2232 972 2261 pel·
988 2221 1295 2262 interrogationem
1310 2227 1513 2267 exprimere:
1541 2217 1635 2247 West.
1679 2215 1689 2232 ‘
1703 2215 1792 2246 Nos·

334 2266 377 2294 tri
393 2265 544 2295 universi
570 2266 695 2304 longius
717 2266 831 2297 abesse.
877 2266 1060 2296 Mutat-unt
1086 2263 1259 2305 Magistri,
1282 2272 1325 2293 ne
1353 2261 1511 2301 dismpuu
1537 2259 1692 2308 obsoleto
1720 2262 1792 2289 tum

333 2308 454 2346 longule
470 2307 674 2339 uterentur-,²
697 2309 792 2339 Bent-
837 2308 880 2340 G.
897 2309 957 2340 ΒΥ.
977 2308 1062 2340 Pali.
1078 2309 1146 2339 ET.
1172 2313 1207 2338 et
1234 2306 1316 2337 EM.
1341 2305 1471 2352 habent
1496 2304 1630 2341 longius.
1674 2300 1792 2333 Guelf.

332 2353 366 2381 ⁴2.
383 2356 418 2381 et
433 2351 490 2382 Br.
507 2351 705 2382 abessa—41
730 2350 882 2383 Exhibeo
898 2352 1082 2383 lectionem
1099 2351 1184 2382 Cod.
1203 2349 1476 2384 Gemblacensw,
1497 2345 1670 2394 laudatam
1694 2344 1792 2393 Illus-

333 2393 484 2424 trissimo
509 2394 661 2434 Josepho
686 2395 870 2435 Scaligero,
904 2404 1004 2434 quem
1032 2395 1121 2425 vide.
1177 2394 1338 2424 Ceterum
1370 2391 1496 2421 Petrus
1529 2388 1667 2419 Colvius
1694 2387 1794 2427 legit,

335 2438 527 2468 molliuntur.
572 2437 638 2467 Sed
657 2441 690 2467 et
707 2438 754 2468 ita
771 2436 949 2475 legendum
975 2447 1048 2468 esse
1075 2435 1254 2468 contendit
1279 2432 1370 2474 apud
1393 2433 1565 2469 Plautum,
1587 2431 1690 2461 Truc.
1707 2439 1745 2461 11.
1761 2433 1795 2479 ²:

337 2482 390 2510 54.
414 2480 635 2510 ‘Molliendis
664 2490 732 2510 rem
762 2479 900 2520 coegit!
944 2481 1056 2521 Vulgo
1093 2479 1276 2510 muniendis.
1320 2475 1420 2508 Adde
1452 2474 1638 2522 Calphutrn.
1664 2473 1796 2522 S.¹¹'¹'¹¹¹¹

338 2522 424 2562 viri,
447 2523 581 2563 Lipsius
602 2529 636 2554 et
652 2523 815 2562 Scaliger,
837 2523 994 2553 molendis.
1040 2520 1331 2553 Lindenbruchins
1358 2518 1477 2550 itidem
1498 2525 1637 2566 ⁸passive
1664 2515 1794 2564 dictum

339 2570 492 2596 autumat
510 2565 550 2596 ab
567 2575 618 2605 eo,
639 2566 727 2605 quod
743 2571 805 2605 est,
821 2567 829 2582 ‘
841 2565 992 2603 molere‚’
1008 2564 1200 2606 significatu
1218 2563 1331 2603 tm·pi;
1355 2561 1476 2593 itidem
1498 2559 1658 2590 inductus
1681 2557 1794 2589 verbis

337 2608 521 2646 Plautinis,
544 2609 610 2639 loc.
628 2610 685 2640 cit.
701 2609 887 2649 itidemque
902 2609 1050 2639 molendis
1066 2610 1194 2648 legens.
1239 2606 1368 2637 Merito
1384 2610 1500 2635 aurem
1516 2601 1656 2650 vapulat
1677 2610 1697 2631 a
1712 2601 1796 2632 Bar-

339 2651 420 2691 thio,
439 2651 583 2682 Advers.
600 2661 668 2682 xu.
687 2655 738 2683 10.
786 2652 968 2682 Comuntur.
1000 2652 1048 2682 M.
1063 2654 1235 2682 conumtur.
1280 2649 1335 2680 Ita
1362 2651 1398 2678 et
1422 2646 1468 2678 G.
1485 2645 1523 2676 F.
1550 2645 1707 2697 legit-ex,
1726 2644 1798 2694 MS.

339 2695 398 2725 sed
413 2699 447 2725 et
465 2698 519 2725 est
535 2694 566 2724 iu
584 2694 683 2725 Bodl.
702 2700 736 2725 et
753 2694 852 2725 editis
865 2694 1012 2735 antiquis
1026 2705 1034 2733 ;
1052 2704 1152 2735 quam
1162 2692 1344 2724 lectionem
1359 2689 1518 2721 Bai-thius
1533 2688 1598 2718 loc.
1614 2690 1675 2717 cit.
1687 2697 1727 2736 ἐκ
1741 2698 1798 2716 του

340 2741 505 2769 contuntur
532 2742 645 2768 natam
679 2737 867 2775 existimat,
900 2738 1062 2777 legitque,
1097 2740 1257 2767 conantur.
1312 2734 1442 2765 Firmat
1471 2738 1585 2762 autem
1615 2730 1797 2760 lectionem

342 2780 491 2812 Advers.
507 2789 581 2812 xiv.
600 2784 629 2812 l.
648 2780 759 2811 verbis
773 2779 921 2820 Virgilii,
938 2780 1078 2811 AEu.1v.
1096 2782 1169 2811 133.
1193 2780 1202 2796 ‘
1217 2778 1382 2818 Reginam
1406 2775 1554 2807 thalamo
1575 2775 1796 2804 cunctantem
