1966 3302
322 225 406 268 530
821 237 862 265 P.
894 236 1134 266 ΤΕκΕΝἰίι
1172 236 1284 268 AFRt

323 332 536 383 Obsecro,
571 331 765 383 Gnatho,
794 332 838 373 in
869 337 912 373 te
944 345 1047 387 spes
1077 336 1158 375 est.
1220 332 1313 374 GN.
1346 332 1467 383 Quid
1497 333 1567 375 vis
1587 333 1777 375 faciam?

493 401 589 442 ΤΗ.
617 400 787 442 Perfice
807 400 892 441 hoc

322 469 558 519 Precibus,
581 470 739 522 pretio,
761 473 810 509 ut
829 469 1023 511 haeream
1051 469 1096 509 in
1129 473 1254 522 parte
1285 468 1438 522 aliqua
1466 467 1643 510 tandem
1662 467 1781 522 apud

493 536 725 578 Thaidem.
855 589 865 596 '
1664 561 1667 564 -
1721 535 1780 576 25

323 604 417 646 GN.
449 604 643 646 Difficile
665 608 743 645 est.
802 603 893 645 ΤΗ.
925 604 974 645 Si
996 604 1103 659 quid
1126 604 1344 654 collibuit,
1375 603 1482 645 novi
1512 607 1569 644 te.
1613 602 1720 644 Hoc
1742 603 1781 643 si

495 671 703 721 effeceris,

323 740 526 792 Quodvis
564 740 729 781 donum
762 744 807 782 et
840 740 1072 793 praemium
1106 753 1134 781 a
1167 753 1236 781 me
1279 742 1449 793 optato,
1495 738 1543 779 id
1575 740 1781 791 optatum

494 809 622 849 feres.

325 877 419 919 GN.
451 877 610 918 Itane?
681 877 774 917 ΤΗ.
805 876 881 918 Sic
911 876 1005 918 erit.
1066 874 1161 917 GN.
1193 875 1242 916 Si
1280 873 1424 916 efficio
1452 873 1554 924 hoc,
1586 874 1780 931 postulo,

494 949 547 984 ut
566 944 673 985 mihi
694 948 768 985 tua
789 944 963 995 domus,

321 1058 410 1086 tanto
435 1055 537 1093 magis
561 1065 663 1086 amore
687 1055 790 1087 ardeo.
839 1055 987 1087 Obeestor
1009 1058 1049 1095 le,
1077 1055 1216 1092 Gnatho,
1241 1063 1360 1085 omnem
1374 1063 1458 1094 spem
1473 1053 1506 1084 in
1521 1057 1550 1085 te
1564 1052 1663 1094 posui.
1709 1052 1780 1085 GN.

326 1099 411 1134 Quid
425 1099 472 1129 vis
474 1098 616 1137 faciam?
659 1099 732 1129 ΤΗ.
757 1098 878 1140 Perfice
891 1098 1044 1139 precibus,
1055 1098 1165 1139 pretio,
1181 1101 1215 1128 ut
1231 1097 1309 1127 mihi
1323 1098 1435 1138 aliquis
1448 1098 1530 1127 locus
1545 1097 1669 1128 tandem
1687 1100 1783 1127 restet

321 1145 436 1178 cer-lus,
461 1141 495 1172 *in
517 1151 619 1171 amore
643 1141 780 1172 Thaidis.
826 1141 895 1172 GN.
915 1141 1106 1182 Difficillime
1129 1142 1162 1172 id
1174 1140 1254 1181 fieri
1276 1143 1386 1180 potest.
1432 1141 1500 1171 ΤΗ.
1526 1139 1607 1171 Νουί
1622 1139 1783 1178 ingenium

323 1188 410 1215 tuum
421 1195 432 1221 ;
459 1184 487 1214 si
503 1184 561 1214 tibi
576 1183 650 1224 quid
662 1185 774 1224 placet,
788 1184 821 1214 id
835 1184 934 1222 facile
950 1184 1044 1225 efficis
1055 1195 1065 1214 .·
1087 1184 1115 1214 si
1131 1185 1186 1214 hoc
1201 1182 1278 1213 mihi
1292 1184 1420 1223 adeptus
1426 1182 1544 1221 fueris,
1561 1181 1696 1220 cujusvis
1710 1182 1783 1212 doni

323 1231 353 1257 et
367 1227 491 1267 praemii
506 1227 657 1267 optionem
672 1227 730 1257 tibi
757 1228 805 1257 do.
855 1228 950 1267 Opta,
963 1231 1102 1267 optatum
1116 1237 1134 1257 a
1149 1236 1195 1257 me
1211 1226 1351 1267 accipies.
1398 1225 1466 1256 GN.
1492 1225 1583 1256 Itane
1597 1225 1668 1256 ais?
1712 1225 1783 1256 ΤΗ.

322 1271 396 1302 Aio.
442 1271 512 1302 GN.
535 1269 573 1301 Si
584 1270 639 1301 hoc
654 1270 761 1311 efficio,
773 1271 894 1310 postulo
910 1273 945 1301 ut
960 1273 1022 1301 tuae
1034 1271 1140 1301 domus
1156 1269 1233 1301 mihi.
1247 1279 1367 1310 semper
1374 1268 1464 1306 fores
1479 1271 1594 1310 apertae
1608 1267 1673 1299 sint
1683 1278 1696 1306 ;
1718 1268 1782 1299 sive

938 1365 1172 1377 ‘mmsteb

326 1444 407 1475 ergo
422 1434 502 1465 illud
520 1437 586 1472 est,
614 1433 703 1464 Hec.
721 1442 761 1464 11.
779 1432 873 1464 Prol.
888 1442 937 1464 vs.
954 1434 1006 1463 40.
1030 1433 1169 1464 ‘Facite
1184 1435 1221 1462 ut
1249 1436 1364 1463 vestra
1388 1430 1573 1462 auctoritas
1595 1430 1686 1462 Meae
1704 1440 1783 1463 auc-

326 1478 458 1510 toritati
475 1476 603 1508 fautrix
621 1476 836 1517 adjutrixque
854 1475 922 1506 sit.'
969 1476 1146 1515 Ceterum,
1171 1479 1248 1515 post
1271 1476 1280 1492 ‘
1293 1473 1454 1514 familiae‚'
1481 1483 1525 1505 ex
1541 1473 1694 1505 omnibus
1708 1473 1781 1505 fere

324 1521 420 1552 libris
436 1525 470 1552 et
481 1520 570 1552 Edd.
588 1524 671 1551 vett.
691 1528 791 1560 pone,
817 1518 897 1558 Hui,
922 1518 1007 1548 Mihi
1022 1519 1253 1549 illamlauclas?
1297 1517 1398 1549 Quod
1421 1517 1559 1556 egregie
1579 1516 1683 1557 juvat
1707 1526 1784 1548 sen-

326 1564 478 1595 tentiam.
508 1564 600 1594 Bent.
649 1563 727 1593 Riv.
753 1562 836 1599 Hui,
857 1561 934 1592 milti
949 1561 1036 1592 illam
1052 1559 1184 1592 laudas?
1209 1559 1351 1600 praefert
1367 1570 1408 1590 ex
1426 1559 1524 1590 codd.
1541 1559 1785 1591 emendatiori·

326 1607 400 1638 bus.
446 1607 513 1637 Ms.
539 1606 632 1646 Lips.
649 1608 762 1646 quanto
778 1605 881 1635 minus
894 1604 958 1643 spei
969 1608 1013 1635 est
1031 1604 1117 1634 mihi.
1144 1604 1253 1634 West.
1299 1603 1386 1634 Mihi
1401 1600 1653 1641 illa1nlaudas2]
1679 1603 1783 1634 Bent-

325 1660 367 1682 ex
385 1650 467 1681 libb.
497 1659 522 1680 s.
549 1649 631 1679 Hui.
656 1649 722 1679 Sed
746 1647 857 1679 omitt.
884 1647 943 1679 Fa.
974 1647 1082 1677 West.
1107 1646 1206 1677 Lind.
1231 1646 1273 1677 al.
1296 1647 1385 1677 Perl.
1408 1645 1463 1686 qui
1491 1649 1589 1676 notat
1614 1644 1685 1675 Hui
1706 1645 1785 1676 mihi.

324 1693 440 1733 legere
457 1691 573 1724 Guelf.
591 1694 621 1722 1.
666 1691 753 1722 Mihi
771 1691 919 1721 Thaidem
941 1689 1027 1720 illum
1051 1691 1158 1720 laudus
1181 1689 1318 1720 videtur
1342 1688 1464 1728 legisse
1493 1688 1582 1727 Eug.
1629 1688 1699 1719 Dat
1724 1688 1784 1720 ΒΓ.

325 1737 393 1773 hac,
410 1736 528 1773 frater,
542 1739 608 1773 tuo,
625 1739 660 1765 et
673 1735 757 1765 omni
772 1737 828 1768 est,
845 1738 880 1764 et
900 1733 966 1763 Hui
978 1732 1067 1770 mihi,
1090 1736 1126 1763 et
1140 1735 1253 1773 quanto
1270 1732 1371 1762 minus
1387 1731 1464 1762 mihi
1477 1731 1543 1771 spei
1556 1733 1614 1762 est.
1659 1731 1786 1771 Delph-

325 1784 361 1810 et
378 1780 457 1818 Bip.
474 1778 641 1809 claudunt
658 1786 791 1807 versum
807 1779 859 1807 20.
880 1785 965 1806 voce
982 1776 991 1793 ‘
1008 1775 1175 1814 Gaudeo‚¹
1192 1781 1226 1806 et
1243 1774 1327 1806 dant
1342 1775 1410 1810 huc,
1425 1774 1543 1812 [ναίον.
1559 1777 1624 1804 tua.
1658 1773 1783 1814 Delph.

324 1822 455 1853 claudit
471 1831 605 1852 versum
623 1823 677 1851 22.
694 1819 808 1851 verbis
824 1819 895 1850 Hui
908 1819 996 1858 mihi,
1011 1823 1047 1849 et
1064 1817 1199 1848 ordinat
1214 1821 1328 1858 quanto
1340 1818 1404 1857 spei
1417 1820 1463 1847 est
1475 1815 1583 1847 minu'.
1628 1815 1709 1856 Bip.
1725 1815 1786 1847 dat

325 1866 408 1896 omni
423 1868 482 1903 est,
503 1868 539 1894 et
553 1864 713 1895 terminat
727 1871 862 1894 versum
877 1864 931 1893 22.
949 1870 1032 1892 voce
1048 1861 1130 1892 Hui.
1176 1861 1268 1891 Dant
1295 1861 1396 1891 Bent.
1424 1864 1460 1890 et
1483 1859 1587 1890 Both.
1610 1858 1694 1890 omni
1719 1862 1786 1890 est.-

324 1915 360 1938 et
376 1908 541 1939 claudunt
557 1916 691 1937 versum
708 1908 761 1938 22.
779 1914 862 1936 voce
880 1904 959 1935 Hui.
1005 1905 1075 1935 Dat
1092 1909 1126 1934 et
1143 1903 1244 1934 Both.
1259 1906 1373 1943 quanto
1386 1912 1439 1943 spe
1455 1902 1568 1940 minus,
1590 1902 1714 1933 omisso
1728 1905 1787 1934 est.

326 1953 334 1968 ‘
354 1949 518 1991 Dignius’
549 1950 718 1980 collocant
735 1949 767 1979 in
785 1957 886 1979 versu
910 1950 964 1979 22.
989 1947 1092 1978 Bent.
1116 1947 1218 1977 Both.
1234 1946 1327 1976 Perl.
1346 1951 1380 1976 et
1400 1946 1482 1976 dant
1500 1945 1568 1984 hac,
1581 1943 1702 1984 frater,
1717 1947 1782 1976 tuo.

325 1997 409 2025 -24
436 1992 522 2029 Quid
536 1993 606 2023 cis?
619 1992 750 2030 faciam.
796 1991 852 2022 Ita
865 1990 948 2021 dant
965 1990 1046 2020 Par.
1063 1990 1244 2021 Perl.—25
1271 1988 1421 2028 Tandem]
1444 1987 1501 2019 Ita
1517 1987 1600 2028 legit
1614 1987 1787 2028 Semnus,

325 2037 418 2068 Nod.
436 2037 508 2067 Cic.
526 2045 577 2066 xv.
593 2038 644 2066 18.
679 2033 884 2066 Gebhardus
900 2036 1014 2073 tamen,
1036 2033 1078 2063 ad
1095 2031 1269 2064 Ciceronis
1296 2032 1388 2062 Fam.
1406 2039 1474 2062 vn.
1490 2033 1543 2061 31.
1572 2030 1672 2062 Wesl.
1716 2030 1788 2062 Ali-

324 2090 384 2120 qua
409 2081 443 2110 in
464 2082 553 2119 parte
581 2082 684 2109 tamen
711 2077 838 2116 Delph.
883 2076 924 2107 In
948 2079 1037 2116 parte
1064 2078 1099 2106 ut
1125 2075 1257 2105 hoeream
1283 2074 1473 2106 Rom—26
1496 2074 1576 2104 Duo
1604 2072 1727 2106 Leidd.
1749 2079 1787 2105 et

326 2123 448 2153 Boend.
465 2121 503 2152 Si
518 2122 591 2162 quid
605 2121 744 2152 collibuit
759 2120 831 2159 tibi,
854 2123 899 2150 est
914 2118 1025 2157 facile,
1048 2118 1119 2149 novi
1133 2122 1176 2149 te.
1193 2118 1302 2148 West.
1349 2117 1415 2148 Hic
1433 2116 1553 2156 optimi
1570 2115 1695 2147 Faerni
1710 2115 1787 2147 dili-

326 2165 477 2206 gentiam
495 2164 663 2195 desidero.
709 2163 828 2195 Codex
846 2162 934 2193 enim
953 2161 1149 2199 Bembinus,
1169 2161 1245 2201 ipso
1262 2160 1392 2191 Bembo
1408 2164 1512 2199 teste,
1533 2169 1601 2190 non
1625 2158 1789 2199 conlibuit,

327 2214 363 2239 nt
381 2209 500 2247 nostri,
523 2206 582 2237 sed
599 2206 777 2238 conlibitum
802 2206 920 2237 habet.
969 2205 1141 2242 Donatus,
1164 2208 1232 2234 tam
1257 2203 1290 2233 in
1317 2202 1405 2234 Edd.
1431 2206 1516 2233 vett.
1543 2211 1644 2243 quam
1667 2201 1786 2233 codice

326 2251 478 2290 scripto:
504 2251 512 2267 ‘
530 2249 650 2290 Siquid
681 2249 742 2280 tibi
774 2248 964 2280 collibitum
991 2247 1066 2286 est‚'
1098 2246 1260 2286 Ellipsis:
1297 2255 1358 2285 pro
1389 2245 1504 2286 Siquid
1528 2245 1699 2276 collibitum
1728 2248 1786 2282 est,

326 2295 432 2336 efficis.
479 2294 620 2332 Repone
637 2302 732 2331 ergo,
756 2291 895 2333 Difficile
910 2295 967 2322 est.
1005 2289 1116 2330 Siquid
1130 2289 1342 2324 collibitumst.
1364 2288 1435 2318 novi
1449 2291 1490 2319 te.
1516 2288 1619 2318 Beut.
1663 2286 1786 2326 Siquid

325 2337 496 2368 collibitum
512 2335 568 2375 'st]
591 2335 647 2366 Ita
663 2335 726 2366 Do.
743 2335 795 2375 [et
811 2335 913 2365 Both.
930 2338 965 2364 et
982 2333 1053 2374 ipse
1072 2332 1182 2372 Perl.]
1229 2331 1411 2361 Collibitum
1436 2334 1482 2361 est
1494 2329 1594 2366 facile
1619 2328 1736 2361 Guelf.
1752 2333 1784 2361 2.

325 2380 453 2420 Siquid
475 2378 533 2410 tibi
548 2381 578 2409 3.
597 2384 631 2409 et
647 2378 785 2417 cognovi.
810 2377 989 2407 Fert—27
1016 2375 1155 2411 Quodvis
1179 2376 1291 2405 donum
1311 2378 1340 2404 el
1363 2373 1524 2412 proemium
1545 2382 1564 2403 a
1590 2382 1637 2403 me
1662 2372 1785 2413 optato]

329 2423 470 2453 Lectum
488 2422 565 2452 olim
594 2421 697 2452 etiam
722 2419 904 2457 ἀσυνδέτως,
929 2423 1017 2449 teste
1047 2418 1193 2448 Donato.
1239 2417 1284 2447 Et
1311 2417 1359 2446 ita
1375 2415 1514 2446 exhibet
1529 2414 1635 2446 editio
1651 2414 1787 2455 Aldina,

327 2469 364 2495 et
382 2465 536 2505 quaedam
555 2464 640 2494 aliae.
686 2464 772 2494 Sunt
788 2462 877 2501 libri,
894 2462 925 2491 in
944 2461 1065 2502 quibus
1082 2465 1147 2499 est,
1159 2462 1273 2490 donum
1291 2459 1326 2490 in
1351 2458 1523 2498 praemium.
1569 2457 1610 2488 In
1627 2457 1714 2497 aliis,
1733 2459 1785 2489 ‹10-

327 2518 400 2538 num
416 2518 434 2537 a
451 2518 496 2538 me
519 2510 549 2537 et
574 2506 737 2546 praemium
752 2508 868 2545 optato.
891 2505 999 2535 West.
1046 2503 1173 2534 Contra
1191 2501 1317 2532 Donati
1340 2501 1595 2532 distinctionem
1611 2499 1697 2531 facit
1710 2500 1785 2540 ipse

329 2550 514 2580 Terentius
532 2559 646 2589 supra,
663 2558 703 2579 11.
720 2551 749 2579 3.
767 2551 818 2579 60.
831 2550 883 2578 61.
900 2549 952 2578 63.
970 2550 1022 2578 66.
1059 2546 1207 2576 Consule
1233 2545 1463 2575 Burmannum
1488 2543 1530 2574 ad
1556 2543 1623 2575 Ov.
1639 2543 1727 2574 Met.
1744 2552 1784 2575 11.

328 2596 382 2623 44.
429 2593 478 2623 Id.
495 2593 527 2622 in
552 2592 633 2623 Add.
674 2593 810 2627 Donum,
835 2589 900 2630 qun]
927 2589 978 2620 ΑΙ.
1006 2593 1048 2619 et.
1075 2588 1222 2619 Extrud.
1241 2588 1320 2618 Par.
1341 2587 1431 2617 Mur.
1449 2587 1553 2617 Bent.
1570 2587 1612 2616 al.
1639 2586 1785 2616 Lectum

328 2637 406 2666 olim
436 2633 618 2665 ἀσυνδέτως.
646 2635 729 2664 Peri.
773 2633 877 2672 Vulg.
904 2632 1041 2667 Quodvis
1064 2633 1175 2662 donum
1203 2635 1233 2661 et
1260 2639 1310 2670 pr.
1339 2629 1467 2670 putide.
1500 2629 1601 2659 Bent.
1628 2628 1784 2668 copulam

331 2679 490 2709 ‹nnittere
507 2679 587 2707 satis
610 2677 736 2707 lmbuit.
782 2676 879 2706 Both.
904 2675 959 2714 qui
975 2675 1034 2705 dat
1053 2674 1191 2709 Quodvis
1205 2674 1316 2704 donum
1337 2672 1465 2712 praemio
1479 2681 1498 2702 a
1522 2681 1580 2708 me,
1595 2672 1649 2711 ᾇτ’.
1674 2671 1785 2702 Notat

331 2721 467 2751 Rruus:
513 2722 522 2736 ‘
542 2719 694 2758 Quodvis]
719 2719 834 2750 Mutat
850 2719 883 2748 in
903 2717 1058 2752 Quidvis!
1109 2718 1148 2747 Ee
1173 2716 1334 2747 omittunt
1356 2716 1412 2745 ΒΓ.
1430 2715 1517 2754 Eug.
1543 2713 1621 2753 Bip.
1645 2713 1785 2744 Peri.—

331 2767 372 2794 28
397 2763 543 2796 Quidam
565 2762 653 2800 libri,
679 2765 714 2792 ut
742 2764 795 2791 lua
821 2761 899 2791 mihi
924 2762 1048 2790 domus:
1072 2759 1275 2799 elegantius.
1304 2758 1403 2789 Wesl.
1447 2756 1553 2787 Sihoc
1567 2755 1679 2798 efficio]
1704 2756 1741 2787 L.
1758 2766 1783 2787 ι.

331 2812 366 2837 et
386 2807 549 2845 Donatus,
565 2805 600 2835 Si
616 2805 711 2846 efficio
728 2804 793 2835 hoc.
818 2804 876 2835 Fa.
921 2803 1038 2834 Nostri
1053 2812 1189 2843 quoque
1206 2810 1321 2832 omnes
1347 2800 1443 2843 efficio
1461 2799 1536 2838 hoc,·
1568 2805 1602 2831 et
1619 2799 1708 2832 bona
1730 2808 1785 2831 eo·
