1966 3302
587 207 801 237 HECYRAE
834 207 942 236 ACT.
977 206 1040 235 iv.
1072 207 1140 237 sc.
1176 207 1205 236 ι.
1535 198 1619 238 865

167 302 531 352 Exeuntem‚'aut
548 302 840 342 introeuntem
862 302 919 342 ad
940 301 1143 342 amicam.
1184 299 1306 350 Quid
1329 303 1416 341 tum
1441 306 1614 353 postea,

167 372 216 412 Si
235 371 433 412 modeste
451 383 502 410 ac
523 382 622 410 raro
645 369 731 409 hoc
754 369 890 410 fecit?
922 383 1066 410 nonne
1084 382 1136 410 ea
1157 368 1431 410 dissimulare
1446 382 1530 409 nos

167 438 317 492 Magis
346 438 578 478 humanum
600 441 684 486 est,
708 449 839 489 quam
860 436 964 476 dare
986 450 1182 489 operam,
1205 436 1252 477 id
1273 437 1401 486 scire,
1438 437 1513 490 qui
1535 450 1616 478 nos

337 505 509 546 oderit?

167 573 286 615 Nam
305 574 345 614 si
366 573 404 613 is
426 577 579 626 posset
599 572 655 613 ab
678 585 733 612 ea
753 584 851 612 sese
872 571 1104 625 derepente
1125 573 1330 623 avellere,

166 640 356 691 Quicum
377 643 442 680 tot
461 643 720 681 consuesset
740 651 895 689 annos,
914 652 1001 680 non
1019 653 1118 680 eum
1140 640 1357 681 hominem
1374 641 1590 689 ducerem,

164 707 263 749 Nec
280 708 422 749 virum
444 707 552 748 satis
573 706 744 748 firmum
766 711 927 760 gnatae.
966 706 1103 747 MYR.
1127 707 1254 749 Mitte
1273 708 1616 758 adolescentem,

337 775 540 824 obsecro,
1559 776 1616 817 41

164 842 221 883 Et
240 855 340 896 quae
362 855 431 883 me
451 854 668 896 peccasse
689 843 770 884 ais.
830 841 948 885 Abi:
979 843 1122 884 solum
1145 843 1269 885 solus
1297 845 1499 887 conveni.

165 910 309 964 Roga,
329 910 508 961 velitne,
526 923 584 951 an
603 923 707 960 non,
727 923 916 952 uxorem
934 924 943 952 ε
974 911 1013 952 si
1034 915 1116 962 est,
1134 915 1181 952 ut
1201 911 1319 954 dicat
1339 912 1455 954 velle
1477 928 1538 964 se,

163 1053 278 1095 aliquo,
292 1056 346 1095 qui
366 1054 499 1094 referret
519 1066 551 1087 se
574 1066 642 1087 eum
656 1056 773 1088 vidisse
787 1056 1015 1096 ingredientem
1029 1058 1152 1088 domum
1166 1059 1287 1098 dmiccc,
1301 1061 1357 1089 aut
1372 1059 1445 1090 inde
1457 1060 1617 1098 egredien-

162 1099 237 1128 tem.
286 1099 372 1134 Quid
401 1102 467 1129 tum
492 1103 622 1139 postea?
650 1100 725 1139 quid
750 1100 823 1130 inde
844 1103 952 1140 postea
975 1101 1200 1138 conjiciendum
1222 1106 1269 1132 est
1293 1102 1378 1138 moli,
1403 1102 1430 1132 si
1450 1104 1619 1142 moderate,

163 1141 373 1180 mediocriter,
387 1151 444 1173 ‘nec
457 1142 564 1172 crebro
578 1142 611 1172 id
617 1142 700 1180 fecit
711 1146 724 1173 ,⁹
756 1143 867 1173 Nonne
881 1144 983 1181 magis
998 1143 1164 1175 hamanum
1180 1147 1238 1183 est,
1252 1154 1306 1175 nos
1326 1145 1367 1174 ad
1382 1155 1418 1176 ea
1433 1146 1595 1176 connivere
1607 1157 1617 1181 ;

162 1192 254 1221 qaam
268 1183 416 1224 affectare
431 1194 485 1215 nos
498 1185 532 1215 id
545 1185 639 1224 scire,
653 1186 734 1216 unde
747 1185 846 1225 ipsius
860 1187 1024 1216 adversum
1038 1196 1093 1216 nos
1107 1187 1211 1217 odium.
1233 1187 1464 1228 suscipiamus?
1488 1189 1574 1219 Nam
1588 1190 1618 1219 si

162 1225 191 1255 is
204 1230 306 1265 posset
320 1226 420 1258 subito
435 1228 474 1258 ab
489 1237 525 1258 ea
540 1238 573 1259 se
588 1228 767 1259 abstrahere
791 1238 859 1259 cum
880 1239 940 1269 qua
962 1229 1082 1260 tamdiu
1097 1230 1348 1261 consuetudinem
1370 1231 1540 1268 habuisset,
1555 1242 1616 1262 non

163 1277 233 1298 eum
248 1278 314 1300 esse
327 1269 479 1301 hominem
494 1271 694 1310 aestimarem,
705 1281 760 1302 nec
773 1271 922 1302 maritum
933 1271 1144 1313 sutisfidelem
1155 1273 1369 1315 nostroefilioe.
1396 1275 1474 1305 Mv.
1495 1275 1616 1305 Omitte

163 1319 273 1350 precor
289 1313 370 1352 loqui
385 1313 423 1343 de
437 1314 642 1353 adolescente,
657 1318 688 1344 et
711 1315 748 1345 de
771 1314 811 1344 iis
832 1325 899 1354 quoe
916 1315 996 1345 male
1009 1315 1126 1352 secisse
1140 1316 1231 1346 dicis.
1278 1316 1341 1346 Abi
1356 1317 1440 1357 hinc,
1453 1321 1485 1348 et
1499 1321 1617 1349 secreto

162 1353 230 1384 sine
242 1354 372 1386 arbitris
386 1365 454 1386 cum
471 1356 634 1397 Pamphilo
648 1357 815 1397 colloquere
828 1367 840 1393 ;
857 1367 962 1397 quaere
976 1357 1014 1388 ab
1030 1367 1076 1397 eo,
1091 1359 1206 1389 velitne
1224 1359 1440 1390 Philumenam
1455 1361 1620 1401 reciperet,

162 1405 203 1427 an
219 1406 290 1429 non.
338 1397 378 1430 Si
391 1399 561 1439 contingit,
575 1403 611 1431 ut
627 1400 711 1431 dicat
725 1410 758 1431 se
772 1401 862 1440 velle,
877 1401 972 1432 redde
987 1411 1054 1432 eam
1067 1411 1195 1432 uxorem
1209 1403 1287 1434 viro.
1334 1403 1393 1434 Sin
1408 1407 1510 1434 autem
1522 1408 1617 1444 negat

760 1484 999 1497 eeeeeeeeeeee

163 1550 204 1580 37
231 1548 401 1588 Hoecfacit
417 1549 461 1581 G.
487 1550 559 1581 ΕΡ.
584 1551 643 1582 Br.
665 1555 701 1583 et
722 1552 733 1569 ⁴
747 1551 834 1590 facit
849 1552 934 1583 Mss.
952 1556 987 1583 et
1003 1551 1159 1593 impressi
1175 1551 1339 1593 quidam!
1368 1553 1467 1586 West.
1509 1555 1617 1586 ‘Per-

162 1601 279 1632 peram
296 1602 331 1623 ea
347 1602 486 1623 numero
508 1594 651 1633 plurali;
675 1604 751 1626 cum
779 1595 957 1635 praecedat
982 1595 1064 1631 Hoc,
1088 1599 1123 1626 et
1150 1595 1378 1637 subsequatur
1405 1597 1454 1628 Id.
1500 1599 1615 1630 Quare

161 1639 257 1665 recte
282 1635 424 1675 ejiciunt
448 1645 482 1667 ea
499 1637 606 1667 nostri
622 1637 756 1668 codices
772 1648 896 1678 magno
913 1638 1102 1670 consensu!
1126 1639 1222 1669 Bent.
1267 1640 1318 1670 Ea
1344 1639 1505 1672 omittunt
1532 1641 1618 1674 Bod.

164 1678 210 1709 G.
226 1677 342 1709 Guelf.
358 1681 387 1709 1.
404 1679 461 1709 ΒΓ.
481 1680 577 1710 noth.
609 1690 644 1710 ea
660 1685 776 1712 tuetur
793 1682 884 1712 Perl.
909 1681 988 1722 quia
1006 1681 1016 1698 ‘
1030 1682 1153 1722 plurali
1170 1681 1279 1712 Poeta
1297 1682 1403 1713 utitur
1418 1682 1496 1714 infr.
1510 1693 1546 1714 v.
1563 1688 1617 1716 46.

163 1725 199 1751 et
212 1729 304 1761 supr.
321 1719 505 1752 ¹1.2.⁷-—38
528 1722 617 1753 Scire
632 1724 734 1761 magis
746 1724 912 1755 humanum
927 1727 971 1754 est
985 1734 1075 1764 quam
1090 1726 1165 1755 dare
1177 1735 1300 1765 operum
1314 1725 1347 1756 id
1363 1726 1416 1765 qui
1436 1736 1490 1756 nos
1504 1728 1616 1759 oderit.

163 1763 242 1805 Bip.
257 1763 351 1804 cujus
366 1763 441 1794 haec
459 1769 511 1796 est
527 1771 607 1796 nota
624 1777 632 1797 :
657 1771 666 1784 ‘
680 1767 793 1806 Vulgo
811 1776 926 1798 versus
943 1767 991 1798 sic
1008 1767 1207 1799 ordinatur:
1230 1768 1332 1806 magis
1345 1768 1427 1799 hum.
1444 1773 1504 1809 est,
1525 1780 1617 1810 qnam

162 1806 238 1836 dare
251 1816 300 1846 op.
316 1807 351 1837 id
365 1807 454 1845 scire,
477 1808 530 1848 qui
552 1819 608 1840 nos
631 1809 754 1846 oderit;
778 1809 812 1840 in
841 1819 906 1850 qno
935 1810 1139 1850 exponendo
1166 1810 1323 1841 laborant
1348 1812 1497 1852 interpp.
1524 1814 1614 1845 Don.

161 1848 297 1889 quidem
314 1849 395 1880 nihil
418 1849 531 1888 affert,
556 1852 645 1882 unde
670 1861 802 1883 versum
827 1862 1029 1892 sensumque
1057 1853 1131 1893 ejus
1154 1853 1303 1890 ordines,
1326 1854 1391 1884 nisi
1415 1855 1511 1886 haec:
1537 1857 1617 1895 Qui,

161 1892 251 1922 unde
267 1893 314 1923 vel
329 1893 560 1933 quamobrem.
605 1895 650 1925 Et
665 1898 747 1926 recte
760 1906 773 1933 ;
795 1905 883 1926 nemo
898 1896 981 1926 enim
1004 1897 1119 1935 dolens,
1142 1898 1221 1936 quod
1238 1907 1295 1927 non
1311 1900 1446 1935 amatur,
1468 1900 1500 1928 id
1519 1898 1617 1939 facit,

159 1944 217 1973 quo
233 1935 334 1974 magis
347 1936 414 1966 odz'o
430 1936 484 1967 sit.
531 1937 690 1968 Dacieria
716 1937 758 1968 ad
784 1939 871 1969 hanc
898 1943 1047 1969 mentem
1075 1939 1157 1970 satis
1185 1940 1325 1980 pulchre
1342 1940 1613 1981 interpretatur:

162 1977 214 2007 Ne
226 1977 370 2008 vaudroit
383 1978 408 2008 ic
419 1989 478 2018 pas
492 1980 599 2010 mienx
612 1980 787 2012 dissimulet·
800 1982 876 2020 cela,
899 1992 956 2021 quc
970 1982 1009 2012 de
1015 1981 1103 2020 faire
1117 1985 1185 2013 tant
1200 1983 1237 2014 de
1253 1983 1348 2021 bruit,
1368 1983 1431 2024 afin
1447 1984 1526 2024 qn’il
1541 1996 1615 2015 nous

159 2019 270 2050 haisse.
314 2020 440 2051 Verum
462 2022 509 2053 sir:
524 2021 562 2052 τὸ
576 2024 656 2054 scire
672 2024 771 2064 vulgo
786 2025 875 2055 male
891 2024 1119 2063 interponitur
1135 2024 1277 2056 dictioni
1293 2027 1372 2057 Ter.
1395 2028 1469 2057 dare
1492 2038 1615 2067 operam

159 2062 206 2102 id,
227 2062 279 2102 qui
295 2061 374 2104 (pro
389 2073 447 2103 quo
463 2074 489 2096 5.
506 2069 564 2101 ut3
588 2065 635 2097 cf.
651 2065 759 2098 Andr.
776 2076 815 2098 11.
829 2069 859 2098 1.
874 2070 904 2098 7.
921 2071 957 2098 et
975 2066 1024 2108 8.)
1039 2067 1128 2098 unde
1145 2067 1303 2109 delapsus
1324 2073 1374 2099 est
1389 2069 1526 2101 Fabrini
1543 2070 1615 2111 (cui

161 2104 298 2137 accedit
315 2106 499 2148 western.)
516 2108 557 2138 ad
574 2108 672 2138 aliam
688 2109 865 2148 rationem,
887 2110 980 2151 quasi
1005 2120 1122 2141 sensus
1139 2112 1200 2142 sit:
1226 2121 1326 2152 quam
1354 2110 1435 2142 dare
1460 2122 1613 2154 operam,

159 2152 197 2178 ut
214 2147 422 2189 proferatur,
445 2154 551 2190 utque
566 2150 695 2181 inimici
710 2152 818 2183 nostri
835 2152 870 2183 id
886 2152 1009 2192 sciant,
1032 2158 1134 2194 atque
1151 2155 1326 2185 laetentur.
1370 2155 1498 2186 Verum
1514 2166 1614 2188 nemo

160 2199 307 2231 unquam
329 2192 404 2223 dare
417 2202 542 2232 operam
566 2195 739 2234 conjunxit
754 2204 830 2226 cum
848 2195 914 2226 alio
932 2196 1035 2226 verbo
1051 2196 1195 2236 infinito,
1218 2198 1250 2228 z'd
1272 2198 1351 2228 scire
1366 2197 1484 2239 (alios)
1502 2209 1562 2238 pro
1580 2204 1613 2230 ut

160 2233 273 2273 sciant,
295 2234 346 2274 qui
372 2244 427 2264 nos
448 2236 582 2273 oderint,
605 2241 642 2267 et
657 2236 707 2267 sic
724 2238 876 2278 oportuit
902 2237 969 2270 dici
996 2240 1137 2270 oderunt.
1180 2239 1233 2271 Ac
1257 2241 1357 2280 paulo
1383 2246 1463 2272 ante
1480 2242 1614 2274 dixvrat

161 2275 276 2316 poe'ta,
297 2286 332 2308 ea
347 2276 450 2317 (quod
467 2278 581 2308 Bentl.
598 2283 728 2310 temere
742 2281 848 2319 delet,
871 2280 951 2311 nihil
968 2286 1159 2312 ceterorum
1169 2282 1343 2324 judicans)
1357 2284 1431 2314 diss.
1448 2295 1512 2320 nos,
1531 2285 1561 2316 li.
1581 2296 1611 2317 e.

161 2322 199 2349 ut
217 2319 309 2351 Don.
333 2320 392 2358 ait,
407 2320 619 2359 ignorantiam
634 2322 771 2363 fingere.
817 2323 940 2364 Itaque
957 2324 1096 2355 tandem
1110 2324 1148 2355 τὸ
1162 2326 1253 2365 scire,
1278 2326 1367 2367 quod
1393 2327 1466 2358 loco
1484 2335 1612 2360 motuni

160 2367 247 2401 erat,
270 2362 304 2392 in
321 2371 398 2393 suos
415 2368 558 2403 penates
574 2365 778 2401 reducimus,
802 2375 844 2396 ne
868 2367 1010 2406 amplius
1034 2367 1068 2398 in
1092 2368 1201 2399 alieno
1227 2369 1342 2400 turbas
1367 2369 1437 2401 det.
1482 2371 1610 2402 Verum

161 2414 244 2436 sane
260 2408 314 2436 est
329 2405 405 2436 diss.
422 2417 478 2436 nos
500 2416 536 2437 ea
560 2408 653 2447 scire,
677 2412 712 2439 et
738 2409 817 2440 dein
844 2420 891 2449 op.
919 2411 1004 2450 dare,
1028 2410 1093 2450 qni.
1137 2411 1194 2441 Sic
1211 2412 1379 2443 sententia
1394 2413 1482 2444 Don.
1500 2414 1611 2446 verbis

160 2444 332 2478 Dacieriae
348 2449 523 2480 commode
541 2460 706 2490 expressa
721 2451 848 2491 prodit,
864 2453 987 2483 Latina
1003 2453 1090 2484 ratio
1106 2458 1276 2494 servatur,
1299 2459 1334 2485 et
1362 2465 1479 2486 versus
1506 2458 1611 2489 trocli.

161 2495 274 2522 octon.
291 2494 359 2521 cat.
377 2492 533 2531 procedit
547 2493 678 2525 melius.
723 2494 902 2534 Addimus,
917 2496 1016 2535 nmgis
1029 2496 1194 2527 humanum
1207 2501 1252 2528 est
1277 2498 1308 2528 li.
1326 2498 1347 2529 Ι.
1371 2498 1437 2529 dici
1462 2509 1533 2539 pro,
1558 2510 1610 2532 sa-

162 2533 310 2571 pientius
327 2544 353 2564 s.
370 2534 574 2574 prudentius
597 2541 660 2568 est.
696 2537 783 2567 Eun.
801 2547 852 2568 1v.
867 2541 898 2568 4.
916 2541 969 2570 64.
988 2548 1038 2579 sq.
1064 2539 1136 2577 Pol,
1157 2540 1185 2570 sz'
1200 2541 1294 2580 sapis,
1309 2542 1387 2580 quud
1401 2542 1473 2580 scis,
1489 2543 1612 2575 nescis!

163 2576 330 2615 Bip.—39
345 2576 384 2607 Si
398 2578 466 2617 ipse
482 2578 554 2608 ΕΡ.
569 2579 628 2610 Br.
645 2579 730 2610 GM.
753 2584 878 2620 repente
890 2580 1006 2611 Guelf.
1022 2584 1051 2612 3.
1074 2583 1202 2613 evellere
1218 2584 1284 2614 duo
1299 2584 1381 2614 Mss.
1395 2585 1484 2624 apud
1502 2586 1609 2618 Boecl.

160 2621 244 2649 —40
269 2619 402 2654 Quicum
417 2620 497 2659 Bip.
514 2621 616 2652 Both.
634 2622 692 2653 ΒΓ.
725 2623 902 2653 ‘consuevit
928 2624 1010 2654 Mss.
1026 2624 1105 2662 (luo,
1128 2635 1243 2656 omnes
1265 2627 1420 2658 dicerem?
1443 2628 1549 2659 ssoeci.
1575 2635 1611 2661 et

160 2661 224 2691 ‘V.
241 2662 278 2692 C.
294 2662 447 2694 dicerem!
470 2663 571 2695 Lind.
606 2665 663 2694 Br.
690 2674 749 2705 pro
777 2675 807 2696 v.
836 2667 858 2696 l.
883 2667 1112 2698 dicerem—42
1138 2668 1214 2699 Nou
1239 2668 1328 2700 belle
1344 2669 1378 2700 in
1396 2670 1479 2701 duos
1505 2671 1610 2710 pedes

161 2702 374 2736 distribuitur
387 2706 443 2736 ais.
481 2707 622 2747 Repone
637 2712 674 2738 ut
690 2709 944 2748 monosyllabon
962 2710 1017 2749 sil,
1033 2710 1077 2740 Et
1093 2721 1160 2750 qua’
1176 2720 1222 2742 me
1234 2721 1372 2756 peccasse
1383 2714 1450 2744 ais:
1466 2714 1528 2752 abi,
1541 2725 1609 2745 cnm

162 2746 257 2776 sulum
271 2748 351 2778 solus
363 2749 500 2780 conveni.
546 2751 627 2780 Eum
642 2751 748 2790 solam,
772 2756 809 2782 nt
829 2752 870 2782 Te
890 2752 996 2784 solum.
1043 2752 1158 2785 Plani.
1176 2755 1275 2796 Capt.
1291 2764 1345 2787 ΠΙ,
1363 2758 1392 2787 4.
1409 2759 1461 2787 70.
1487 2762 1495 2774 ‘
1511 2758 1608 2789 Solus

246 2800 358 2840 Daph.
378 2807 407 2831 et
423 2803 495 2834 Var.
512 2805 595 2835 Clas.
828 2806 953 2837 Terent.
1462 2815 1480 2842 3
1506 2812 1522 2843 Ι
