1966 3302
336 209 422 253 890
835 221 876 252 P.
908 220 1149 252 TERENTM
1183 220 1300 251 Asin

339 314 623 368 Puerumque
643 315 700 356 ob
720 327 817 355 eam
835 328 922 356 rem
946 315 1060 356 clam
1082 314 1242 365 voluit,
1273 320 1401 356 natus
1431 316 1508 370 qui
1540 320 1620 368 est,
1646 317 1788 361 extinss

511 396 659 436 guere.

338 451 458 492 BAc.
487 449 626 491 Aliud
648 450 687 491 si
716 451 893 500 scirem,
913 449 988 504 qui
1010 448 1180 491 firmare
1199 463 1344 491 meam
1366 451 1485 505 apud
1505 464 1586 493 vos
1607 466 1789 506 possem

511 518 656 570 fidem,

338 586 548 627 Sanctius
572 600 706 640 quam
720 585 1049 641 jusjurandum,
1068 585 1114 627 id
1136 587 1363 640 pollicerer
1377 587 1473 637 tibi,
1494 588 1657 639 Lache,

341 653 417 694 Me
437 659 710 707 segregatum
738 654 962 704 habuisse,
982 667 1164 695 uxorem
1186 658 1233 696 ut
1256 655 1397 706 duxit,
1431 669 1458 697 a
1489 669 1559 697 me
1579 656 1791 710 Pamphi-

510 721 615 762 lum.
1734 724 1795 765 25

341 788 426 829 LA.
458 788 630 842 Lepida
650 802 722 830 es:
755 788 833 830 sed
854 788 975 838 scin'‚
1008 789 1116 843 quid
1143 791 1244 832 volo
1265 791 1429 846 potius,
1452 791 1600 842 sodes,
1620 791 1791 833 facias?

514 857 633 897 BAc.
666 856 788 907 Quid
811 857 908 898 vis?
941 857 1069 898 cedo.

342 925 428 966 LA.
461 924 549 965 Eas
583 924 639 965 ad
670 926 879 966 mulieres
909 924 995 966 huc
1026 925 1160 975 intro,
1188 929 1324 980 atque
1344 926 1458 968 istuc
1486 926 1794 981 jusjurandum

470 1019 482 1023 -
515 992 631 1033 idem

340 1061 586 1103 Polliceare
607 1060 719 1102 illis:
752 1060 887 1114 exple
922 1061 1114 1102 animum
1149 1060 1219 1111 iis,
1251 1065 1382 1115 teque
1403 1061 1487 1103 hoc
1509 1062 1690 1103 crimine
1712 1076 1789 1103 ex-

512 1128 627 1183 pedi.

343 1197 464 1238 BAc.
487 1197 669 1238 Faciam
687 1209 698 1249 3
731 1195 849 1250 quod
869 1196 962 1251 pol,
985 1197 1022 1238 si
1042 1199 1160 1239 esset
1180 1197 1268 1239 alia
1288 1209 1347 1238 ex
1366 1197 1449 1239 hoc
1470 1203 1658 1252 quaestu,
1677 1198 1795 1240 haud

513 1265 695 1313 faceret,
713 1265 827 1315 scio,

343 1332 407 1375 Ut
426 1332 479 1374 de
500 1333 583 1374 tali
604 1346 742 1374 causa
764 1338 914 1387 nuptae
933 1334 1103 1375 mulieri
1126 1347 1175 1376 se
1198 1333 1452 1376 ostenderet.
1741 1335 1798 1375 30

343 1482 396 1523 qui
409 1492 515 1513 recens
530 1485 620 1513 natus
634 1486 692 1519 est,
708 1483 745 1513 ob
760 1493 827 1514 eam
840 1492 916 1523 rem,
932 1483 1048 1513 occulte
1064 1482 1160 1514 voluit
1173 1492 1292 1514 necare.
1339 1481 1404 1514 ΒΑ.
1428 1482 1466 1514 Si
1480 1482 1592 1514 scirem
1606 1481 1692 1512 aliud
1708 1479 1797 1521 quid-

341 1526 426 1566 piam
447 1526 585 1557 sauctius
607 1536 681 1564 esse,
703 1537 794 1566 quam
807 1526 1038 1565 jusjurandum,
1061 1536 1120 1566 quo
1141 1526 1228 1557 vobis
1242 1536 1340 1556 meam
1354 1526 1455 1567 fidem
1476 1525 1719 1566 datamfirmam
1733 1532 1799 1554 esse

340 1570 527 1609 persuadere
553 1578 670 1609 possem
682 1579 693 1606 ;
722 1570 754 1599 id
780 1569 837 1600 tibi
863 1578 1081 1608 asseverarem,
1100 1569 1231 1607 Laches,
1254 1579 1274 1599 a
1292 1579 1338 1600 me
1353 1568 1525 1608 sejunxisse
1539 1568 1753 1607 Pamphilum,
1765 1569 1798 1596 ut

344 1621 471 1642 uxorem
486 1612 544 1642 sibi
550 1612 673 1651 junxit.
718 1613 780 1642 LA.
805 1611 905 1652 Soita,
917 1615 947 1643 et
962 1615 1092 1643 venusta
1106 1622 1159 1643 es.-
1180 1613 1234 1643 sed
1247 1612 1344 1642 scisne
1358 1612 1437 1652 quod
1450 1612 1517 1642 volo
1540 1610 1682 1651 amplius,
1697 1610 1724 1640 si
1738 1608 1799 1646 vis,

340 1654 515 1691 ulfacius?
560 1655 625 1686 BA.
646 1655 730 1689 Quid
746 1656 793 1685 vis
805 1654 821 1687 ζ)
843 1656 893 1686 dic
909 1655 996 1686 mihi.
1042 1655 1107 1686 LA.
1134 1655 1177 1686 Ut
1196 1655 1359 1687 convenias
1373 1655 1428 1685 has
1443 1654 1595 1693 mulieres,
1613 1663 1679 1694 quae
1693 1652 1727 1684 in
1742 1653 1799 1683 hac

344 1698 433 1728 domo
448 1702 531 1735 sunt,
547 1702 639 1737 atque
653 1698 734 1728 idem
742 1697 963 1737 jusjurandum
978 1698 1024 1729 eis
1039 1701 1070 1729 te
1083 1698 1245 1736 facturam
1258 1698 1438 1738 promittas.
1483 1697 1665 1734 satisfacito
1680 1695 1755 1734 illis,
1768 1698 1799 1726 et

344 1743 376 1771 te
391 1740 481 1779 liujus
495 1741 635 1771 criminis
650 1741 821 1781 suspicione
835 1741 943 1781 libera,
965 1742 1045 1782 quod
1060 1741 1258 1782 Pamphilum
1272 1745 1416 1781 recepte-3.
1462 1741 1528 1771 BA.
1553 1739 1696 1776 Faciam,
1709 1738 1799 1778 quod,

341 1793 398 1823 per
420 1784 590 1823 Pollucem,
612 1784 675 1815 ulia
704 1785 869 1822 meretrix,
892 1794 959 1825 quoe
991 1784 1139 1815 similiter
1168 1787 1317 1825 quaestum
1339 1793 1463 1824 corpore
1475 1783 1573 1821 facit,
1598 1783 1693 1813 nollet
1719 1783 1801 1812 certe

342 1826 456 1865 facere,
470 1830 503 1857 ut
518 1830 644 1867 propter
659 1829 751 1858 talem
764 1837 899 1866 causam,
913 1832 1041 1868 propter
1055 1837 1190 1858 amorem
1204 1827 1313 1858 mariti
1329 1826 1361 1857 in
1379 1826 1530 1867 pellicem,
1552 1825 1585 1856 in
1610 1827 1800 1864 conspectum

346 1868 411 1907 ejus
426 1871 533 1901 uxoris
547 1870 679 1911 veniret,
693 1872 803 1902 nedum
815 1872 852 1902 de
867 1871 925 1902 hac
935 1881 969 1902 re
983 1870 1075 1902 verba
1089 1870 1118 1901 ei
1124 1870 1247 1909 faceret
1257 1881 1268 1902 .·
1291 1871 1344 1901 sed
1360 1870 1426 1900 nolo
1439 1869 1521 1909 pati,
1536 1871 1571 1899 ut
1577 1868 1668 1910 filius
1684 1871 1754 1898 tuus
1767 1867 1800 1897 in

951 1972 1051 1984 eom
1053 1972 1195 1985 ‘‘‘‘‘‘

347 2060 425 2098 est:
453 2060 499 2092 ait
522 2061 625 2092 Bent.
643 2061 741 2093 abest
767 2066 802 2093 et
827 2072 846 2093 a
871 2063 930 2093 Br.
954 2062 1039 2094 GM.
1067 2067 1103 2094 et
1124 2062 1192 2093 Ms.
1219 2061 1263 2093 R.
1290 2064 1380 2092 teste
1410 2058 1509 2091 Lind.
1532 2058 1594 2090 erit
1614 2058 1667 2099 pol
1687 2066 1743 2088 ‘nec
1768 2060 1804 2088 tu

347 2106 453 2136 eadem
474 2105 561 2135 isloec
575 2108 698 2135 aetatem
714 2105 904 2136 Rom—22
928 2105 1057 2137 Omnes
1082 2104 1155 2137 fere
1180 2104 1257 2137 libri
1279 2103 1414 2144 scripti,
1427 2104 1518 2134 inter
1545 2111 1630 2142 quos
1652 2100 1749 2149 Bem.
1767 2104 1803 2131 et

347 2148 443 2178 Vict.
458 2148 506 2178 ita
521 2148 703 2187 collocant,
719 2153 757 2179 ut
771 2153 807 2179 et
823 2149 909 2179 ratio
923 2148 1103 2180 Trochaici
1120 2148 1287 2189 exposcit,
1301 2151 1394 2178 natus
1408 2147 1460 2187 qui
1475 2149 1530 2177 est.
1555 2145 1615 2176 Fa.
1660 2144 1752 2176 Qum
1767 2146 1804 2174 et

348 2191 454 2222 nostri
471 2201 600 2230 omues,
620 2195 713 2222 natus
728 2191 779 2233 qui
794 2194 851 2222 est.
875 2192 978 2223 Bent.
1002 2191 1043 2222 In
1060 2191 1160 2223 nuliis
1179 2190 1257 2222 edd.
1273 2190 1431 2228 vidimus,
1447 2188 1536 2231 qnod
1555 2187 1638 2219 vidit
1654 2187 1728 2226 Fa„
1749 2186 1803 2226 qui

347 2237 440 2265 nutus
464 2237 607 2265 θεὴ-23
634 2235 739 2274 Lege,
767 2243 865 2265 versu
891 2234 966 2274 ipso
987 2234 1145 2275 jubente,
1162 2234 1239 2266 Alid
1264 2233 1293 2264 si
1316 2233 1451 2264 scirem.-
1475 2230 1598 2272 alioqui
1630 2228 1802 2277 lambiens

348 2277 415 2307 erit
430 2277 519 2308 inter
534 2277 750 2308 Trochaicos.
793 2278 849 2308 De
864 2276 943 2308 Alia
954 2277 1026 2319 jam
1044 2282 1122 2309 ante
1138 2277 1296 2308 diximus.
1321 2277 1416 2307 Bent.
1441 2284 1539 2317 quem
1553 2273 1707 2314 sequitur
1722 2271 1803 2311 B1p.

345 2320 375 2349 si
391 2319 484 2351 delet
509 2320 697 2351 Rom—25
723 2320 875 2351 Eandem
901 2320 945 2351 ob
973 2330 1123 2361 causam,
1140 2330 1181 2351 ne
1207 2319 1377 2351 lambiens
1393 2318 1446 2349 hie
1463 2318 1518 2353 sit,
1535 2317 1617 2348 tolle
1632 2313 1716 2346 illud
1727 2314 1804 2363 2310,-

347 2362 437 2403 quod
454 2362 572 2394 abesse
590 2363 642 2393 vel
656 2363 837 2404 elegantiae
854 2363 1011 2403 interest,
1025 2374 1103 2395 cum
1118 2367 1280 2404 sequatur
1293 2363 1321 2394 A
1338 2371 1406 2393 me:
1429 2361 1636 2400 Segregatum
1649 2357 1803 2395 habuisse,

347 2415 476 2436 uxorem
499 2408 534 2436 ut
559 2406 665 2446 eluxit,
687 2417 706 2437 a
731 2417 778 2437 me
807 2407 1017 2446 Pamphilum.
1042 2407 1145 2438 Bent.
1170 2415 1270 2447 quem
1295 2408 1484 2446 sequuntur
1507 2403 1587 2443 Bip.
1613 2401 1803 2448 Βοώ.-2β

352 2448 446 2479 otius
461 2447 574 2479 Guelf.
593 2451 622 2479 1.
658 2450 667 2467 ‘
684 2450 769 2481 Mss.
786 2453 822 2480 et
837 2449 993 2490 impressi
1016 2449 1153 2490 quidam
1172 2454 1250 2489 post
1266 2448 1338 2480 ΕΡ.
1356 2448 1435 2488 quod
1459 2445 1549 2478 volo!
1572 2445 1681 2476 West.
1716 2443 1725 2460 ‘
1747 2442 1804 2473 Vis

351 2495 386 2521 et
401 2492 513 2522 versui
530 2496 695 2532 superest,
710 2497 745 2523 et
761 2493 941 2524 sententiae
960 2503 969 2531 ;
994 2497 1097 2533 atque
1111 2492 1188 2523 ideo
1205 2496 1299 2523 recte
1316 2490 1350 2521 id
1365 2491 1521 2521 Muretus
1534 2488 1649 2528 ejecit.
1674 2485 1805 2517 Heaut.

351 2543 404 2564 1v.
432 2538 464 2565 4.
489 2537 539 2565 14.
586 2536 595 2551 ‘
614 2535 675 2566 SY.
700 2535 748 2566 At
764 2536 836 2566 scin
854 2535 935 2576 quid
953 2535 1073 2566 sodes?
1120 2536 1185 2567 ΒΑ.
1211 2533 1300 2568 Quid
1315 2532 1337 2564 ?'
1351 2532 1359 2547 ’
1384 2533 1480 2564 Bent.
1502 2535 1510 2549 ⁶
1530 2531 1615 2567 Quid
1629 2526 1706 2560 vis?
1731 2528 1803 2577 cedo

351 2576 506 2617 plerique
524 2577 599 2608 libri
614 2588 622 2608 :
646 2578 702 2619 qui
718 2579 837 2618 legunt
851 2579 925 2619 quid
940 2580 1023 2618 cedo,
1039 2588 1082 2609 ex
1098 2578 1258 2609 catalect.
1275 2576 1404 2608 faciunt
1420 2572 1610 2606 acatalect!
1632 2572 1733 2604 West.
1755 2580 1804 2602 vzs

351 2620 481 2649 omittit
500 2620 686 2652 Both-*27
711 2621 777 2653 Fac
797 2631 848 2652 eas
871 2621 938 2654 Gn.
965 2624 993 2652 1.
1020 2623 1052 2653 3.
1079 2621 1149 2652 hinc
1164 2621 1257 2652 Perl.
1282 2620 1488 2651 tacite.—28
1512 2615 1698 2648 Pollicitare
1716 2623 1804 2645 unus

352 2661 420 2693 Ms.
437 2671 455 2692 e
469 2663 578 2694 Boecl.
601 2664 746 2702 pollicere
761 2663 906 2704 Argeut.
940 2667 948 2682 ‘
964 2664 1050 2696 Haec
1066 2663 1159 2695 varie
1170 2665 1350 2704 leguntur:
1367 2661 1516 2693 Animum
1528 2659 1577 2690 his
1591 2659 1690 2699 exple.
1734 2657 1805 2688 Ex-

351 2705 402 2744 ple
417 2705 552 2736 animum
570 2706 627 2736 his.
674 2707 777 2747 Exple
790 2708 925 2738 animum
939 2706 990 2738 iis.
1036 2706 1108 2739 Alii
1124 2711 1204 2748 post
1216 2706 1380 2747 polliceare
1396 2704 1621 2743 distinguunt,
1640 2702 1802 2749 legentes,

354 2747 427 2778 Illis
447 2748 584 2778 animum
605 2749 719 2788 exple)
743 2750 849 2781 West.
874 2750 1028 2782 ultimum
1056 2750 1119 2782 hoc
1144 2750 1244 2781 Both.
1260 2753 1295 2781 at
1321 2749 1421 2780 Bent.
1434 2746 1532 2778 illisce
1555 2745 1641 2786 exple
1655 2752 1802 2791 animum.

355 2792 440 2822 -29
464 2791 523 2822 Pol
537 2791 635 2822 deest
649 2793 683 2822 in
697 2791 812 2824 Guelf.
832 2796 861 2824 l.
886 2797 895 2811 ‘
912 2793 1007 2825 vides
1032 2793 1116 2825 illud
1140 2796 1260 2834 quaescu
1284 2796 1323 2824 ut
1349 2798 1452 2832 supra
1468 2798 1503 2821 V.
1518 2791 1549 2820 9.
1566 2787 1599 2819 in
1616 2786 1704 2819 thesi
1726 2785 1802 2817 lati-
