1966 3302
533 280 842 310 pnoRmoNis
877 281 983 310 ner.
1008 281 1048 310 v,
1083 282 1152 311 sc.
1177 282 1240 310 vi.
1529 275 1639 316 1023

178 372 270 415 GE.
301 372 655 415 Familiariorem
686 379 861 428 oportet
893 388 989 416 esse
1025 376 1155 425 hunc,
1182 378 1257 430 qui
1291 376 1516 418 minitatur
1548 392 1640 420 ma-

351 440 456 480 lum.

182 537 250 571 GE.
274 539 328 570 Ex
334 539 464 578 sarnilia
480 543 585 571 nostra
601 541 681 572 hunc
698 551 762 571 esse
778 545 909 581 oportet,
926 542 976 582 qui
994 543 1119 574 verbera
1135 543 1226 574 ηιίηἱε
1241 544 1375 575 intentat
1391 548 1453 575 lam
1464 545 1640 582 familiari-

790 636 904 647 ‹rmae
908 637 1025 649 mm

183 698 289 730 habet
306 698 352 730 G.
407 698 610 739 Vapuzaheris
626 700 708 731 Wit.
725 700 814 741 qnod
830 699 920 732 forte
936 702 1130 742 legendum,
1152 703 1364 743 Is'apulareris.
1410 704 1560 736 Faernus
1581 706 1642 738 Va-

178 743 256 783 pula
271 746 388 773 tuetur
404 751 446 772 ex
463 743 560 774 Bem.
576 748 611 773 et
625 743 704 774 Vat.
750 744 794 774 Et
811 744 947 774 videtur
964 755 1043 776 sane
1061 746 1114 776 liic
1133 746 1223 776 locus
1241 747 1434 786 exscriptus
1458 758 1501 779 ex
1525 748 1642 782 Plauti

181 785 354 822 Asinaria,
369 794 410 815 11.
426 788 457 816 4.
474 788 527 816 72.
551 790 559 802 ⁴
574 786 635 817 LE.
650 786 798 825 Vapula.
823 787 895 817 ME.
913 787 953 817 Id
973 788 1107 829 quidem
1127 789 1188 819 tibi
1202 789 1318 820 hercle
1336 789 1408 829 fiet,
1423 791 1472 822 Ut
1489 793 1646 833 vapules,

180 828 424 859 Demaenetnm
440 827 539 858 simul
555 838 594 859 ac
609 837 820 868 conspexero
846 829 970 861 hodie.'
1015 832 1171 861 Muretus
1197 841 1239 862 ex
1266 832 1393 864 Codice
1410 834 1546 865 Veneto
1562 845 1642 867 con-

182 871 278 901 tinuo
297 875 374 911 post
390 871 476 901 lianc
493 880 610 901 vocem
624 871 721 910 legit,
737 872 875 902 Cur-iulis
890 874 1014 904 vernula
1026 877 1085 911 est,
1110 875 1161 913 qui
1177 885 1224 905 me
1239 879 1337 907 vocat.
1384 876 1525 908 Diserte
1539 877 1643 910 etiam

180 913 340 950 leguntur
356 914 389 944 in
407 914 475 944 Ms.
491 914 613 944 Boend.
630 918 666 944 et
689 914 762 945 EA.
780 915 848 946 ET.
866 916 939 947 EV.
959 919 989 947 1.
1007 916 1089 957 Arg.
1108 918 1181 948 Ev.
1197 920 1228 949 2.
1252 919 1325 949 aliis
1342 918 1481 950 Mureto
1498 921 1645 962 antiqni-

182 956 319 994 oribus;
343 955 401 986 sed
431 961 467 987 et
488 955 720 995 Gambarello‚
743 967 816 998 quae
835 959 935 989 verba
953 959 1031 989 dein
1048 960 1168 1000 nuperi
1185 961 1321 1000 quidam
1338 962 1487 993 editores
1505 973 1643 995 revoca-

182 1004 273 1030 runt.
318 999 519 1029 Franciscus
536 999 711 1030 Fabricius
729 1000 797 1030 ita:
822 1002 830 1016 ‘
844 1002 1010 1032 Carminis
1029 1003 1191 1033 trochaici
1209 1005 1339 1035 ratione
1356 1004 1443 1036 hanc
1459 1006 1643 1038 lectionem

181 1041 334 1082 probari,
355 1042 516 1081 equidem
544 1051 658 1073 onmes
681 1043 799 1074 videre
815 1043 970 1076 confido?
1013 1045 1080 1077 Sed
1097 1051 1132 1077 et
1149 1047 1331 1078 Goveanus
1348 1052 1382 1079 et
1399 1048 1544 1088 Ber-gius
1559 1051 1643 1082 reti·

165 1089 276 1115 nient.
322 1084 408 1115 Mihi
425 1086 458 1115 iu
474 1085 565 1115 nullo
584 1086 651 1115 alio
669 1086 751 1116 Mss.
769 1086 920 1125 inventa,
944 1088 1002 1118 sed
1021 1098 1082 1120 nec
1108 1089 1140 1120 in
1169 1090 1242 1120 EP.
1275 1091 1375 1122 West.
1420 1091 1460 1122 In
1485 1092 1582 1124 Beni.
1609 1097 1644 1124 et

182 1128 264 1158 Vat.
295 1131 349 1158 est
374 1128 497 1168 vapula,
514 1137 586 1168 ⁴nec
611 1129 712 1158 aliter
744 1138 860 1160 versus
890 1136 1003 1170 potest
1035 1137 1149 1163 stare:
1183 1133 1268 1173 quod
1296 1143 1376 1164 vero
1402 1135 1568 1175 sequitur,
1594 1137 1645 1167 ita

182 1171 217 1200 iu
241 1170 396 1200 omnibus
425 1169 520 1203 libris
545 1170 733 1210 ordinatur,
757 1173 790 1202 id
815 1173 936 1212 quidem
959 1174 1038 1205 tibi.-
1075 1185 1188 1206 versus
1215 1181 1329 1207 antem
1353 1177 1416 1207 lioc
1443 1177 1543 1209 modo
1572 1189 1644 1210 sus·

182 1212 388 1251 tentabitur,
412 1217 450 1244 ut
466 1213 520 1244 vel
538 1214 619 1244 eliso
635 1215 655 1244 d
680 1225 721 1244 ex
749 1216 794 1253 id,
821 1217 854 1246 in
870 1218 1017 1247 secunda
1033 1218 1114 1248 sede
1132 1219 1174 1248 sit
1192 1224 1412 1259 anapoestus3
1436 1221 1505 1258 vel,
1522 1222 1584 1262 fiel
1609 1223 1645 1253 in

183 1265 283 1286 unam
301 1255 467 1296 syllabam
483 1262 672 1290 contracto,
696 1259 741 1288 sit
759 1259 790 1288 in
807 1266 928 1298 quarta
944 1262 1126 1299 spondens.
1153 1262 1211 1292 Fa.
1259 1263 1379 1293 Nostri
1405 1272 1521 1294 omnes
1544 1266 1644 1305 Vapu-

181 1298 282 1335 111th-
305 1307 498 1339 perperam.
544 1300 665 1330 Festus
683 1301 761 1331 olim
785 1302 923 1340 legebat
950 1303 1003 1334 hic
1032 1304 1165 1344 Vapula.
1211 1305 1373 1336 Ceterum
1399 1311 1581 1347 postquam
1609 1308 1645 1338 in

172 1346 318 1372 ttextnm
343 1351 380 1372 se
404 1341 568 1373 intulerat
599 1343 775 1382 Vapulabis,
800 1345 926 1375 nebulo
944 1346 1064 1387 aliquis
1086 1347 1127 1376 ad
1153 1357 1288 1378 versum
1316 1349 1554 1389 supplendum,
1581 1351 1645 1382 hoc

175 1384 310 1416 'bellum
328 1384 498 1415 emblema
515 1385 661 1423 addidit,
687 1387 825 1418 Cui-iulis
839 1389 966 1419 vei-mela
983 1393 1039 1428 est,
1063 1390 1115 1430 qui
1139 1401 1186 1421 me
1208 1394 1319 1428 vocam
1342 1392 1432 1432 qnod
1451 1397 1485 1423 et
1501 1392 1535 1423 in
1553 1403 1646 1424 com-

183 1427 338 1467 pluribus
355 1427 558 1459 editionibus
579 1429 680 1459 hodie
697 1431 828 1462 visitur.
875 1432 946 1462 Nos
964 1433 997 1462 in
1013 1432 1144 1463 dnobus
1161 1435 1299 1471 nostris,
1321 1436 1379 1465 sed
1398 1436 1645 1468 recentioribus

182 1471 392 1502 invenimus:
417 1471 569 1511 spurium
588 1477 702 1503 tamen
717 1483 791 1504 esse
811 1474 862 1504 vel
880 1474 961 1505 illud
981 1476 1122 1515 evincit,
1149 1477 1237 1517 qnod
1255 1483 1345 1508 stare
1362 1478 1416 1509 hic
1432 1488 1498 1510 non
1515 1484 1646 1519 potest,

181 1514 248 1544 nisi
271 1513 364 1553 legas
385 1513 575 1554 Vapulabis:
598 1524 675 1546 cum
693 1521 806 1546 tamen
824 1523 1037 1557 compertum
1049 1519 1121 1559 jam
1140 1520 1193 1557 sit,
1218 1520 1400 1560 legendum
1416 1531 1492 1553 esse
1514 1523 1646 1562 Vapula-

183 1557 233 1588 Ut
247 1565 290 1587 ne
305 1556 440 1595 addam,
462 1557 525 1587 nisi
541 1559 655 1588 statim
673 1565 752 1598 post
770 1560 887 1600 Vapula
903 1561 1045 1596 inseras,
1064 1563 1101 1593 111
1129 1563 1187 1593 tihi
1204 1564 1276 1602 jam
1294 1563 1370 1605 fiet,
1387 1564 1450 1595 hoc
1467 1570 1520 1596 est
1543 1566 1644 1606 Vapu-

183 1600 262 1639 lare,
286 1600 489 1631 sententiam
508 1601 540 1631 in
556 1610 720 1642 responso
737 1604 860 1633 nnllam
877 1602 961 1635 fore.
986 1605 1082 1636 Bent.
1128 1606 1320 1637 Restitutos
1332 1607 1432 1647 plane
1451 1612 1520 1639 tres
1537 1618 1644 1640 verss.

184 1642 315 1681 damus,
338 1642 444 1682 quiin
461 1643 615 1674 omnibus
632 1644 709 1676 edd.
729 1646 883 1685 lacerati,
906 1654 939 1677 et
958 1649 1057 1687 vulgo
1074 1648 1172 1678 bodie
1189 1649 1237 1679 sic
1250 1649 1430 1690 leguntur:
1468 1652 1511 1682 G.
1528 1652 1646 1691 Pergis

184 1685 294 1716 hercle.
320 1695 476 1725 nunquam
491 1689 524 1716 lu
541 1687 610 1717 odio
624 1690 675 1717 tuo
692 1698 737 1718 me
752 1689 864 1720 vinces.
910 1690 954 1721 A.
983 1691 1057 1721 Nan
1072 1690 1201 1723 munes?
1247 1692 1290 1723 G.
1321 1692 1497 1732 Vapulabis.
1520 1695 1648 1725 curialis

183 1728 310 1759 vernula
324 1731 383 1767 est,
407 1729 459 1768 qui
472 1738 518 1759 me
532 1733 630 1760 vocat.
677 1730 719 1761 A.
744 1731 783 1762 Id
798 1732 999 1772 quidemjam
1015 1733 1157 1774 tz'bifiet,
1173 1734 1235 1764 nisi
1250 1735 1382 1770 resistis,
1394 1736 1531 1768 verbero.
1576 1737 1646 1769 Sed

183 1779 217 1800 v.
234 1774 264 1802 1.
280 1770 417 1802 excedit
432 1772 518 1810 pede
535 1773 744 1804 trochaicum
762 1779 872 1806 octon.
890 1776 990 1807 catal.
1004 1781 1038 1806 et
1054 1777 1151 1807 Bem.
1168 1777 1272 1809 habet
1287 1779 1415 1818 pergit;
1432 1780 1531 1811 etsie
1545 1780 1647 1820 pleri-

184 1823 251 1853 que
267 1823 322 1854 ap.
340 1814 456 1844 Bentl.
473 1820 508 1845 et.
526 1819 638 1845 tamen
657 1816 774 1848 Faern.
790 1818 878 1848 male
895 1819 1005 1849 edidit
1025 1819 1147 1859 juncte
1177 1820 1292 1859 Pergis
1312 1820 1436 1852 hercle?
1458 1822 1546 1853 Tum
1563 1832 1597 1854 v.
1615 1826 1646 1855 2.

176 1856 283 1888 Bem.
301 1861 336 1888 et
348 1857 429 1887 Vat.
447 1867 521 1888 cnm
540 1858 655 1896 Festo,
672 1859 705 1889 in
723 1864 810 1891 nott.
822 1860 893 1900 jam
909 1862 1058 1900 laudato,
1076 1864 1192 1902 legunt
1208 1865 1331 1904 rapula,
1349 1864 1437 1905 quod
1451 1866 1564 1896 verius
1581 1871 1644 1897 est.

177 1899 277 1930 ‘Hinc
292 1899 408 1930 Bentl.
424 1900 607 1931 novissime
624 1902 778 1933 adhibito
794 1904 944 1935 remedio
963 1915 1065 1937 verss.
1082 1906 1244 1936 instruxit
1260 1917 1267 1937 ε
1315 1906 1358 1938 G.
1380 1907 1525 1947 Pergin?
1548 1909 1649 1940 hercle

182 1951 339 1982 nunquam
354 1942 444 1974 hodie
458 1943 527 1974 odio
541 1947 574 1974 tu
590 1954 637 1975 me
653 1946 764 1976 vinces.
811 1946 852 1977 A.
877 1947 950 1977 Non
967 1946 1095 1979 manes?
1143 1949 1186 1980 G.
1220 1950 1350 1990 Vapula.
1396 1950 1436 1981 A.
1460 1951 1501 1981 Id
1526 1953 1648 1992 quidem

184 1984 400 2026 tibijamfiet‚
422 1985 485 2016 nisi
499 1986 619 2017 resistis
633 1988 770 2019 verbero.
817 1989 856 2019 In
871 1990 977 2028 primo
995 2001 1054 2021 sno
1074 2001 1169 2021 versu
1187 1991 1219 2022 id
1239 1992 1315 2022 boni
1334 1992 1448 2031 habet,
1472 1999 1510 2025 ut
1527 2005 1648 2026 vocem

183 2027 274 2058 hodie
290 2029 504 2068 absumptam
529 2030 598 2060 odio
625 2031 827 2071 restitnerit,
852 2033 997 2063 alterum
1025 2034 1066 2064 ad
1094 2035 1241 2075 optimos
1269 2034 1378 2066 Codd.
1405 2037 1437 2067 in
1456 2037 1577 2078 quibus
1596 2043 1648 2070 est

182 2071 283 2101 Bem.
299 2075 335 2102 et
349 2071 431 2102 Vat.
448 2072 637 2113 multasque
655 2074 733 2105 edd.
753 2081 823 2105 vet.
840 2079 1014 2117 exegerit3
1038 2077 1098 2107 sed
1116 2077 1223 2108 verba
1246 2078 1376 2109 curialis
1389 2101 1396 2110 .
1412 2103 1419 2111 .
1432 2103 1440 2110 .
1456 2085 1557 2120 vocat,
1572 2087 1610 2112 ut
1629 2092 1648 2112 a

186 2113 354 2144 nebulone
372 2114 484 2154 aliquo
500 2113 609 2153 illata,
624 2117 804 2157 expungit,
826 2120 916 2159 (qnae
934 2120 1054 2150 eadem
1070 2120 1171 2151 verba
1192 2121 1265 2161 jam
1288 2122 1366 2151 olim
1383 2122 1495 2154 omisit
1513 2125 1646 2156 Erasm.

183 2155 219 2186 in
236 2156 289 2187 ed.
305 2166 365 2188 sna
381 2155 509 2198 princ.)
553 2158 703 2189 Tantum
721 2169 801 2190 vero
817 2162 926 2199 abest,
950 2167 987 2193 ut
1003 2163 1148 2193 insititia
1164 2164 1231 2194 sint
1248 2165 1366 2203 verba,
1389 2171 1427 2196 ut
1444 2166 1556 2206 potius
1572 2168 1647 2199 loco

184 2203 278 2229 mota
293 2209 352 2230 suo
368 2199 485 2230 haberi
502 2199 660 2233 debeant.
707 2202 819 2243 Atque
845 2213 886 2234 ea
901 2205 1030 2236 invenit
1048 2207 1137 2237 Mur.
1162 2206 1193 2236 in
1212 2206 1296 2237 Cod.
1312 2207 1398 2238 Ven.
1417 2216 1493 2248 post
1511 2220 1648 2242 versum

191 2242 332 2282 Vapula.
347 2265 355 2274 .
369 2265 378 2273 .
393 2243 543 2280 verber03
565 2244 736 2284 quomodo
752 2252 787 2276 et
811 2247 885 2278 aliae
904 2248 1025 2286 priscae.
1043 2248 1120 2280 edd.
1147 2248 1180 2278 in
1197 2249 1303 2290 iisqne
1319 2251 1421 2283 Tarv.
1438 2254 1532 2283 1481.
1560 2254 1648 2285 Ven.

186 2287 281 2316 1492.
307 2290 342 2316 et
362 2290 479 2316 nostra
494 2285 576 2325 Arg.
602 2290 696 2319 1499.
715 2288 852 2320 liabent.
899 2291 1023 2330 Neque
1041 2291 1080 2321 iis
1098 2292 1232 2322 omnino
1254 2293 1398 2324 sublatis
1423 2300 1487 2334 est,
1511 2305 1578 2337 quo
1594 2306 1648 2327 re-

185 2326 276 2358 feras
292 2328 536 2366 familiariorem
554 2339 582 2359 v.
600 2333 651 2362 12.
696 2331 818 2373 Itaque
845 2343 885 2363 ea
913 2334 947 2364 in
971 2335 1082 2365 locum
1099 2344 1193 2365 snum
1212 2345 1431 2375 revocamus;
1456 2339 1545 2369 unde
1559 2340 1647 2371 male

185 2370 396 2402 exciderant.
440 2371 521 2403 Scil.
538 2372 571 2402 in
593 2375 703 2413 primo
728 2384 827 2406 versu
844 2376 1000 2407 librarius
1018 2387 1036 2406 a
1053 2387 1134 2408 voce
1152 2378 1300 2409 secunda
1317 2379 1428 2417 hercle,
1453 2381 1646 2413 desciscens

185 2413 227 2443 ad
245 2414 390 2445 alterum
407 2415 519 2453 hercle,
543 2416 630 2456 ‹liiod
645 2416 778 2448 decimo
795 2428 893 2449 versu
912 2419 1059 2457 redibat,
1078 2420 1182 2451 verba
1198 2421 1327 2452 curialis
1342 2444 1349 2452 .
1363 2445 1371 2453 .
1385 2446 1392 2453 .
1409 2428 1495 2454 vocat
1513 2426 1645 2465 omisit3

186 2466 263 2496 quae
280 2457 352 2487 visa
368 2467 444 2488 cum
460 2464 634 2489 corrector
651 2459 683 2490 in
701 2461 853 2501 margine
871 2461 1125 2502 adscripsisset,
1147 2463 1226 2494 dein
1243 2464 1354 2495 alieno
1371 2465 1446 2497 loeo
1464 2466 1498 2497 in
1514 2472 1646 2500 textum

175 2500 321 2540 *ingesta
334 2505 424 2532 sunt'.
461 2501 663 2542 Repetinins
678 2512 758 2534 vero
775 2514 892 2535 vocem
909 2506 1272 2547 hercle,jungimusque
1289 2517 1362 2548 sqq.
1379 2518 1533 2549 nimquam
1546 2511 1649 2552 hodie,

185 2551 259 2581 qua»
274 2547 308 2572 et
321 2543 403 2573 alias
414 2543 599 2584 conjuncta
609 2545 779 2586 leguntur,
789 2553 826 2578 nt
838 2558 891 2588 ap.
905 2554 1055 2579 nostrum
1067 2548 1130 2579 Ad.
1142 2558 1192 2580 lv.
1203 2553 1235 2581 2.
1248 2552 1299 2581 12.
1315 2553 1323 2568 ‘
1338 2551 1518 2593 Nunquam
1533 2554 1648 2586 hercle

184 2584 288 2615 hodie
301 2594 363 2625 ego
376 2586 463 2617 istnc
474 2589 682 2619 committam
698 2589 782 2621 tibi.'
814 2590 906 2621 Alias
921 2596 1088 2630 praeterea
1102 2592 1251 2623 rationes
1263 2593 1390 2623 ordinis
1404 2604 1560 2626 versuum
1571 2607 1647 2628 nos-

186 2628 230 2658 tri
248 2627 348 2658 facile
359 2629 521 2669 colligent
534 2631 648 2670 periti.
664 2632 1002 2673 Bip.nbi1egitm-sic
1018 2645 1025 2665 :
1052 2634 1094 2665 G.
1112 2635 1246 2675 Pergit:
1270 2637 1370 2666 hercle
1382 2637 1509 2669 curialis
1520 2642 1647 2671 vernula

186 2673 243 2709 est,
265 2671 318 2710 qui
343 2681 390 2702 me
416 2677 522 2703 vocat.-
543 2673 547 2713 Ι
570 2673 685 2704 Hercle
710 2685 864 2715 nunquam
889 2677 978 2707 hodie
993 2677 1061 2707 odio
1078 2681 1129 2708 tuo
1145 2688 1192 2708 me
1207 2679 1318 2710 vinces.
1339 2680 1343 2719 Ι
1364 2679 1405 2710 Α.
1431 2681 1505 2712 Νοη
1521 2687 1649 2714 manes?

188 2713 232 2744 G.
254 2714 383 2754 Vapula.
406 2715 508 2746 Both.
524 2717 593 2746 odio
609 2727 656 2747 me
671 2717 772 2748 vinces
786 2718 885 2750 hodie.
909 2720 1000 2750 Peri.
1016 2722 1136 2759 rapula.
1159 2721 1218 2752 ΒΓ.
1238 2723 1320 2753 GM.
1337 2724 1507 2763 vapulabis.
1531 2725 1645 2756 Gnelf.

187 2758 217 2785 3.
244 2756 279 2787 ni
300 2757 549 2789 restiteris.—ll
577 2759 659 2790 Mss.
685 2765 719 2791 et
742 2761 824 2792 editi
852 2763 1000 2793 nonnulli
1030 2763 1240 2796 Familiarem.
1264 2766 1372 2797 West.
1394 2767 1477 2797 Mox
1504 2769 1557 2808 qui
1579 2778 1644 2799 non

188 2803 241 2829 est
259 2799 290 2829 in
307 2800 373 2831 ullo
389 2809 433 2831 ex
459 2801 606 2841 antiquis
630 2802 747 2834 libris:
773 2813 882 2846 neque
908 2805 939 2835 i:l
967 2814 1083 2836 versus
1108 2806 1269 2839 admittit.
1294 2808 1355 2841 Fa.
1401 2810 1512 2841 Etiam
1541 2811 1646 2841 nostri

188 2841 342 2883 plerique
360 2844 514 2875 nesciunt
530 2844 612 2875 illud
639 2846 701 2886 qui.
726 2847 827 2878 Bent.
877 2848 955 2879 Wit.
974 2848 1131 2880 Minatur.
1177 2850 1208 2881 A
1237 2851 1281 2883 G.
1311 2857 1346 2883 et
1371 2852 1545 2894 impressis
1571 2854 1644 2894 qui·
