1966 3302
351 250 438 293 962
848 257 887 286 P.
919 254 1162 285 TEREN'rn
1195 253 1312 284 AFRI

355 357 514 399 PHoR.
538 353 745 397 Dilucide
767 353 989 407 expedivi,
1010 353 1170 407 quibus
1190 364 1260 392 me
1282 350 1479 404 oportuit

353 426 383 467 J
388 425 618 466 udicibus:
654 427 764 473 tum,
787 423 825 464 si
847 422 891 463 id
910 421 1072 463 falsum
1092 421 1250 470 fuerat,
1270 419 1390 460 filius

353 493 443 535 Cur
460 505 543 533 uon
562 491 757 532 refellit?
820 490 910 531 DE.
932 490 1095 530 Filium
1116 501 1269 530 narras
1288 487 1409 538 mihi,

350 560 491 614 Cujus
513 559 567 600 de
588 559 778 600 stultitia
799 557 905 608 dici,
922 562 973 598 ut
995 557 1170 610 dignum
1193 561 1279 606 est,
1300 569 1386 596 non
1405 555 1590 609 potest?
1744 553 1805 596 55

351 628 513 670 PHOR.
542 625 607 668 At
628 631 694 676 tu,
716 625 794 680 qui
814 625 996 679 sapiens
1017 637 1081 673 eS,
1103 623 1388 677 magistratus
1408 622 1498 672 adi,

349 696 379 738 J
384 695 584 737 udicium
606 694 660 736 de
682 695 839 736 eadem
855 706 993 735 causa
1014 693 1172 734 iterum
1192 697 1244 733 ut
1263 691 1452 733 reddant
1473 690 1578 744 tibi3

352 763 725 817 Quandoquidem
748 762 870 804 solus
891 773 1063 815 regnam,
1083 764 1128 802 et
1146 760 1229 801 soli
1249 761 1356 802 licet

349 832 445 874 Hic
467 831 522 873 de
543 831 699 873 eadem
720 843 854 872 causa
874 830 944 871 bis
960 830 1181 884 judicium
1204 828 1464 883 adipiscier.

352 901 443 942 DE.
476 899 573 942 Etsi
591 898 696 940 mihi
716 899 836 940 facta
856 897 1018 952 injuria
1039 897 1108 948 'st,
1130 901 1431 938 verumtamen
1748 893 1806 935 60

351 968 524 1018 Potius,
545 980 678 1022 quam
701 967 802 1007 lites
825 971 980 1016 secter„
1004 970 1080 1006 aut
1101 978 1231 1019 quam
1252 970 1295 1006 te
1316 964 1510 1016 audiam,

353 1037 515 1079 Itidem
535 1041 585 1077 ut
607 1039 798 1089 cognata
818 1035 855 1075 si
879 1035 952 1084 sit,
974 1034 1019 1075 id
1041 1033 1160 1088 quod
1181 1034 1257 1074 lex
1272 1033 1402 1088 Jubet

351 1105 517 1147 Dotem
539 1105 662 1154 dare,
686 1104 859 1145 abduce
880 1103 1022 1155 hanc;
1052 1102 1195 1143 minas
1218 1102 1413 1156 quinque
1435 1098 1606 1153 accipe.

351 1172 513 1215 Pnon.
547 1171 641 1223 Ha,
676 1172 750 1222 ha,
785 1171 862 1213 he!
898 1172 1030 1212 homo
1071 1172 1235 1212 suavis.
1295 1169 1385 1210 DE.
1418 1162 1634 1220 Quid'est
1648 1168 1668 1209 Τ
1700 1179 1807 1210 num

523 1241 723 1294 iniquum
745 1239 929 1293 postulo
946 1240 964 1280 ’ἱ
1750 1237 1809 1279 64

351 1309 479 1351 Anne
499 1308 586 1351 hoc
609 1308 785 1363 quidem
808 1308 1031 1363 adipiscar
1047 1321 1144 1362 ego,
1166 1306 1283 1361 quod
1297 1306 1371 1361 jus
1392 1305 1623 1360 publicum
1645 1305 1747 1347 est'i

349 1469 482 1510 dicibus,
497 1470 551 1510 qui
567 1471 605 1501 cle
625 1469 682 1501 hac
696 1480 788 1501 causa
801 1469 1023 1510 cognoscebant
1037 1479 1048 1500 .·
1072 1472 1138 1500 tum
1152 1468 1181 1500 si
1188 1468 1275 1507 falsa
1290 1469 1371 1507 dixi,
1385 1477 1440 1500 eur
1453 1467 1547 1509 filius
1561 1471 1633 1500 tuus
1647 1477 1708 1499 non
1723 1465 1808 1504 refu—

350 1514 430 1544 tavit
442 1517 455 1545 ?
498 1514 565 1545 DE.
593 1513 707 1545 Filium
722 1523 821 1544 meum
846 1523 1072 1553 commemoras,
1094 1512 1146 1553 qui
1171 1513 1299 1544 stultior
1321 1516 1378 1551 est,
1402 1522 1493 1552 qaam
1507 1511 1571 1543 dici
1583 1510 1692 1552 possit.
1737 1509 1809 1541 PH.

348 1555 398 1587 At
413 1560 458 1592 tu,
475 1557 527 1597 qui
542 1557 601 1588 tibi
614 1558 683 1598 plus
698 1557 771 1588 aliis
792 1566 898 1597 supere
910 1556 1038 1595 videris,
1060 1556 1263 1594 magistratus
1285 1556 1425 1593 com-eni,
1445 1559 1480 1585 ut
1504 1555 1619 1586 iterum
1641 1554 1678 1585 de
1703 1553 1809 1585 eadem

347 1609 442 1631 causa
456 1609 544 1639 agas,
558 1600 804 1641 quandoquidem
819 1600 869 1630 hic
886 1600 1019 1631 Athenis
1031 1609 1166 1639 regnum
1177 1600 1258 1629 solus
1272 1599 1319 1629 vis
1337 1598 1505 1638 possidere,
1521 1601 1551 1630 et
1565 1597 1624 1630 soli
1637 1605 1810 1628 concessum

347 1646 407 1680 est,
423 1643 477 1673 lite
490 1644 581 1674 semet
595 1643 777 1680 terminata,
793 1643 920 1681 bisjure
932 1643 1079 1683 experiri.
1124 1643 1190 1673 DE.
1218 1642 1368 1677 Quamvis
1392 1641 1431 1672 ab
1455 1641 1565 1682 iniqua
1575 1650 1577 1652 ’
1581 1640 1727 1681 judicum
1739 1645 1809 1671 sen*

349 1686 449 1716 tentia
471 1686 619 1724 injuriam
633 1687 813 1727 acceperim,
830 1689 931 1716 tamen
944 1686 1048 1725 potius
1062 1695 1154 1726 quam
1177 1685 1285 1716 litibus
1299 1695 1416 1723 vacem,
1430 1688 1483 1715 aut
1500 1689 1600 1716 tecum
1615 1683 1809 1721 contendam,

350 1738 419 1759 cum
442 1729 508 1767 lege
522 1729 722 1761 constitutum
736 1731 781 1760 sit
795 1733 926 1767 cognata
938 1729 1012 1759 orba
1027 1729 1168 1768 proximo
1179 1732 1215 1759 ut
1227 1729 1334 1768 nubat,
1349 1729 1397 1759 vel
1412 1728 1439 1758 si
1454 1728 1506 1759 ille
1520 1727 1656 1759 noluerit
1671 1736 1738 1757 eam
1751 1726 1810 1757 du-

348 1781 418 1802 cere
430 1781 572 1813 uxorem,
597 1774 699 1803 dotem
712 1773 860 1813 praebeat,
877 1773 954 1803 hanc
969 1772 1095 1810 abduce,
1112 1775 1140 1802 et
1157 1772 1289 1812 quinque
1306 1773 1404 1803 minas
1420 1771 1534 1812 accipe.
1578 1771 1647 1802 ΡΗ.
1673 1768 1741 1807 Ηα,
1756 1769 1809 1806 lm,

350 1815 403 1851 ke,
420 1815 507 1846 homo
514 1817 671 1855 jucundus
687 1826 730 1855 es,
756 1819 784 1847 et
793 1816 945 1854 festivus.
991 1815 1056 1846 DE.
1084 1815 1169 1850 Quid
1191 1815 1250 1845 tibi
1273 1818 1339 1845 est?
1361 1824 1439 1846 anne
1454 1815 1508 1845 hoc
1523 1814 1645 1854 quidem
1659 1811 1812 1850 'obtinebm

350 1860 385 1888 ut
394 1858 480 1899 jure,
501 1860 581 1899 quod
594 1859 749 1900 publicum
764 1863 822 1899 est,
838 1858 916 1890 mihi
929 1858 976 1889 uti
991 1858 1104 1889 liceat?
1148 1857 1223 1889 ΡΗ.
1249 1855 1358 1893 Quid?
1380 1858 1464 1897 cedo,
1487 1858 1577 1889 lescne
1592 1857 1735 1897 imperat,
1757 1854 1810 1886 ubi

953 1974 1196 1988 eeeeeeeeeeee

349 2065 453 2097 Both,
500 2064 574 2095 Heu
590 2074 653 2106 pro
672 2064 723 2095 En
739 2063 799 2094 dat
815 2063 875 2094 Br.
920 2063 1010 2094 Heus
1024 2063 1238 2104 Delph.—53
1262 2063 1342 2093 Tum
1356 2062 1384 2093 si
1399 2061 1447 2102 id]
1471 2061 1549 2092 Tum
1561 2061 1595 2092 id
1608 2060 1637 2092 si
1653 2069 1695 2092 ex
1711 2060 1810 2092 Bem.

351 2109 431 2139 Bas.
451 2108 506 2139 vi.
531 2108 588 2138 Fa.
636 2108 683 2138 Et
699 2107 804 2138 nostri
823 2106 988 2147 plerique,
1005 2106 1039 2137 id
1052 2107 1090 2138 si.
1115 2107 1217 2138 Bent.
1257 2106 1296 2136 Id
1311 2105 1338 2136 si
1356 2106 1456 2136 Bent.
1471 2104 1550 2145 Bip.
1567 2104 1663 2136 Peri.
1701 2103 1812 2135 Fuerit

350 2150 466 2183 Guelf.
485 2154 601 2182 ’2.-55
626 2150 694 2181 Ms.
713 2151 792 2182 Par.
808 2150 973 2189 utjustum
994 2149 1047 2181 'st.
1073 2149 1251 2180 Peri—57
1276 2149 1389 2180 Versu
1405 2148 1527 2179 abhinc
1544 2147 1651 2178 altero
1665 2146 1812 2178 redeunt

346 2194 423 2226 fere
440 2194 557 2225 eadem
576 2193 705 2225 verba:
730 2192 938 2224 crediderim
954 2193 1044 2224 hunc
1069 2193 1208 2224 nothum
1225 2201 1321 2232 esse3
1341 2191 1394 2223 vel
1410 2191 1435 2222 si
1454 2190 1655 2229 retineatur,
1668 2190 1810 2236 legerim

349 2253 513 2284 Judicium
530 2254 567 2283 de
580 2253 685 2284 eadem
706 2261 740 2284 re
755 2252 871 2283 ilerum
886 2254 921 2282 at
936 2253 1085 2283 reddatur
1099 2252 1168 2282 tibi.
1210 2252 1293 2282 Tres
1308 2250 1414 2282 nostri
1429 2251 1588 2282 reddatur.
1626 2249 1675 2280 Re
1689 2258 1749 2290 pro
1763 2258 1811 2286 ca,

348 2296 413 2327 hoe
430 2300 483 2327 est
509 2305 612 2327 causa.
658 2295 697 2326 In
723 2299 866 2335 recepta
890 2295 1064 2326 lectione‘
1080 2295 1216 2332 iterunz‚'
1231 2294 1329 2335 cujus
1353 2294 1523 2334 emphasis
1549 2292 1725 2334 praecipua
1743 2296 1811 2328 est,

349 2339 383 2370 in
403 2339 503 2370 Thesi
521 2338 739 2370 obmutescit.
765 2338 860 2369 Bent.
906 2338 1032 2369 Versus
1049 2338 1176 2369 excidit
1193 2338 1383 2368 Rota—58
1407 2336 1476 2367 Soli
1490 2336 1549 2368 tibi
1562 2334 1678 2367 Guelf.
1693 2337 1811 2366 2.-59

350 2382 508 2422 Βεροηε,
526 2391 624 2412 versu
650 2383 851 2413 obsecrante
878 2384 913 2411 et
941 2381 1159 2421 implorante,
1179 2381 1320 2421 apiscier.
1342 2380 1445 2411 Bent.
1490 2379 1557 2410 Sed
1586 2383 1639 2409 est
1660 2379 1669 2395 ‘
1687 2377 1812 2419 apiscis

352 2428 493 2456 verbnm
513 2425 725 2457 Plautinum.
759 2424 848 2455 Perl.
893 2424 1038 2464 Apz'scz'er
1060 2425 1119 2455 dat
1148 2423 1336 2455 Rota—60
1373 2423 1473 2455 Facta
1499 2422 1576 2454 mihi
1597 2421 1808 2462 Delph.—62

351 2469 391 2499 Id
407 2467 501 2508 quod]
527 2468 615 2498 Vide
632 2478 711 2498 num
732 2466 914 2507 legendum
927 2468 955 2497 ei
971 2468 1061 2507 quod.
1099 2467 1187 2498 Gov.
1225 2465 1420 2498 Delendum
1439 2471 1489 2496 est
1505 2463 1661 2503 κόμματος
1675 2464 1810 2504 signum

352 2516 430 2550 post
444 2513 452 2528 ‘
471 2513 527 2542 lex
545 2510 673 2552 jubet:
701 2511 796 2542 West.
841 2509 882 2541 ld
900 2510 1065 2541 exhibent
1084 2510 1186 2541 Both.
1204 2515 1239 2541 et
1257 2509 1336 2548 Bip.
1356 2508 1508 2549 quamvis
1524 2513 1622 2540 notet
1640 2507 1716 2547 ssip.
1731 2515 1812 2538 eon·

347 2553 525 2594 jungenda
542 2564 616 2585 esse
633 2553 756 2595 ‘jubet
772 2553 886 2584 dotem
905 2553 1092 2584 deuel-63
1118 2550 1238 2584 Guelfss
1251 2555 1282 2583 2.
1300 2552 1428 2583 omittit
1440 2552 1566 2590 Dotem,
1578 2556 1613 2582 et
1629 2549 1689 2580 dat
1701 2548 1809 2580 abduc.

351 2600 436 2628 -64
461 2598 565 2637 Lege,
581 2606 696 2627 versus
713 2597 834 2637 gratia,
853 2595 960 2632 Quid?
983 2606 1065 2627 num.
1090 2596 1195 2627 Bent.
1243 2595 1306 2626 Ha>
1322 2605 1383 2635 pro
1400 2595 1437 2625 he
1460 2595 1563 2625 Bent.
1588 2592 1714 2634 Delph.
1731 2591 1809 2632 Rip.

354 2640 411 2670 Est
427 2639 521 2672 delet
537 2644 572 2671 et
588 2640 777 2671 Betim—65
802 2640 873 2679 Ego
889 2639 1045 2680 adipiscar
1060 2639 1164 2670 Bent.
1181 2638 1307 2680 Delph.
1327 2638 1406 2679 ssip.
1421 2637 1523 2670 Both.
1538 2636 1632 2668 Perl.
1678 2635 1810 2672 Quidem

1011 2745 1154 2777 NOTAE

419 2825 460 2854 58
484 2820 574 2851 Solus
587 2821 715 2861 regnas]
740 2821 781 2853 Id
799 2827 862 2862 est,
875 2831 1018 2863 regnare
1037 2821 1098 2861 vis,
1121 2825 1213 2853 stare
1229 2819 1383 2863 judicum
1401 2817 1579 2850 sententiis
1594 2826 1744 2849 recusas.
1801 2839 1805 2842 ,
