1966 3302
310 231 424 275 1042
807 237 847 265 P.
879 232 1121 263 TEREN'ru
1153 230 1271 263 Arm

312 338 446 381 NAU.
478 334 599 387 Quid
620 345 716 387 eg0‚
737 345 868 386 aequo
889 331 1065 373 animo‘!
1099 327 1235 383 cupio
1257 327 1418 370 misera
1438 326 1485 369 in
1505 326 1590 369 hac
1612 340 1657 371 re
1671 327 1770 384 jam

485 401 728 455 defungier.

314 473 403 516 Sed
423 471 531 526 quid
552 468 754 524 sperem?
777 471 915 509 aetate
931 478 1063 520 porro
1087 465 1233 505 minus
1254 466 1540 517 peccaturum
1560 464 1742 518 putem?

313 541 342 583 J
347 554 416 583 am
437 543 528 580 tum
548 541 643 578 erat
662 548 818 586 seneX,
841 537 1049 577 senectus
1071 534 1110 574 si
1131 531 1404 575 verecundos
1424 531 1551 573 facit.

315 607 385 649 An
405 620 501 648 mea
519 605 664 646 forma
694 607 828 657 atque
859 606 971 644 aetas
1002 613 1116 642 nunc
1146 597 1289 652 magis
1321 597 1575 652 expetenda
1593 597 1662 649 'st‚
1685 598 1775 640 De·

485 671 638 727 mipho
653 672 670 711 ’ἒ
1719 664 1779 707 35

316 742 439 794 Quid
464 741 573 782 mihi
593 752 707 780 nunc
728 738 871 788 affers,
892 737 1180 792 quamobrem
1201 737 1450 790 expectem,
1477 737 1552 776 aut
1587 745 1776 788 sperem,

487 821 619 863 porro
640 820 727 848 non
746 806 839 847 sore
853 806 872 845 ’ἒ
1072 812 1075 814 ·

317 879 476 920 Pnoss.
513 874 742 929 Exequias
779 872 1017 923 Chremeti,
1054 871 1212 926 quibus
1251 874 1319 912 est
1359 868 1658 919 commodum,
1695 866 1776 920 ire,

490 945 616 986 hem!
646 947 822 996 tempus
844 944 929 982 est.

318 1014 394 1055 Sic
416 1013 558 1054 dabo!
591 1023 686 1064 age,
720 1022 802 1063 age
839 1020 968 1058 nunc,
1002 1005 1330 1054 Phormionem,
1363 1004 1442 1058 qui
1471 1003 1607 1055 volet,
1634 1003 1781 1046 laces-

492 1080 598 1121 sito.

320 1149 448 1191 Faxo
468 1148 548 1190 tali
567 1159 669 1188 eum
688 1148 948 1195 mactatum,
971 1146 1107 1195 atque
1127 1140 1200 1182 hic
1219 1144 1305 1191 est,
1325 1138 1580 1181 infortunio.

319 1271 394 1303 NA.
421 1270 529 1306 Quid?
558 1278 605 1300 me
617 1268 776 1309 patienter
792 1268 824 1298 id
841 1267 955 1305 ferre?
977 1264 1099 1296 utinam
1113 1264 1147 1294 in
1161 1264 1218 1294 hac
1233 1266 1298 1294 tam
1312 1261 1414 1293 atroci
1427 1260 1558 1300 injuria,
1572 1257 1714 1290 mnibus
1733 1257 1787 1290 de-

312 1315 429 1353 functa
444 1323 552 1351 essem,
569 1315 600 1343 et
617 1310 713 1341 libera
727 1311 761 1341 in
776 1313 930 1351 posterum
943 1319 956 1345 ;
978 1311 1015 1338 ut
1039 1307 1206 1346 desineret,
1232 1309 1264 1337 et
1279 1305 1382 1346 finem
1395 1304 1520 1342 faceret
1538 1303 1686 1334 Chremes
1709 1300 1789 1332 mihi

322 1357 479 1388 molestias
493 1355 661 1391 exhibere;
684 1354 738 1384 sed
753 1353 829 1393 quid
843 1351 952 1383 melius
975 1353 1132 1390 expectem
1152 1348 1190 1379 ab
1204 1348 1279 1379 illo?
1322 1347 1376 1379 An
1393 1350 1524 1387 propter
1544 1348 1672 1377 oetatem
1685 1344 1790 1375 minus

323 1410 393 1431 eum
409 1398 533 1430 libidini
546 1397 686 1428 deditum
701 1396 742 1426 iri
756 1395 882 1435 opiner?
929 1395 975 1424 At
983 1393 1052 1432 J'am
1067 1396 1131 1423 tum
1145 1395 1212 1422 erat
1227 1400 1322 1422 senex
1331 1401 1344 1428 ,·
1365 1390 1394 1420 si
1409 1389 1532 1430 quidem
1540 1390 1680 1419 senectus
1691 1386 1790 1418 lumni-

321 1453 376 1473 πρε
389 1452 408 1472 α
422 1441 572 1482 peccando
587 1439 760 1470 absterrere
771 1447 830 1478 per
846 1436 1064 1468 verecundiam
1084 1435 1184 1466 debet.
1226 1434 1279 1465 An
1301 1443 1370 1464 mea
1389 1431 1589 1473 pulchritudo
1603 1433 1696 1471 atque
1711 1432 1792 1460 aetas

321 1494 459 1526 praeseus
476 1483 579 1522 magis
594 1491 686 1522 quam
701 1485 794 1512 autea
811 1490 878 1511 eum
894 1479 1010 1510 alliciet
1025 1478 1059 1508 iu
1073 1487 1220 1516 amorem,
1238 1476 1421 1516 Demipho?
1442 1475 1517 1515 quid
1528 1473 1607 1505 mihi
1626 1471 1790 1513 proponis,

323 1527 520 1568 quamobrem
535 1528 693 1565 expectem
716 1533 786 1554 eum
809 1522 943 1553 ulterius
965 1522 1006 1552 ad
1032 1520 1193 1551 libidinem
1218 1529 1279 1549 non
1294 1519 1489 1550 rediturum?
1532 1517 1606 1548 ΡΗ.
1629 1513 1792 1555 Est-equam

314 1570 442 1608 funeris
461 1567 636 1599 Chremetis
660 1567 803 1606 prosequi
824 1565 854 1596 si
878 1564 987 1604 quibus
1009 1566 1111 1602 vacat,
1125 1562 1195 1601 jam
1220 1565 1341 1602 tempus
1366 1564 1412 1592 est
1437 1559 1601 1591 celebrare.
1645 1557 1700 1589 Sic
1714 1556 1793 1588 dabo

323 1612 506 1650 exercitum,
522 1614 552 1642 et
566 1609 738 1650 opprobriis
753 1607 937 1648 expositum.
974 1606 1058 1645 Age,
1074 1614 1131 1644 age
1145 1614 1237 1640 nunc,
1252 1605 1281 1635 si
1296 1604 1347 1634 cui
1360 1603 1467 1642 libeat,
1482 1600 1704 1633 Phormionem
1716 1598 1794 1630 irri-

325 1658 413 1692 tato,·
428 1654 551 1693 faciam
565 1656 599 1684 ut
616 1652 686 1694 tali,
700 1654 793 1691 atque
808 1650 871 1691 hic,
885 1651 1040 1690 augeatur
1051 1657 1202 1685 oerumna,
1216 1650 1244 1678 et
1256 1646 1436 1679 calamitate
1446 1656 1457 1677 .·
1472 1643 1704 1677 reconciliemur
1716 1651 1791 1675 saue

940 1742 1181 1756 eeeeeeeeeee

327 1817 338 1837 ‘
357 1816 429 1848 Aut
444 1819 504 1848 tua
518 1815 611 1847 facta
627 1813 737 1846 adeo?
771 1814 881 1845 Porro
897 1811 983 1844 iilud
999 1815 1094 1851 nota,
1117 1810 1150 1841 in
1176 1807 1300 1841 Faerni
1320 1806 1472 1839 lectione
1488 1805 1584 1847 ae‘quo
1599 1804 1701 1837 animo
1716 1812 1795 1845 pro-

329 1859 503 1898 nuntiari3
529 1859 563 1889 in
578 1862 710 1895 nostra,
726 1857 790 1888 alio
808 1859 966 1892 accentu,
989 1864 1075 1895 oequo
1095 1854 1198 1885 «inimo
1209 1863 1219 1883 .·
1244 1856 1350 1892 atque
1366 1851 1456 1881 hunc
1473 1858 1589 1880 verum
1605 1856 1681 1879 esse
1696 1855 1798 1887 repe-

331 1903 408 1934 titio
425 1903 500 1942 ipsa
512 1901 650 1942 probat,
669 1900 754 1936 Quid
769 1909 824 1938 ego
839 1909 926 1939 (equo
942 1897 1067 1928 eninm?
1091 1896 1194 1932 Nam,
1209 1898 1248 1926 ut
1262 1903 1356 1934 saepe
1373 1896 1453 1923 ante
1469 1891 1554 1930 dixi,
1578 1889 1684 1922 verba
1697 1898 1796 1930 repe-

329 1946 397 1977 tita
423 1945 543 1976 eodem
571 1952 707 1983 semper
732 1946 879 1973 accentu
905 1941 1086 1972 iterantur.
1110 1939 1209 1969 Bent.
1233 1936 1333 1968 etsie
1349 1935 1445 1966 Perl.
1489 1934 1603 1965 Animo
1628 1933 1685 1964 hoc
1710 1942 1797 1972 aequo

330 1988 435 2020 Both.
449 1987 557 2018 tacite
574 1997 583 2025 3
604 1986 707 2017 animo
715 1984 806 2024 feras
821 1985 881 2016 Br.
897 1984 1000 2015 animo
1015 1984 1080 2014 hoec
1096 1981 1267 2012 GM.—33
1291 1978 1360 2010 Ms.
1376 1978 1420 2009 R.
1437 1975 1528 2017 apud
1548 1975 1647 2007 Lind.
1661 1974 1798 2016 quispe-

329 2041 420 2067 rem,·
443 2030 592 2071 probant
607 2030 711 2060 Bent.
727 2027 808 2068 Bip.
826 2026 928 2058 Both.
953 2026 1048 2056 Perl.
1074 2024 1160 2054 Mox
1186 2025 1280 2052 oetate
1302 2022 1359 2051 hac
1379 2018 1570 2051 Bod1.—34
1593 2018 1697 2049 Bent.
1712 2016 1802 2058 legit

334 2075 407 2104 Non
422 2072 493 2111 jam
515 2076 582 2104 tum
599 2095 607 2103 .
626 2095 634 2103 .
653 2094 661 2102 .
678 2080 772 2102 senex
785 2072 883 2101 ?—35
918 2069 1023 2099 Bent.
1050 2065 1136 2106 legit
1162 2068 1240 2095 aetas
1265 2063 1368 2102 magis
1391 2071 1494 2098 πωπω
1517 2069 1618 2102 quem
1644 2059 1800 2101 sequitur

332 2115 524 2148 Rom—36
548 2114 659 2146 Iidem
682 2113 751 2143 duo
778 2110 1008 2152 antiquissimi
1025 2110 1124 2140 Bem.
1148 2111 1184 2138 et
1198 2107 1292 2137 Vict.
1319 2109 1355 2136 et
1370 2106 1545 2141 Donatus,
1559 2103 1635 2144 quid
1657 2101 1736 2134 mihi
1749 2101 1801 2133 hie

332 2159 440 2200 affers,
456 2168 520 2189 nec
537 2166 616 2189 sane
634 2156 735 2187 aliter
762 2158 832 2186 stat
848 2163 986 2191 versus3
1009 2152 1088 2183 mihi
1103 2155 1216 2182 autem
1234 2158 1301 2180 una
1324 2147 1455 2189 syllaba
1475 2150 1540 2178 est.
1562 2146 1626 2178 Fa.
1650 2154 1802 2187 quocum

334 2202 506 2233 consentit
536 2200 614 2232 Riv.
636 2199 739 2237 adfert
756 2198 831 2229 ΕΡ.
857 2207 938 2228 nunc
953 2195 998 2227 mi
1019 2193 1121 2226 Both.
1149 2202 1229 2224 nanc
1244 2192 1278 2222 id
1294 2191 1333 2222 C.
1348 2191 1434 2222 Mox
1454 2199 1547 2230 porro
1568 2188 1605 2219 id
1617 2197 1679 2219 mm
1694 2187 1800 2219 Both.

333 2247 419 2275 —37
445 2244 543 2281 Sunt,
559 2242 617 2285 qui
636 2240 811 2272 Chremetis
825 2240 957 2280 legunt,
973 2237 1034 2269 sed
1058 2241 1185 2277 praeter
1201 2234 1340 2276 phrasin
1357 2233 1525 2271 Latinam,
1542 2241 1611 2273 qua
1624 2230 1802 2271 dicebant,

335 2287 512 2328 Exsequias
523 2287 568 2317 ire
579 2286 684 2316 alicui.
714 2285 798 2314 Erat
811 2287 923 2314 autern
933 2282 1007 2312 haec
1018 2279 1167 2311 formula
1180 2277 1338 2309 funerum
1351 2275 1615 2307 indictivorum:
1631 2281 1802 2305 nunus.

338 2339 454 2361 vixrr.
471 2338 503 2361 L.
520 2337 631 2360 TITIO.
645 2334 854 2360 exsEQUms.
869 2334 943 2356 mE.
958 2332 1061 2358 QUOI.
1074 2329 1270 2354 COMODUM.
1287 2328 1360 2350 EST.
1374 2327 1463 2350 σΑΜ.
1476 2325 1634 2349 TEMPUS.
1647 2324 1721 2348 ns'r.
1738 2323 1802 2348 ot.-

335 2382 408 2405 LUS.
426 2380 623 2403 ECFERTOR.
645 2370 747 2400 West.
775 2368 879 2400 Multi
894 2369 915 2399 1.
931 2378 960 2399 s.
977 2367 1066 2397 inter
1077 2374 1159 2407 quos
1172 2365 1271 2395 Bem.
1287 2367 1322 2393 et
1334 2362 1416 2394 Bas.
1432 2359 1570 2402 projam
1580 2359 1709 2391 habent
1722 2358 1806 2399 hem,

336 2416 386 2446 ita
402 2415 503 2446 etiam
520 2414 666 2445 metrica
680 2412 813 2443 ratione
826 2411 987 2451 exigente
1001 2420 1011 2440 ι
1027 2408 1087 2440 sed
1100 2408 1198 2439 Bem.
1215 2406 1286 2437 sine
1299 2405 1521 2445 aspiratione.
1541 2403 1686 2434 Fa.—ss
1697 2400 1805 2433 Multi

338 2459 456 2498 piures
471 2457 550 2488 libri
576 2455 711 2496 scripti,
727 2459 763 2486 et
785 2454 819 2484 in
836 2455 876 2486 iis
892 2454 990 2485 Bem.
1007 2456 1043 2482 et
1057 2451 1152 2481 Vict.
1180 2450 1261 2481 item
1277 2449 1433 2480 Donatus
1453 2455 1519 2478 non
1542 2445 1670 2477 habent
1685 2447 1802 2485 poste-

339 2501 407 2532 rius
422 2510 493 2540 age,
510 2499 601 2540 quod
624 2503 661 2530 et
689 2497 822 2538 respuit
846 2505 978 2534 versus,
995 2494 1053 2535 qui
1080 2493 1188 2524 debet
1212 2501 1288 2523 esse
1312 2490 1519 2529 trochaicus,
1535 2492 1575 2520 ut
1595 2486 1717 2520 ceteri.
1739 2486 1804 2517 Fa.

342 2544 387 2574 Et
406 2553 479 2582 age-
493 2541 662 2582 posterius
684 2540 803 2571 delent
827 2539 905 2580 Bip.
930 2539 1037 2569 Zeun.
1065 2536 1168 2567 Both.
1194 2535 1342 2566 Br.-39
1365 2533 1406 2565 In
1432 2533 1532 2564 Bem.
1550 2531 1600 2562 ita
1625 2532 1704 2561 sunt
1727 2528 1804 2559 haec

341 2585 457 2627 verba,
476 2586 565 2617 Faxo
582 2584 641 2616 tali
653 2583 696 2616 sit
711 2586 881 2615 mactatas:
906 2591 983 2623 quae
999 2579 1127 2611 locutio
1145 2581 1182 2610 ut
1197 2577 1355 2609 usitatior
1370 2579 1425 2608 est
1441 2585 1452 2615 ;
1470 2574 1570 2615 Virg.
1591 2573 1602 2591 ‘
1615 2570 1722 2605 Haud
1737 2569 1803 2603 sibi

999 2678 1145 2713 NOTAE

388 2760 427 2788 37
467 2758 621 2796 Excquz’as
652 2757 714 2797 ire]
751 2756 1047 2791 Quemadmodum
1103 2754 1149 2786 sic
1167 2753 1223 2785 Ire
1238 2751 1399 2793 exequias
1416 2746 1560 2789 Antiqui
1575 2743 1748 2777 dicebant.

348 2810 498 2846 dicimus
522 2810 576 2840 lre
608 2808 754 2848 inficias,
790 2820 851 2850 pro
883 2807 1045 2845 Infit-imi,
1148 2807 1188 2836 39
1224 2804 1402 2834 Mactatum
1447 2795 1634 2838 infortunio]
1672 2794 1805 2834 Macte,
