<?xml version="1.0" encoding="UTF-8"?>
<!DOCTYPE html PUBLIC "-//W3C//DTD XHTML 1.0 Transitional//EN"
    "http://www.w3.org/TR/xhtml1/DTD/xhtml1-transitional.dtd">
<html xmlns="http://www.w3.org/1999/xhtml" xml:lang="en" lang="en">
 <head>
  <title>
</title>
<meta http-equiv="Content-Type" content="text/html;charset=utf-8" />
  <meta name='ocr-system' content='tesseract 3.04.00' />
  <meta name='ocr-capabilities' content='ocr_page ocr_carea ocr_par ocr_line ocrx_word'/>
</head>
<body>
  <div class='ocr_page' id='page_1' title='image "./pubterentiiafric02tereuoft/pubterentiiafric02tereuoft_0202.png"; bbox 0 0 1966 3302; ppageno 0'>
   <div class='ocr_carea' id='block_1_1' title="bbox 313 247 1276 289">
    <p class='ocr_par' dir='ltr' id='par_1_1' title="bbox 313 247 1276 289">
     <span class='ocr_line' id='line_1_1' title="bbox 313 247 1276 289; baseline -0.008 0"><span class='ocrx_word' id='word_1_1' title='bbox 313 247 398 289; x_wconf 76' lang='lat'>692</span> <span class='ocrx_word' id='word_1_2' title='bbox 812 255 852 284; x_wconf 88' lang='lat' dir='ltr'>P.</span> <span class='ocrx_word' id='word_1_3' title='bbox 884 252 1125 284; x_wconf 75' lang='lat' dir='ltr'>TERENTH</span> <span class='ocrx_word' id='word_1_4' title='bbox 1158 252 1276 282; x_wconf 67' lang='grc' dir='ltr'>ΛΕΜ</span> 
     </span>
    </p>
   </div>
   <div class='ocr_carea' id='block_1_2' title="bbox 316 342 1765 742">
    <p class='ocr_par' dir='ltr' id='par_1_2' title="bbox 316 342 1762 470">
     <span class='ocr_line' id='line_1_2' title="bbox 316 342 1762 402; baseline -0.006 -8"><span class='ocrx_word' id='word_1_5' title='bbox 316 353 339 394; x_wconf 91' lang='grc' dir='ltr'>Ι</span> <span class='ocrx_word' id='word_1_6' title='bbox 361 364 475 393; x_wconf 85' lang='lat' dir='ltr'>nunc</span> <span class='ocrx_word' id='word_1_7' title='bbox 489 350 598 402; x_wconf 81' lang='lat' dir='ltr'>jam.</span> <span class='ocrx_word' id='word_1_8' title='bbox 661 347 781 389; x_wconf 87' lang='lat' dir='ltr'><strong>SAN.</strong></span> <span class='ocrx_word' id='word_1_9' title='bbox 814 345 935 396; x_wconf 85' lang='lat' dir='ltr'><strong>Quid</strong></span> <span class='ocrx_word' id='word_1_10' title='bbox 954 346 1037 387; x_wconf 87' lang='lat' dir='ltr'>hoc</span> <span class='ocrx_word' id='word_1_11' title='bbox 1059 346 1122 387; x_wconf 89' lang='lat' dir='ltr'>rei</span> <span class='ocrx_word' id='word_1_12' title='bbox 1142 346 1230 387; x_wconf 85' lang='lat' dir='ltr'>est!</span> <span class='ocrx_word' id='word_1_13' title='bbox 1262 356 1511 399; x_wconf 80' lang='lat' dir='ltr'>regnumne,</span> <span class='ocrx_word' id='word_1_14' title='bbox 1537 342 1762 394; x_wconf 86' lang='lat' dir='ltr'>AEschine‚</span> 
     </span>
     <span class='ocr_line' id='line_1_3' title="bbox 487 415 885 470; baseline -0.01 -11"><span class='ocrx_word' id='word_1_15' title='bbox 487 418 558 459; x_wconf 89' lang='lat' dir='ltr'>hic</span> <span class='ocrx_word' id='word_1_16' title='bbox 580 420 626 457; x_wconf 85' lang='lat' dir='ltr'>tu</span> <span class='ocrx_word' id='word_1_17' title='bbox 647 415 885 470; x_wconf 67' lang='lat' dir='ltr'>possides?</span> 
     </span>
    </p>

    <p class='ocr_par' dir='ltr' id='par_1_3' title="bbox 316 480 1621 538">
     <span class='ocr_line' id='line_1_4' title="bbox 316 480 1621 538; baseline -0.007 -9"><span class='ocrx_word' id='word_1_18' title='bbox 316 488 418 529; x_wconf 83' lang='lat' dir='ltr'>AEs.</span> <span class='ocrx_word' id='word_1_19' title='bbox 451 487 498 526; x_wconf 88' lang='lat' dir='ltr'>Si</span> <span class='ocrx_word' id='word_1_20' title='bbox 519 484 807 538; x_wconf 81' lang='lat' dir='ltr'>possiderem,</span> <span class='ocrx_word' id='word_1_21' title='bbox 830 487 1013 523; x_wconf 86' lang='lat' dir='ltr'>ornatus</span> <span class='ocrx_word' id='word_1_22' title='bbox 1036 494 1157 522; x_wconf 88' lang='lat' dir='ltr'>esses</span> <span class='ocrx_word' id='word_1_23' title='bbox 1178 494 1236 521; x_wconf 85' lang='lat' dir='ltr'>ex</span> <span class='ocrx_word' id='word_1_24' title='bbox 1258 481 1348 521; x_wconf 84' lang='lat' dir='ltr'>tuis</span> <span class='ocrx_word' id='word_1_25' title='bbox 1369 480 1621 521; x_wconf 85' lang='lat' dir='ltr'>virtutibus.</span> 
     </span>
    </p>

    <p class='ocr_par' dir='ltr' id='par_1_4' title="bbox 316 546 1763 677">
     <span class='ocr_line' id='line_1_5' title="bbox 316 546 1763 604; baseline -0.007 -8"><span class='ocrx_word' id='word_1_26' title='bbox 316 556 436 596; x_wconf 66' lang='grc' dir='ltr'><strong>ΒΑΝ.</strong></span> <span class='ocrx_word' id='word_1_27' title='bbox 468 553 591 604; x_wconf 78' lang='lat' dir='ltr'>Quid</span> <span class='ocrx_word' id='word_1_28' title='bbox 615 552 694 594; x_wconf 87' lang='lat' dir='ltr'>tibi</span> <span class='ocrx_word' id='word_1_29' title='bbox 712 551 774 592; x_wconf 86' lang='lat' dir='ltr'>rei</span> <span class='ocrx_word' id='word_1_30' title='bbox 796 563 968 591; x_wconf 86' lang='lat' dir='ltr'>mecum</span> <span class='ocrx_word' id='word_1_31' title='bbox 989 548 1074 590; x_wconf 57' lang='lat' dir='ltr'>&#39;sti</span> <span class='ocrx_word' id='word_1_32' title='bbox 1133 549 1233 589; x_wconf 84' lang='lat' dir='ltr'>AEs.</span> <span class='ocrx_word' id='word_1_33' title='bbox 1266 548 1404 589; x_wconf 88' lang='lat' dir='ltr'>Nihil.</span> <span class='ocrx_word' id='word_1_34' title='bbox 1465 546 1763 597; x_wconf 65' lang='lat' dir='ltr'>SAN.‚Quid2</span> 
     </span>
     <span class='ocr_line' id='line_1_6' title="bbox 489 608 1416 677; baseline -0.008 -15"><span class='ocrx_word' id='word_1_35' title='bbox 489 620 644 663; x_wconf 87' lang='lat' dir='ltr'>nostin&#39;</span> <span class='ocrx_word' id='word_1_36' title='bbox 665 610 748 677; x_wconf 61' lang='lat' dir='ltr'>qui</span> <span class='ocrx_word' id='word_1_37' title='bbox 762 608 876 660; x_wconf 70' lang='lat' dir='ltr'>sim?</span> <span class='ocrx_word' id='word_1_38' title='bbox 938 618 1038 658; x_wconf 84' lang='lat' dir='ltr'>AEs.</span> <span class='ocrx_word' id='word_1_39' title='bbox 1070 616 1177 658; x_wconf 89' lang='lat' dir='ltr'>Non</span> <span class='ocrx_word' id='word_1_40' title='bbox 1199 616 1416 657; x_wconf 89' lang='lat' dir='ltr'>desidero.</span> 
     </span>
    </p>

    <p class='ocr_par' dir='ltr' id='par_1_5' title="bbox 317 676 1765 742">
     <span class='ocr_line' id='line_1_7' title="bbox 317 676 1765 742; baseline -0.008 -10"><span class='ocrx_word' id='word_1_41' title='bbox 317 692 435 733; x_wconf 82' lang='lat' dir='ltr'><strong>SAN.</strong></span> <span class='ocrx_word' id='word_1_42' title='bbox 465 687 655 742; x_wconf 83' lang='lat' dir='ltr'>Tetigin&#39;</span> <span class='ocrx_word' id='word_1_43' title='bbox 675 676 737 729; x_wconf 70' lang='lat' dir='ltr'>fui</span> <span class='ocrx_word' id='word_1_44' title='bbox 759 686 1025 741; x_wconf 67' lang='lat' dir='ltr'>quicquam?</span> <span class='ocrx_word' id='word_1_45' title='bbox 1085 686 1185 726; x_wconf 83' lang='lat' dir='ltr'>AES.</span> <span class='ocrx_word' id='word_1_46' title='bbox 1216 684 1265 725; x_wconf 83' lang='lat' dir='ltr'>Si</span> <span class='ocrx_word' id='word_1_47' title='bbox 1287 684 1521 736; x_wconf 83' lang='lat' dir='ltr'>attigisses,</span> <span class='ocrx_word' id='word_1_48' title='bbox 1542 682 1679 723; x_wconf 86' lang='lat' dir='ltr'>ferres</span> <span class='ocrx_word' id='word_1_49' title='bbox 1700 681 1765 722; x_wconf 91' lang='lat' dir='ltr'>in-</span> 
     </span>
    </p>
   </div>
   <div class='ocr_carea' id='block_1_3' title="bbox 316 757 1767 946">
    <p class='ocr_par' dir='ltr' id='par_1_6' title="bbox 316 757 1767 946">
     <span class='ocr_line' id='line_1_8' title="bbox 488 757 746 798; baseline -0.012 0"><span class='ocrx_word' id='word_1_50' title='bbox 488 757 746 798; x_wconf 81' lang='lat' dir='ltr'>fortunium.</span> 
     </span>
     <span class='ocr_line' id='line_1_9' title="bbox 316 820 1766 890; baseline -0.007 -23"><span class='ocrx_word' id='word_1_51' title='bbox 316 827 436 868; x_wconf 79' lang='lat' dir='ltr'><strong>SAN.</strong></span> <span class='ocrx_word' id='word_1_52' title='bbox 469 825 561 890; x_wconf 42' lang='grc' dir='ltr'>(ἐμὲ</span> <span class='ocrx_word' id='word_1_53' title='bbox 592 825 672 865; x_wconf 87' lang='lat' dir='ltr'>tibi</span> <span class='ocrx_word' id='word_1_54' title='bbox 703 823 844 876; x_wconf 83' lang='lat' dir='ltr'>magis</span> <span class='ocrx_word' id='word_1_55' title='bbox 864 822 972 863; x_wconf 81' lang='lat' dir='ltr'>licet</span> <span class='ocrx_word' id='word_1_56' title='bbox 993 834 1137 861; x_wconf 90' lang='lat' dir='ltr'>meam</span> <span class='ocrx_word' id='word_1_57' title='bbox 1157 820 1334 869; x_wconf 89' lang='lat' dir='ltr'>habere,</span> <span class='ocrx_word' id='word_1_58' title='bbox 1366 832 1446 873; x_wconf 92' lang='lat' dir='ltr'>pro</span> <span class='ocrx_word' id='word_1_59' title='bbox 1468 831 1557 872; x_wconf 87' lang='lat' dir='ltr'>qua</span> <span class='ocrx_word' id='word_1_60' title='bbox 1584 830 1663 870; x_wconf 84' lang='lat' dir='ltr'>ego</span> <span class='ocrx_word' id='word_1_61' title='bbox 1699 830 1766 858; x_wconf 86' lang='lat' dir='ltr'>ar-</span> 
     </span>
     <span class='ocr_line' id='line_1_10' title="bbox 485 885 1767 946; baseline -0.006 -13"><span class='ocrx_word' id='word_1_62' title='bbox 485 888 657 946; x_wconf 85' lang='lat' dir='ltr'>gentum</span> <span class='ocrx_word' id='word_1_63' title='bbox 678 891 812 932; x_wconf 68' lang='lat' dir='ltr'>dedi?</span> <span class='ocrx_word' id='word_1_64' title='bbox 1709 885 1767 926; x_wconf 80' lang='lat'>25</span> 
     </span>
    </p>
   </div>
   <div class='ocr_carea' id='block_1_4' title="bbox 316 951 1766 1556">
    <p class='ocr_par' dir='ltr' id='par_1_7' title="bbox 316 951 1765 1082">
     <span class='ocr_line' id='line_1_11' title="bbox 316 951 1765 1015; baseline -0.006 -12"><span class='ocrx_word' id='word_1_65' title='bbox 316 961 569 1015; x_wconf 88' lang='lat' dir='ltr'>Responde.</span> <span class='ocrx_word' id='word_1_66' title='bbox 640 960 741 1001; x_wconf 82' lang='lat' dir='ltr'>AEs.</span> <span class='ocrx_word' id='word_1_67' title='bbox 772 957 888 999; x_wconf 87' lang='lat' dir='ltr'>Ante</span> <span class='ocrx_word' id='word_1_68' title='bbox 922 956 1042 998; x_wconf 87' lang='lat' dir='ltr'>aedes</span> <span class='ocrx_word' id='word_1_69' title='bbox 1074 969 1161 997; x_wconf 92' lang='lat' dir='ltr'>non</span> <span class='ocrx_word' id='word_1_70' title='bbox 1193 956 1352 997; x_wconf 88' lang='lat' dir='ltr'>fecisse</span> <span class='ocrx_word' id='word_1_71' title='bbox 1390 955 1472 996; x_wconf 83' lang='lat' dir='ltr'>erit</span> <span class='ocrx_word' id='word_1_72' title='bbox 1502 953 1659 995; x_wconf 88' lang='lat' dir='ltr'>melius</span> <span class='ocrx_word' id='word_1_73' title='bbox 1692 951 1765 995; x_wconf 84' lang='lat' dir='ltr'>hic</span> 
     </span>
     <span class='ocr_line' id='line_1_12' title="bbox 486 1028 758 1082; baseline -0.011 -12"><span class='ocrx_word' id='word_1_74' title='bbox 486 1028 758 1082; x_wconf 65' lang='lat' dir='ltr'>convioium3</span> 
     </span>
    </p>

    <p class='ocr_par' dir='ltr' id='par_1_8' title="bbox 316 1090 1765 1149">
     <span class='ocr_line' id='line_1_13' title="bbox 316 1090 1765 1149; baseline -0.005 -11"><span class='ocrx_word' id='word_1_75' title='bbox 316 1096 435 1138; x_wconf 83' lang='lat' dir='ltr'>Nam</span> <span class='ocrx_word' id='word_1_76' title='bbox 455 1097 493 1137; x_wconf 88' lang='lat' dir='ltr'>si</span> <span class='ocrx_word' id='word_1_77' title='bbox 514 1097 725 1137; x_wconf 85' lang='lat' dir='ltr'>molestus</span> <span class='ocrx_word' id='word_1_78' title='bbox 746 1095 890 1149; x_wconf 84' lang='lat' dir='ltr'>pergis</span> <span class='ocrx_word' id='word_1_79' title='bbox 909 1106 1023 1142; x_wconf 84' lang='lat' dir='ltr'>esse,</span> <span class='ocrx_word' id='word_1_80' title='bbox 1049 1092 1142 1146; x_wconf 86' lang='lat' dir='ltr'>jam</span> <span class='ocrx_word' id='word_1_81' title='bbox 1164 1093 1278 1133; x_wconf 85' lang='lat' dir='ltr'>intro</span> <span class='ocrx_word' id='word_1_82' title='bbox 1299 1092 1529 1146; x_wconf 84' lang='lat' dir='ltr'>abripiere,</span> <span class='ocrx_word' id='word_1_83' title='bbox 1551 1097 1682 1145; x_wconf 83' lang='lat' dir='ltr'>atque</span> <span class='ocrx_word' id='word_1_84' title='bbox 1702 1090 1765 1132; x_wconf 92' lang='lat' dir='ltr'>ibi</span> 
     </span>
    </p>

    <p class='ocr_par' dir='ltr' id='par_1_9' title="bbox 316 1159 1765 1274">
     <span class='ocr_line' id='line_1_14' title="bbox 316 1159 1765 1218; baseline -0.003 -13"><span class='ocrx_word' id='word_1_85' title='bbox 316 1165 470 1218; x_wconf 88' lang='lat' dir='ltr'>Usque</span> <span class='ocrx_word' id='word_1_86' title='bbox 493 1164 549 1205; x_wconf 90' lang='lat' dir='ltr'>ad</span> <span class='ocrx_word' id='word_1_87' title='bbox 580 1177 737 1205; x_wconf 86' lang='lat' dir='ltr'>necem</span> <span class='ocrx_word' id='word_1_88' title='bbox 771 1165 964 1218; x_wconf 86' lang='lat' dir='ltr'>operiere</span> <span class='ocrx_word' id='word_1_89' title='bbox 993 1163 1114 1203; x_wconf 89' lang='lat' dir='ltr'>loris.</span> <span class='ocrx_word' id='word_1_90' title='bbox 1175 1161 1293 1202; x_wconf 83' lang='lat' dir='ltr'>SAN.</span> <span class='ocrx_word' id='word_1_91' title='bbox 1324 1160 1452 1201; x_wconf 88' lang='lat' dir='ltr'>Loris</span> <span class='ocrx_word' id='word_1_92' title='bbox 1475 1160 1606 1201; x_wconf 87' lang='lat' dir='ltr'>liber!</span> <span class='ocrx_word' id='word_1_93' title='bbox 1665 1159 1765 1200; x_wconf 86' lang='lat' dir='ltr'>AES.</span> 
     </span>
     <span class='ocr_line' id='line_1_15' title="bbox 485 1231 675 1274; baseline 0 -1"><span class='ocrx_word' id='word_1_94' title='bbox 485 1231 559 1273; x_wconf 90' lang='lat' dir='ltr'>Sic</span> <span class='ocrx_word' id='word_1_95' title='bbox 580 1232 675 1274; x_wconf 86' lang='lat' dir='ltr'>erit.</span> 
     </span>
    </p>

    <p class='ocr_par' dir='ltr' id='par_1_10' title="bbox 317 1295 1764 1407">
     <span class='ocr_line' id='line_1_16' title="bbox 317 1295 1764 1353; baseline -0.004 -12"><span class='ocrx_word' id='word_1_96' title='bbox 317 1300 437 1342; x_wconf 88' lang='lat' dir='ltr'><strong>SAN.</strong></span> <span class='ocrx_word' id='word_1_97' title='bbox 460 1299 498 1340; x_wconf 91' lang='lat' dir='ltr'>O</span> <span class='ocrx_word' id='word_1_98' title='bbox 516 1300 733 1341; x_wconf 86' lang='lat' dir='ltr'>hominem</span> <span class='ocrx_word' id='word_1_99' title='bbox 750 1299 992 1353; x_wconf 87' lang='lat' dir='ltr'>impurum!</span> <span class='ocrx_word' id='word_1_100' title='bbox 1014 1298 1187 1339; x_wconf 87' lang='lat' dir='ltr'>hiccine</span> <span class='ocrx_word' id='word_1_101' title='bbox 1199 1298 1445 1339; x_wconf 85' lang='lat' dir='ltr'>libertatem</span> <span class='ocrx_word' id='word_1_102' title='bbox 1459 1295 1578 1336; x_wconf 86' lang='lat' dir='ltr'>aiunt</span> <span class='ocrx_word' id='word_1_103' title='bbox 1594 1307 1764 1349; x_wconf 85' lang='lat' dir='ltr'>aequam</span> 
     </span>
     <span class='ocr_line' id='line_1_17' title="bbox 487 1367 844 1407; baseline -0.002 0"><span class='ocrx_word' id='word_1_104' title='bbox 487 1380 586 1407; x_wconf 87' lang='lat' dir='ltr'>esse</span> <span class='ocrx_word' id='word_1_105' title='bbox 607 1367 812 1407; x_wconf 90' lang='lat' dir='ltr'>omnibus</span> <span class='ocrx_word' id='word_1_106' title='bbox 825 1367 844 1406; x_wconf 70' lang='lat' dir='ltr'>&#39;l</span> 
     </span>
    </p>

    <p class='ocr_par' dir='ltr' id='par_1_11' title="bbox 318 1431 1766 1556">
     <span class='ocr_line' id='line_1_18' title="bbox 318 1431 1764 1489; baseline -0.004 -13"><span class='ocrx_word' id='word_1_107' title='bbox 318 1436 420 1476; x_wconf 84' lang='lat' dir='ltr'>AEs.</span> <span class='ocrx_word' id='word_1_108' title='bbox 450 1436 498 1476; x_wconf 87' lang='lat' dir='ltr'>Si</span> <span class='ocrx_word' id='word_1_109' title='bbox 520 1435 631 1476; x_wconf 84' lang='lat' dir='ltr'>satis</span> <span class='ocrx_word' id='word_1_110' title='bbox 659 1435 755 1489; x_wconf 85' lang='lat' dir='ltr'>jam</span> <span class='ocrx_word' id='word_1_111' title='bbox 777 1433 1074 1474; x_wconf 74' lang='lat' dir='ltr'>debacchatus</span> <span class='ocrx_word' id='word_1_112' title='bbox 1096 1445 1158 1483; x_wconf 88' lang='lat' dir='ltr'>es,</span> <span class='ocrx_word' id='word_1_113' title='bbox 1179 1433 1296 1482; x_wconf 91' lang='lat' dir='ltr'>leno,</span> <span class='ocrx_word' id='word_1_114' title='bbox 1317 1431 1438 1481; x_wconf 92' lang='lat' dir='ltr'>audi,</span> <span class='ocrx_word' id='word_1_115' title='bbox 1473 1431 1512 1471; x_wconf 91' lang='lat' dir='ltr'>si</span> <span class='ocrx_word' id='word_1_116' title='bbox 1540 1431 1622 1481; x_wconf 81' lang='lat' dir='ltr'>viS,</span> <span class='ocrx_word' id='word_1_117' title='bbox 1651 1443 1764 1471; x_wconf 87' lang='lat' dir='ltr'>nunc</span> 
     </span>
     <span class='ocr_line' id='line_1_19' title="bbox 481 1498 1766 1556; baseline -0.004 -13"><span class='ocrx_word' id='word_1_118' title='bbox 481 1502 590 1556; x_wconf 87' lang='lat' dir='ltr'>jam.</span> <span class='ocrx_word' id='word_1_119' title='bbox 1708 1498 1766 1539; x_wconf 83' lang='lat'>30</span> 
     </span>
    </p>
   </div>
   <div class='ocr_carea' id='block_1_5' title="bbox 315 1617 1770 2134">
    <p class='ocr_par' dir='ltr' id='par_1_12' title="bbox 315 1617 1770 2134">
     <span class='ocr_line' id='line_1_20' title="bbox 317 1617 1766 1661; baseline -0.003 -6"><span class='ocrx_word' id='word_1_120' title='bbox 317 1634 415 1655; x_wconf 80' lang='lat' dir='ltr'>meno.</span> <span class='ocrx_word' id='word_1_121' title='bbox 461 1624 520 1656; x_wconf 74' lang='lat' dir='ltr'>SA.</span> <span class='ocrx_word' id='word_1_122' title='bbox 547 1623 705 1658; x_wconf 78' lang='lat' dir='ltr'>Quidnam</span> <span class='ocrx_word' id='word_1_123' title='bbox 732 1623 787 1653; x_wconf 84' lang='lat' dir='ltr'>hoc</span> <span class='ocrx_word' id='word_1_124' title='bbox 798 1622 883 1661; x_wconf 76' lang='lat' dir='ltr'>sacti</span> <span class='ocrx_word' id='word_1_125' title='bbox 911 1621 971 1652; x_wconf 81' lang='lat' dir='ltr'>sibi</span> <span class='ocrx_word' id='word_1_126' title='bbox 996 1622 1085 1652; x_wconf 78' lang='lat' dir='ltr'>vult?</span> <span class='ocrx_word' id='word_1_127' title='bbox 1130 1621 1287 1659; x_wconf 77' lang='lat' dir='ltr'>Regemne</span> <span class='ocrx_word' id='word_1_128' title='bbox 1301 1619 1351 1650; x_wconf 78' lang='lat' dir='ltr'>hic</span> <span class='ocrx_word' id='word_1_129' title='bbox 1366 1622 1395 1650; x_wconf 78' lang='lat' dir='ltr'>te</span> <span class='ocrx_word' id='word_1_130' title='bbox 1416 1628 1526 1658; x_wconf 80' lang='lat' dir='ltr'>gerere</span> <span class='ocrx_word' id='word_1_131' title='bbox 1552 1619 1645 1649; x_wconf 76' lang='lat' dir='ltr'>audes</span> <span class='ocrx_word' id='word_1_132' title='bbox 1669 1617 1766 1650; x_wconf 82' lang='lat' dir='ltr'>Athe-</span> 
     </span>
     <span class='ocr_line' id='line_1_21' title="bbox 316 1661 1766 1707; baseline -0.004 -9"><span class='ocrx_word' id='word_1_133' title='bbox 316 1668 378 1707; x_wconf 87' lang='lat' dir='ltr'>nis,</span> <span class='ocrx_word' id='word_1_134' title='bbox 396 1667 490 1697; x_wconf 84' lang='lat' dir='ltr'>libera</span> <span class='ocrx_word' id='word_1_135' title='bbox 506 1664 657 1697; x_wconf 76' lang='lat' dir='ltr'>civitate?</span> <span class='ocrx_word' id='word_1_136' title='bbox 702 1665 769 1697; x_wconf 82' lang='lat' dir='ltr'>AES.</span> <span class='ocrx_word' id='word_1_137' title='bbox 795 1665 833 1696; x_wconf 76' lang='lat' dir='ltr'>Si</span> <span class='ocrx_word' id='word_1_138' title='bbox 853 1666 922 1696; x_wconf 80' lang='lat' dir='ltr'>Rex</span> <span class='ocrx_word' id='word_1_139' title='bbox 936 1665 985 1695; x_wconf 81' lang='lat' dir='ltr'>hic</span> <span class='ocrx_word' id='word_1_140' title='bbox 1000 1674 1106 1702; x_wconf 85' lang='lat' dir='ltr'>essem,</span> <span class='ocrx_word' id='word_1_141' title='bbox 1118 1664 1244 1694; x_wconf 77' lang='lat' dir='ltr'>haberes</span> <span class='ocrx_word' id='word_1_142' title='bbox 1259 1663 1322 1693; x_wconf 77' lang='lat' dir='ltr'>tuis</span> <span class='ocrx_word' id='word_1_143' title='bbox 1336 1662 1505 1693; x_wconf 83' lang='lat' dir='ltr'>virtutibus</span> <span class='ocrx_word' id='word_1_144' title='bbox 1519 1661 1614 1700; x_wconf 80' lang='lat' dir='ltr'>digna</span> <span class='ocrx_word' id='word_1_145' title='bbox 1624 1661 1766 1701; x_wconf 75' lang='lat' dir='ltr'>proemia.</span> 
     </span>
     <span class='ocr_line' id='line_1_22' title="bbox 317 1703 1769 1749; baseline -0.005 -8"><span class='ocrx_word' id='word_1_146' title='bbox 317 1711 376 1741; x_wconf 84' lang='lat' dir='ltr'>SA.</span> <span class='ocrx_word' id='word_1_147' title='bbox 403 1710 487 1745; x_wconf 81' lang='lat' dir='ltr'>Quid</span> <span class='ocrx_word' id='word_1_148' title='bbox 510 1708 628 1747; x_wconf 76' lang='lat' dir='ltr'>negotii</span> <span class='ocrx_word' id='word_1_149' title='bbox 653 1712 711 1747; x_wconf 82' lang='lat' dir='ltr'>est,</span> <span class='ocrx_word' id='word_1_150' title='bbox 735 1708 928 1749; x_wconf 78' lang='lat' dir='ltr'>quamohrem</span> <span class='ocrx_word' id='word_1_151' title='bbox 955 1717 1002 1738; x_wconf 82' lang='lat' dir='ltr'>me</span> <span class='ocrx_word' id='word_1_152' title='bbox 1025 1707 1138 1738; x_wconf 85' lang='lat' dir='ltr'>coedis?</span> <span class='ocrx_word' id='word_1_153' title='bbox 1175 1707 1242 1737; x_wconf 83' lang='lat' dir='ltr'>AEs.</span> <span class='ocrx_word' id='word_1_154' title='bbox 1268 1705 1371 1736; x_wconf 75' lang='lat' dir='ltr'>Nihil.</span> <span class='ocrx_word' id='word_1_155' title='bbox 1415 1706 1472 1735; x_wconf 78' lang='lat' dir='ltr'>SA.</span> <span class='ocrx_word' id='word_1_156' title='bbox 1498 1704 1603 1740; x_wconf 83' lang='lat' dir='ltr'>Quid?</span> <span class='ocrx_word' id='word_1_157' title='bbox 1625 1714 1696 1734; x_wconf 86' lang='lat' dir='ltr'>num</span> <span class='ocrx_word' id='word_1_158' title='bbox 1711 1703 1769 1735; x_wconf 79' lang='lat' dir='ltr'>tibi</span> 
     </span>
     <span class='ocr_line' id='line_1_23' title="bbox 316 1746 1768 1791; baseline -0.004 -8"><span class='ocrx_word' id='word_1_159' title='bbox 316 1757 408 1784; x_wconf 78' lang='lat' dir='ltr'>notus</span> <span class='ocrx_word' id='word_1_160' title='bbox 422 1755 511 1782; x_wconf 82' lang='lat' dir='ltr'>sum?</span> <span class='ocrx_word' id='word_1_161' title='bbox 556 1751 625 1782; x_wconf 67' lang='lat' dir='ltr'>JES.</span> <span class='ocrx_word' id='word_1_162' title='bbox 651 1752 724 1781; x_wconf 87' lang='lat' dir='ltr'>Non</span> <span class='ocrx_word' id='word_1_163' title='bbox 739 1752 826 1782; x_wconf 80' lang='lat' dir='ltr'>valde</span> <span class='ocrx_word' id='word_1_164' title='bbox 848 1750 934 1791; x_wconf 82' lang='lat' dir='ltr'>cupio</span> <span class='ocrx_word' id='word_1_165' title='bbox 957 1754 986 1781; x_wconf 88' lang='lat' dir='ltr'>te</span> <span class='ocrx_word' id='word_1_166' title='bbox 1005 1750 1084 1781; x_wconf 86' lang='lat' dir='ltr'>mihi</span> <span class='ocrx_word' id='word_1_167' title='bbox 1099 1753 1202 1780; x_wconf 83' lang='lat' dir='ltr'>notum</span> <span class='ocrx_word' id='word_1_168' title='bbox 1218 1758 1295 1779; x_wconf 87' lang='lat' dir='ltr'>esse.</span> <span class='ocrx_word' id='word_1_169' title='bbox 1338 1749 1395 1778; x_wconf 73' lang='lat' dir='ltr'>SA.</span> <span class='ocrx_word' id='word_1_170' title='bbox 1420 1747 1635 1787; x_wconf 82' lang='lat' dir='ltr'>Quidquamne</span> <span class='ocrx_word' id='word_1_171' title='bbox 1650 1756 1690 1778; x_wconf 74' lang='lat' dir='ltr'>ex</span> <span class='ocrx_word' id='word_1_172' title='bbox 1704 1746 1768 1777; x_wconf 81' lang='lat' dir='ltr'>tuis</span> 
     </span>
     <span class='ocr_line' id='line_1_24' title="bbox 315 1789 1766 1832; baseline -0.005 -6"><span class='ocrx_word' id='word_1_173' title='bbox 315 1797 404 1826; x_wconf 76' lang='lat' dir='ltr'>rebus</span> <span class='ocrx_word' id='word_1_174' title='bbox 434 1796 623 1826; x_wconf 74' lang='lat' dir='ltr'>attrectavi?</span> <span class='ocrx_word' id='word_1_175' title='bbox 666 1795 733 1825; x_wconf 82' lang='lat' dir='ltr'>AEs.</span> <span class='ocrx_word' id='word_1_176' title='bbox 757 1794 793 1825; x_wconf 83' lang='lat' dir='ltr'>Si</span> <span class='ocrx_word' id='word_1_177' title='bbox 823 1793 983 1832; x_wconf 75' lang='lat' dir='ltr'>attigisses</span> <span class='ocrx_word' id='word_1_178' title='bbox 1007 1795 1143 1830; x_wconf 80' lang='lat' dir='ltr'>tantum,</span> <span class='ocrx_word' id='word_1_179' title='bbox 1166 1792 1244 1823; x_wconf 79' lang='lat' dir='ltr'>male</span> <span class='ocrx_word' id='word_1_180' title='bbox 1267 1794 1297 1822; x_wconf 73' lang='lat' dir='ltr'>et</span> <span class='ocrx_word' id='word_1_181' title='bbox 1318 1790 1487 1829; x_wconf 79' lang='lat' dir='ltr'>infeliciter</span> <span class='ocrx_word' id='word_1_182' title='bbox 1508 1791 1541 1820; x_wconf 87' lang='lat' dir='ltr'>id</span> <span class='ocrx_word' id='word_1_183' title='bbox 1556 1789 1615 1820; x_wconf 77' lang='lat' dir='ltr'>tibi</span> <span class='ocrx_word' id='word_1_184' title='bbox 1636 1790 1766 1820; x_wconf 77' lang='lat' dir='ltr'>cederet.</span> 
     </span>
     <span class='ocr_line' id='line_1_25' title="bbox 317 1832 1769 1877; baseline -0.005 -8"><span class='ocrx_word' id='word_1_185' title='bbox 317 1839 377 1869; x_wconf 84' lang='lat' dir='ltr'>SA.</span> <span class='ocrx_word' id='word_1_186' title='bbox 401 1838 439 1869; x_wconf 85' lang='lat' dir='ltr'>Si</span> <span class='ocrx_word' id='word_1_187' title='bbox 468 1838 544 1868; x_wconf 77' lang='lat' dir='ltr'>mihi</span> <span class='ocrx_word' id='word_1_188' title='bbox 566 1847 626 1868; x_wconf 86' lang='lat' dir='ltr'>non</span> <span class='ocrx_word' id='word_1_189' title='bbox 653 1837 836 1877; x_wconf 73' lang='lat' dir='ltr'>per-missum</span> <span class='ocrx_word' id='word_1_190' title='bbox 857 1839 903 1867; x_wconf 81' lang='lat' dir='ltr'>est</span> <span class='ocrx_word' id='word_1_191' title='bbox 925 1846 992 1876; x_wconf 82' lang='lat' dir='ltr'>quoe</span> <span class='ocrx_word' id='word_1_192' title='bbox 1015 1839 1069 1866; x_wconf 84' lang='lat' dir='ltr'>tna</span> <span class='ocrx_word' id='word_1_193' title='bbox 1091 1838 1174 1873; x_wconf 85' lang='lat' dir='ltr'>sunt,</span> <span class='ocrx_word' id='word_1_194' title='bbox 1194 1834 1362 1873; x_wconf 83' lang='lat' dir='ltr'>attingere,</span> <span class='ocrx_word' id='word_1_195' title='bbox 1385 1843 1438 1863; x_wconf 83' lang='lat' dir='ltr'>cur</span> <span class='ocrx_word' id='word_1_196' title='bbox 1454 1832 1511 1863; x_wconf 73' lang='lat' dir='ltr'>tibi</span> <span class='ocrx_word' id='word_1_197' title='bbox 1525 1832 1616 1863; x_wconf 81' lang='lat' dir='ltr'>liceat</span> <span class='ocrx_word' id='word_1_198' title='bbox 1635 1832 1769 1872; x_wconf 75' lang='lat' dir='ltr'>puellam</span> 
     </span>
     <span class='ocr_line' id='line_1_26' title="bbox 317 1874 1766 1922; baseline -0.004 -11"><span class='ocrx_word' id='word_1_199' title='bbox 317 1891 408 1922; x_wconf 85' lang='lat' dir='ltr'>quam</span> <span class='ocrx_word' id='word_1_200' title='bbox 434 1882 506 1920; x_wconf 71' lang='lat' dir='ltr'>emi,</span> <span class='ocrx_word' id='word_1_201' title='bbox 525 1881 678 1911; x_wconf 83' lang='lat' dir='ltr'>retinere?</span> <span class='ocrx_word' id='word_1_202' title='bbox 699 1881 854 1920; x_wconf 78' lang='lat' dir='ltr'>responde.</span> <span class='ocrx_word' id='word_1_203' title='bbox 903 1879 967 1909; x_wconf 82' lang='lat' dir='ltr'>AEs.</span> <span class='ocrx_word' id='word_1_204' title='bbox 996 1878 1113 1909; x_wconf 80' lang='lat' dir='ltr'>Utilius</span> <span class='ocrx_word' id='word_1_205' title='bbox 1136 1877 1194 1908; x_wconf 82' lang='lat' dir='ltr'>tibi</span> <span class='ocrx_word' id='word_1_206' title='bbox 1209 1877 1282 1916; x_wconf 82' lang='lat' dir='ltr'>erit,</span> <span class='ocrx_word' id='word_1_207' title='bbox 1298 1877 1348 1906; x_wconf 83' lang='lat' dir='ltr'>hic</span> <span class='ocrx_word' id='word_1_208' title='bbox 1362 1879 1433 1907; x_wconf 83' lang='lat' dir='ltr'>ante</span> <span class='ocrx_word' id='word_1_209' title='bbox 1449 1877 1530 1906; x_wconf 79' lang='lat' dir='ltr'>oedes</span> <span class='ocrx_word' id='word_1_210' title='bbox 1551 1875 1668 1915; x_wconf 82' lang='lat' dir='ltr'>publice</span> <span class='ocrx_word' id='word_1_211' title='bbox 1683 1874 1766 1912; x_wconf 75' lang='lat' dir='ltr'>inju-</span> 
     </span>
     <span class='ocr_line' id='line_1_27' title="bbox 315 1916 1766 1961; baseline -0.005 -7"><span class='ocrx_word' id='word_1_212' title='bbox 315 1925 397 1954; x_wconf 84' lang='lat' dir='ltr'>riam</span> <span class='ocrx_word' id='word_1_213' title='bbox 411 1923 488 1953; x_wconf 78' lang='lat' dir='ltr'>mihi</span> <span class='ocrx_word' id='word_1_214' title='bbox 504 1923 698 1961; x_wconf 81' lang='lat' dir='ltr'>vociferando</span> <span class='ocrx_word' id='word_1_215' title='bbox 714 1933 773 1952; x_wconf 88' lang='lat' dir='ltr'>non</span> <span class='ocrx_word' id='word_1_216' title='bbox 791 1922 904 1960; x_wconf 84' lang='lat' dir='ltr'>secisse</span> <span class='ocrx_word' id='word_1_217' title='bbox 916 1933 926 1952; x_wconf 91' lang='grc'>.·</span> <span class='ocrx_word' id='word_1_218' title='bbox 948 1931 1021 1952; x_wconf 85' lang='lat' dir='ltr'>nam</span> <span class='ocrx_word' id='word_1_219' title='bbox 1039 1921 1067 1951; x_wconf 80' lang='lat' dir='ltr'>si</span> <span class='ocrx_word' id='word_1_220' title='bbox 1076 1920 1220 1961; x_wconf 78' lang='lat' dir='ltr'>persistis</span> <span class='ocrx_word' id='word_1_221' title='bbox 1232 1919 1401 1950; x_wconf 75' lang='lat' dir='ltr'>molestiam</span> <span class='ocrx_word' id='word_1_222' title='bbox 1416 1918 1493 1949; x_wconf 72' lang='lat' dir='ltr'>mihi</span> <span class='ocrx_word' id='word_1_223' title='bbox 1509 1918 1664 1956; x_wconf 77' lang='lat' dir='ltr'>exhibere,</span> <span class='ocrx_word' id='word_1_224' title='bbox 1683 1916 1766 1948; x_wconf 75' lang='lat' dir='ltr'>intro</span> 
     </span>
     <span class='ocr_line' id='line_1_28' title="bbox 317 1960 1770 2004; baseline -0.005 -7"><span class='ocrx_word' id='word_1_225' title='bbox 317 1968 438 1998; x_wconf 81' lang='lat' dir='ltr'>domum</span> <span class='ocrx_word' id='word_1_226' title='bbox 450 1966 586 1996; x_wconf 79' lang='lat' dir='ltr'>sublatus</span> <span class='ocrx_word' id='word_1_227' title='bbox 601 1965 769 1996; x_wconf 77' lang='lat' dir='ltr'>innumeris</span> <span class='ocrx_word' id='word_1_228' title='bbox 783 1966 915 1995; x_wconf 64' lang='lat' dir='ltr'>lov-arum</span> <span class='ocrx_word' id='word_1_229' title='bbox 930 1964 1032 2004; x_wconf 78' lang='lat' dir='ltr'>plagis</span> <span class='ocrx_word' id='word_1_230' title='bbox 1047 1963 1186 2002; x_wconf 73' lang='lat' dir='ltr'>caederz&#39;s,</span> <span class='ocrx_word' id='word_1_231' title='bbox 1200 1963 1240 1993; x_wconf 88' lang='lat' dir='ltr'>ad</span> <span class='ocrx_word' id='word_1_232' title='bbox 1255 1972 1356 1993; x_wconf 76' lang='lat' dir='ltr'>necem</span> <span class='ocrx_word' id='word_1_233' title='bbox 1370 1971 1475 2001; x_wconf 84' lang='lat' dir='ltr'>usque.</span> <span class='ocrx_word' id='word_1_234' title='bbox 1521 1961 1578 1991; x_wconf 81' lang='lat' dir='ltr'>SA.</span> <span class='ocrx_word' id='word_1_235' title='bbox 1604 1960 1658 1991; x_wconf 88' lang='lat' dir='ltr'>Me</span> <span class='ocrx_word' id='word_1_236' title='bbox 1672 1960 1770 1991; x_wconf 80' lang='lat' dir='ltr'>homi·</span> 
     </span>
     <span class='ocr_line' id='line_1_29' title="bbox 316 2000 1767 2048; baseline -0.005 -9"><span class='ocrx_word' id='word_1_237' title='bbox 316 2019 385 2040; x_wconf 85' lang='lat' dir='ltr'>nem</span> <span class='ocrx_word' id='word_1_238' title='bbox 400 2009 528 2039; x_wconf 81' lang='lat' dir='ltr'>liberum</span> <span class='ocrx_word' id='word_1_239' title='bbox 555 2008 628 2038; x_wconf 83' lang='lat' dir='ltr'>loris</span> <span class='ocrx_word' id='word_1_240' title='bbox 650 2006 772 2038; x_wconf 75' lang='lat' dir='ltr'>caedes?</span> <span class='ocrx_word' id='word_1_241' title='bbox 818 2007 886 2038; x_wconf 85' lang='lat' dir='ltr'>AEs.</span> <span class='ocrx_word' id='word_1_242' title='bbox 911 2007 966 2037; x_wconf 72' lang='lat' dir='ltr'>Sic</span> <span class='ocrx_word' id='word_1_243' title='bbox 986 2007 1059 2048; x_wconf 87' lang='lat' dir='ltr'>fiet.</span> <span class='ocrx_word' id='word_1_244' title='bbox 1104 2006 1162 2036; x_wconf 74' lang='lat' dir='ltr'>SA.</span> <span class='ocrx_word' id='word_1_245' title='bbox 1191 2006 1219 2035; x_wconf 92' lang='lat' dir='ltr'><strong>O</strong></span> <span class='ocrx_word' id='word_1_246' title='bbox 1242 2005 1391 2035; x_wconf 75' lang='lat' dir='ltr'>hominem</span> <span class='ocrx_word' id='word_1_247' title='bbox 1406 2003 1548 2045; x_wconf 81' lang='lat' dir='ltr'>flagitiis</span> <span class='ocrx_word' id='word_1_248' title='bbox 1576 2000 1767 2033; x_wconf 82' lang='lat' dir='ltr'>obscoenum!</span> 
     </span>
     <span class='ocr_line' id='line_1_30' title="bbox 321 2045 1765 2090; baseline -0.004 -8"><span class='ocrx_word' id='word_1_249' title='bbox 321 2052 409 2082; x_wconf 83' lang='lat' dir='ltr'>Itane</span> <span class='ocrx_word' id='word_1_250' title='bbox 439 2051 581 2082; x_wconf 80' lang='lat' dir='ltr'>libertate</span> <span class='ocrx_word' id='word_1_251' title='bbox 606 2051 716 2090; x_wconf 66' lang='lat' dir='ltr'>&lt;equali</span> <span class='ocrx_word' id='word_1_252' title='bbox 742 2050 877 2080; x_wconf 76' lang='lat' dir='ltr'>Athenis</span> <span class='ocrx_word' id='word_1_253' title='bbox 898 2059 1000 2080; x_wconf 84' lang='lat' dir='ltr'>omnes</span> <span class='ocrx_word' id='word_1_254' title='bbox 1013 2047 1194 2087; x_wconf 80' lang='lat' dir='ltr'>fruuntur?</span> <span class='ocrx_word' id='word_1_255' title='bbox 1238 2049 1304 2078; x_wconf 82' lang='lat' dir='ltr'>AES.</span> <span class='ocrx_word' id='word_1_256' title='bbox 1330 2047 1369 2078; x_wconf 85' lang='lat' dir='ltr'>Si</span> <span class='ocrx_word' id='word_1_257' title='bbox 1389 2048 1468 2078; x_wconf 65' lang='lat' dir='ltr'>satis</span> <span class='ocrx_word' id='word_1_258' title='bbox 1491 2045 1666 2077; x_wconf 78' lang='lat' dir='ltr'>bacchantis</span> <span class='ocrx_word' id='word_1_259' title='bbox 1682 2054 1765 2076; x_wconf 87' lang='lat' dir='ltr'>more</span> 
     </span>
     <span class='ocr_line' id='line_1_31' title="bbox 316 2087 1767 2134; baseline -0.005 -9"><span class='ocrx_word' id='word_1_260' title='bbox 316 2094 506 2134; x_wconf 79' lang='lat' dir='ltr'>insanivisti,</span> <span class='ocrx_word' id='word_1_261' title='bbox 535 2095 614 2133; x_wconf 80' lang='lat' dir='ltr'>leno,</span> <span class='ocrx_word' id='word_1_262' title='bbox 639 2093 791 2132; x_wconf 76' lang='lat' dir='ltr'>ausculta,</span> <span class='ocrx_word' id='word_1_263' title='bbox 817 2093 846 2123; x_wconf 85' lang='lat' dir='ltr'>si</span> <span class='ocrx_word' id='word_1_264' title='bbox 866 2093 1003 2132; x_wconf 81' lang='lat' dir='ltr'>videtur,</span> <span class='ocrx_word' id='word_1_265' title='bbox 1026 2102 1106 2123; x_wconf 84' lang='lat' dir='ltr'>nunc</span> <span class='ocrx_word' id='word_1_266' title='bbox 1119 2091 1189 2130; x_wconf 75' lang='lat' dir='ltr'>jam</span> <span class='ocrx_word' id='word_1_267' title='bbox 1211 2092 1346 2121; x_wconf 81' lang='lat' dir='ltr'>tandem.</span> <span class='ocrx_word' id='word_1_268' title='bbox 1389 2090 1448 2121; x_wconf 78' lang='lat' dir='ltr'>SA.</span> <span class='ocrx_word' id='word_1_269' title='bbox 1473 2090 1582 2128; x_wconf 80' lang='lat' dir='ltr'>Egone</span> <span class='ocrx_word' id='word_1_270' title='bbox 1605 2087 1767 2119; x_wconf 73' lang='lat' dir='ltr'>bacchatus</span> 
     </span>
    </p>
   </div>
   <div class='ocr_carea' id='block_1_6' title="bbox 925 2174 1165 2187">
    <p class='ocr_par' dir='ltr' id='par_1_13' title="bbox 925 2174 1165 2187">
     <span class='ocr_line' id='line_1_32' title="bbox 925 2174 1165 2187; baseline -0.013 0"><span class='ocrx_word' id='word_1_271' title='bbox 925 2174 1165 2187; x_wconf 52' lang='lat' dir='ltr'>W‘eoaeaeaeu</span> 
     </span>
    </p>
   </div>
   <div class='ocr_carea' id='block_1_7' title="bbox 315 2235 1770 2839">
    <p class='ocr_par' dir='ltr' id='par_1_14' title="bbox 315 2235 1770 2839">
     <span class='ocr_line' id='line_1_33' title="bbox 318 2235 1767 2286; baseline -0.006 -9"><span class='ocrx_word' id='word_1_272' title='bbox 318 2256 413 2278; x_wconf 80' lang='lat' dir='ltr'>num:</span> <span class='ocrx_word' id='word_1_273' title='bbox 438 2246 526 2286; x_wconf 85' lang='lat' dir='ltr'>quod</span> <span class='ocrx_word' id='word_1_274' title='bbox 554 2246 588 2276; x_wconf 87' lang='lat' dir='ltr'>in</span> <span class='ocrx_word' id='word_1_275' title='bbox 606 2245 703 2276; x_wconf 81' lang='lat' dir='ltr'>codd.</span> <span class='ocrx_word' id='word_1_276' title='bbox 722 2245 830 2282; x_wconf 84' lang='lat' dir='ltr'>abest,</span> <span class='ocrx_word' id='word_1_277' title='bbox 858 2243 913 2284; x_wconf 82' lang='lat' dir='ltr'>qui</span> <span class='ocrx_word' id='word_1_278' title='bbox 940 2242 1104 2283; x_wconf 83' lang='lat' dir='ltr'>plerique,</span> <span class='ocrx_word' id='word_1_279' title='bbox 1121 2245 1159 2272; x_wconf 90' lang='lat' dir='ltr'>ut</span> <span class='ocrx_word' id='word_1_280' title='bbox 1182 2240 1260 2272; x_wconf 88' lang='lat' dir='ltr'>edd.</span> <span class='ocrx_word' id='word_1_281' title='bbox 1279 2243 1412 2271; x_wconf 87' lang='lat' dir='ltr'>veteres</span> <span class='ocrx_word' id='word_1_282' title='bbox 1434 2243 1587 2270; x_wconf 84' lang='lat' dir='ltr'>nostrum</span> <span class='ocrx_word' id='word_1_283' title='bbox 1615 2235 1767 2269; x_wconf 85' lang='lat' dir='ltr'>habent.&#39;</span> 
     </span>
     <span class='ocr_line' id='line_1_34' title="bbox 317 2279 1769 2325; baseline -0.007 -5"><span class='ocrx_word' id='word_1_284' title='bbox 317 2292 402 2320; x_wconf 82' lang='lat'>-20</span> <span class='ocrx_word' id='word_1_285' title='bbox 429 2289 534 2319; x_wconf 77' lang='lat' dir='ltr'>Abest</span> <span class='ocrx_word' id='word_1_286' title='bbox 549 2289 582 2319; x_wconf 81' lang='lat' dir='ltr'>in</span> <span class='ocrx_word' id='word_1_287' title='bbox 599 2287 713 2319; x_wconf 82' lang='lat' dir='ltr'>Guelf.</span> <span class='ocrx_word' id='word_1_288' title='bbox 730 2291 760 2319; x_wconf 83' lang='lat'>2.</span> <span class='ocrx_word' id='word_1_289' title='bbox 799 2288 857 2317; x_wconf 71' lang='grc' dir='ltr'>ΒΓ.</span> <span class='ocrx_word' id='word_1_290' title='bbox 885 2286 1075 2325; x_wconf 82' lang='lat' dir='ltr'>distinguit,</span> <span class='ocrx_word' id='word_1_291' title='bbox 1087 2288 1222 2325; x_wconf 74' lang='lat' dir='ltr'>peccata,</span> <span class='ocrx_word' id='word_1_292' title='bbox 1239 2287 1339 2314; x_wconf 83' lang='lat' dir='ltr'>tamen</span> <span class='ocrx_word' id='word_1_293' title='bbox 1354 2281 1551 2319; x_wconf 67' lang='lat' dir='ltr'>[nuncjam.</span> <span class='ocrx_word' id='word_1_294' title='bbox 1596 2279 1705 2312; x_wconf 86' lang='lat' dir='ltr'>Abest</span> <span class='ocrx_word' id='word_1_295' title='bbox 1720 2284 1769 2311; x_wconf 84' lang='lat' dir='ltr'>la·</span> 
     </span>
     <span class='ocr_line' id='line_1_35' title="bbox 317 2323 1770 2367; baseline -0.007 -4"><span class='ocrx_word' id='word_1_296' title='bbox 317 2342 386 2363; x_wconf 88' lang='lat' dir='ltr'>men</span> <span class='ocrx_word' id='word_1_297' title='bbox 417 2332 530 2363; x_wconf 82' lang='lat' dir='ltr'>Guelf.</span> <span class='ocrx_word' id='word_1_298' title='bbox 549 2334 662 2362; x_wconf 86' lang='grc'><strong>1.-21</strong></span> <span class='ocrx_word' id='word_1_299' title='bbox 688 2331 789 2361; x_wconf 88' lang='lat' dir='ltr'>Bent.</span> <span class='ocrx_word' id='word_1_300' title='bbox 816 2329 886 2361; x_wconf 82' lang='lat' dir='ltr'>reii.</span> <span class='ocrx_word' id='word_1_301' title='bbox 931 2328 972 2359; x_wconf 80' lang='grc' dir='ltr'>Τὸ</span> <span class='ocrx_word' id='word_1_302' title='bbox 1000 2338 1036 2359; x_wconf 83' lang='lat' dir='ltr'>ne</span> <span class='ocrx_word' id='word_1_303' title='bbox 1063 2328 1096 2358; x_wconf 90' lang='lat' dir='ltr'>in</span> <span class='ocrx_word' id='word_1_304' title='bbox 1122 2329 1131 2344; x_wconf 87' lang='lat'>‘</span> <span class='ocrx_word' id='word_1_305' title='bbox 1149 2328 1352 2367; x_wconf 77' lang='lat' dir='ltr'>regnuruue&#39;</span> <span class='ocrx_word' id='word_1_306' title='bbox 1368 2326 1467 2356; x_wconf 85' lang='lat' dir='ltr'>metri</span> <span class='ocrx_word' id='word_1_307' title='bbox 1491 2333 1594 2355; x_wconf 85' lang='lat' dir='ltr'>causa</span> <span class='ocrx_word' id='word_1_308' title='bbox 1618 2323 1770 2355; x_wconf 83' lang='lat' dir='ltr'>excludit</span> 
     </span>
     <span class='ocr_line' id='line_1_36' title="bbox 319 2364 1770 2415; baseline -0.006 -10"><span class='ocrx_word' id='word_1_309' title='bbox 319 2374 408 2415; x_wconf 85' lang='lat' dir='ltr'>Gny.</span> <span class='ocrx_word' id='word_1_310' title='bbox 453 2375 462 2391; x_wconf 87' lang='lat'>‘</span> <span class='ocrx_word' id='word_1_311' title='bbox 478 2375 544 2404; x_wconf 87' lang='lat' dir='ltr'>Ms.</span> <span class='ocrx_word' id='word_1_312' title='bbox 569 2375 610 2405; x_wconf 82' lang='lat' dir='ltr'>R.</span> <span class='ocrx_word' id='word_1_313' title='bbox 629 2377 665 2404; x_wconf 87' lang='lat' dir='ltr'>et</span> <span class='ocrx_word' id='word_1_314' title='bbox 683 2378 748 2404; x_wconf 84' lang='lat' dir='ltr'>vet.</span> <span class='ocrx_word' id='word_1_315' title='bbox 774 2372 851 2404; x_wconf 90' lang='lat' dir='ltr'>cod.</span> <span class='ocrx_word' id='word_1_316' title='bbox 875 2372 990 2402; x_wconf 85' lang='lat' dir='ltr'>Inunc</span> <span class='ocrx_word' id='word_1_317' title='bbox 1006 2371 1076 2409; x_wconf 79' lang='lat' dir='ltr'>jam</span> <span class='ocrx_word' id='word_1_318' title='bbox 1105 2369 1161 2402; x_wconf 63' lang='lat' dir='ltr'>tu!</span> <span class='ocrx_word' id='word_1_319' title='bbox 1188 2369 1286 2400; x_wconf 87' lang='lat' dir='ltr'>Liud.</span> <span class='ocrx_word' id='word_1_320' title='bbox 1331 2368 1446 2399; x_wconf 86' lang='lat' dir='ltr'>Verba</span> <span class='ocrx_word' id='word_1_321' title='bbox 1461 2369 1469 2384; x_wconf 92' lang='lat'>‘</span> <span class='ocrx_word' id='word_1_322' title='bbox 1487 2366 1579 2399; x_wconf 82' lang='lat' dir='ltr'>Quid</span> <span class='ocrx_word' id='word_1_323' title='bbox 1607 2366 1670 2396; x_wconf 92' lang='lat' dir='ltr'>hoc</span> <span class='ocrx_word' id='word_1_324' title='bbox 1694 2364 1770 2404; x_wconf 85' lang='lat' dir='ltr'>rei,&#39;</span> 
     </span>
     <span class='ocr_line' id='line_1_37' title="bbox 319 2407 1769 2455; baseline -0.007 -7"><span class='ocrx_word' id='word_1_325' title='bbox 319 2427 438 2448; x_wconf 85' lang='lat' dir='ltr'>novam</span> <span class='ocrx_word' id='word_1_326' title='bbox 460 2417 604 2448; x_wconf 84' lang='lat' dir='ltr'>Scenam</span> <span class='ocrx_word' id='word_1_327' title='bbox 629 2416 795 2455; x_wconf 84' lang='lat' dir='ltr'>incipiunt</span> <span class='ocrx_word' id='word_1_328' title='bbox 820 2416 853 2445; x_wconf 89' lang='lat' dir='ltr'>in</span> <span class='ocrx_word' id='word_1_329' title='bbox 877 2415 931 2445; x_wconf 87' lang='lat' dir='ltr'>ed.</span> <span class='ocrx_word' id='word_1_330' title='bbox 948 2415 1113 2453; x_wconf 79' lang='lat' dir='ltr'>Rip.—22</span> <span class='ocrx_word' id='word_1_331' title='bbox 1138 2413 1204 2444; x_wconf 87' lang='lat' dir='ltr'>Ms.</span> <span class='ocrx_word' id='word_1_332' title='bbox 1220 2412 1313 2451; x_wconf 80' lang='lat' dir='ltr'>Lips.</span> <span class='ocrx_word' id='word_1_333' title='bbox 1330 2421 1369 2442; x_wconf 76' lang='lat' dir='ltr'>ex</span> <span class='ocrx_word' id='word_1_334' title='bbox 1385 2411 1446 2441; x_wconf 82' lang='lat' dir='ltr'>tuis</span> <span class='ocrx_word' id='word_1_335' title='bbox 1462 2409 1605 2440; x_wconf 76' lang='lat' dir='ltr'>meritis:</span> <span class='ocrx_word' id='word_1_336' title='bbox 1629 2407 1690 2439; x_wconf 85' lang='lat' dir='ltr'>sed</span> <span class='ocrx_word' id='word_1_337' title='bbox 1713 2419 1769 2440; x_wconf 84' lang='lat' dir='ltr'>su-</span> 
     </span>
     <span class='ocr_line' id='line_1_38' title="bbox 318 2451 1767 2500; baseline -0.006 -10"><span class='ocrx_word' id='word_1_338' title='bbox 318 2459 754 2500; x_wconf 75' lang='lat' dir='ltr'>prascriptum,virtutibus.</span> <span class='ocrx_word' id='word_1_339' title='bbox 778 2459 972 2489; x_wconf 83' lang='lat' dir='ltr'>West.—25</span> <span class='ocrx_word' id='word_1_340' title='bbox 997 2455 1112 2487; x_wconf 84' lang='lat' dir='ltr'>Guelf.</span> <span class='ocrx_word' id='word_1_341' title='bbox 1143 2458 1173 2486; x_wconf 90' lang='lat'>1.</span> <span class='ocrx_word' id='word_1_342' title='bbox 1209 2455 1305 2490; x_wconf 79' lang='lat' dir='ltr'>Quin.</span> <span class='ocrx_word' id='word_1_343' title='bbox 1343 2452 1398 2484; x_wconf 90' lang='lat' dir='ltr'>Al.</span> <span class='ocrx_word' id='word_1_344' title='bbox 1432 2453 1527 2488; x_wconf 73' lang='lat' dir='ltr'>Quid.</span> <span class='ocrx_word' id='word_1_345' title='bbox 1572 2451 1767 2492; x_wconf 86' lang='lat' dir='ltr'>Legendum</span> 
     </span>
     <span class='ocr_line' id='line_1_39' title="bbox 318 2494 1768 2539; baseline -0.007 -5"><span class='ocrx_word' id='word_1_346' title='bbox 318 2508 433 2534; x_wconf 83' lang='lat' dir='ltr'>monet</span> <span class='ocrx_word' id='word_1_347' title='bbox 452 2503 552 2532; x_wconf 82' lang='lat' dir='ltr'>Bent.</span> <span class='ocrx_word' id='word_1_348' title='bbox 600 2501 663 2536; x_wconf 84' lang='lat' dir='ltr'>Qui</span> <span class='ocrx_word' id='word_1_349' title='bbox 688 2502 744 2532; x_wconf 81' lang='lat' dir='ltr'>tibi</span> <span class='ocrx_word' id='word_1_350' title='bbox 765 2511 864 2531; x_wconf 84' lang='lat' dir='ltr'>meam</span> <span class='ocrx_word' id='word_1_351' title='bbox 889 2500 990 2539; x_wconf 83' lang='lat' dir='ltr'>magis</span> <span class='ocrx_word' id='word_1_352' title='bbox 1014 2500 1085 2530; x_wconf 79' lang='lat' dir='ltr'>licet</span> <span class='ocrx_word' id='word_1_353' title='bbox 1100 2498 1222 2529; x_wconf 79' lang='lat' dir='ltr'>habere.</span> <span class='ocrx_word' id='word_1_354' title='bbox 1247 2497 1319 2527; x_wconf 83' lang='grc' dir='ltr'>ΕΡ.</span> <span class='ocrx_word' id='word_1_355' title='bbox 1341 2497 1413 2528; x_wconf 83' lang='lat' dir='ltr'>licet</span> <span class='ocrx_word' id='word_1_356' title='bbox 1429 2505 1495 2526; x_wconf 87' lang='lat' dir='ltr'>eam</span> <span class='ocrx_word' id='word_1_357' title='bbox 1509 2495 1626 2526; x_wconf 79' lang='lat' dir='ltr'><strong><em>h.-·26</em></strong></span> <span class='ocrx_word' id='word_1_358' title='bbox 1650 2494 1698 2525; x_wconf 89' lang='grc' dir='ltr'>Μ.</span> <span class='ocrx_word' id='word_1_359' title='bbox 1714 2494 1768 2525; x_wconf 77' lang='lat' dir='ltr'>hoc</span> 
     </span>
     <span class='ocr_line' id='line_1_40' title="bbox 319 2537 1768 2585; baseline -0.005 -10"><span class='ocrx_word' id='word_1_360' title='bbox 319 2555 381 2585; x_wconf 86' lang='lat' dir='ltr'>pro</span> <span class='ocrx_word' id='word_1_361' title='bbox 397 2545 465 2574; x_wconf 84' lang='lat' dir='ltr'>hic.-</span> <span class='ocrx_word' id='word_1_362' title='bbox 490 2545 538 2575; x_wconf 85' lang='lat' dir='ltr'>ita</span> <span class='ocrx_word' id='word_1_363' title='bbox 561 2549 597 2574; x_wconf 87' lang='lat' dir='ltr'>et</span> <span class='ocrx_word' id='word_1_364' title='bbox 627 2544 696 2573; x_wconf 85' lang='lat' dir='ltr'>EF.</span> <span class='ocrx_word' id='word_1_365' title='bbox 714 2543 802 2584; x_wconf 87' lang='lat' dir='ltr'>quod</span> <span class='ocrx_word' id='word_1_366' title='bbox 832 2543 949 2574; x_wconf 89' lang='lat' dir='ltr'>laudat</span> <span class='ocrx_word' id='word_1_367' title='bbox 974 2542 1104 2579; x_wconf 81' lang='lat' dir='ltr'>Rivius,</span> <span class='ocrx_word' id='word_1_368' title='bbox 1131 2546 1165 2571; x_wconf 87' lang='lat' dir='ltr'>et</span> <span class='ocrx_word' id='word_1_369' title='bbox 1193 2550 1235 2570; x_wconf 84' lang='lat' dir='ltr'>ex</span> <span class='ocrx_word' id='word_1_370' title='bbox 1266 2540 1397 2570; x_wconf 89' lang='lat' dir='ltr'>duobus</span> <span class='ocrx_word' id='word_1_371' title='bbox 1424 2539 1506 2570; x_wconf 77' lang='lat' dir='ltr'>Mss.</span> <span class='ocrx_word' id='word_1_372' title='bbox 1534 2538 1640 2568; x_wconf 89' lang='lat' dir='ltr'>Boecl.</span> <span class='ocrx_word' id='word_1_373' title='bbox 1668 2537 1768 2568; x_wconf 77' lang='lat' dir='ltr'>West.</span> 
     </span>
     <span class='ocr_line' id='line_1_41' title="bbox 320 2580 1767 2626; baseline -0.006 -7"><span class='ocrx_word' id='word_1_374' title='bbox 320 2589 401 2619; x_wconf 74' lang='lat' dir='ltr'>Heu-</span> <span class='ocrx_word' id='word_1_375' title='bbox 422 2587 592 2618; x_wconf 77' lang='lat' dir='ltr'>convicimn</span> <span class='ocrx_word' id='word_1_376' title='bbox 617 2587 779 2626; x_wconf 81' lang='lat' dir='ltr'>ssip.—-27</span> <span class='ocrx_word' id='word_1_377' title='bbox 804 2585 845 2616; x_wconf 90' lang='lat' dir='ltr'>In</span> <span class='ocrx_word' id='word_1_378' title='bbox 863 2586 945 2616; x_wconf 89' lang='lat' dir='ltr'>Mss.</span> <span class='ocrx_word' id='word_1_379' title='bbox 971 2584 1133 2625; x_wconf 83' lang='lat' dir='ltr'>plusculis</span> <span class='ocrx_word' id='word_1_380' title='bbox 1157 2588 1219 2621; x_wconf 83' lang='lat' dir='ltr'>est,</span> <span class='ocrx_word' id='word_1_381' title='bbox 1233 2583 1406 2622; x_wconf 79' lang='lat' dir='ltr'>arripiere;</span> <span class='ocrx_word' id='word_1_382' title='bbox 1430 2581 1596 2622; x_wconf 80' lang='lat' dir='ltr'>quomodo</span> <span class='ocrx_word' id='word_1_383' title='bbox 1620 2583 1655 2610; x_wconf 90' lang='lat' dir='ltr'>et</span> <span class='ocrx_word' id='word_1_384' title='bbox 1669 2580 1767 2611; x_wconf 87' lang='lat' dir='ltr'>Junt.</span> 
     </span>
     <span class='ocr_line' id='line_1_42' title="bbox 319 2622 1768 2669; baseline -0.006 -9"><span class='ocrx_word' id='word_1_385' title='bbox 319 2630 470 2667; x_wconf 82' lang='lat' dir='ltr'>exhibet,</span> <span class='ocrx_word' id='word_1_386' title='bbox 488 2631 628 2669; x_wconf 78' lang='lat' dir='ltr'>aliaeque</span> <span class='ocrx_word' id='word_1_387' title='bbox 645 2633 790 2659; x_wconf 80' lang='lat' dir='ltr'>veteres.</span> <span class='ocrx_word' id='word_1_388' title='bbox 833 2629 918 2659; x_wconf 87' lang='lat' dir='ltr'>Sunt</span> <span class='ocrx_word' id='word_1_389' title='bbox 944 2629 1024 2659; x_wconf 87' lang='lat' dir='ltr'>item</span> <span class='ocrx_word' id='word_1_390' title='bbox 1049 2627 1129 2658; x_wconf 79' lang='lat' dir='ltr'>Mss.</span> <span class='ocrx_word' id='word_1_391' title='bbox 1145 2627 1178 2656; x_wconf 91' lang='lat' dir='ltr'>in</span> <span class='ocrx_word' id='word_1_392' title='bbox 1196 2626 1314 2666; x_wconf 84' lang='lat' dir='ltr'>quibus</span> <span class='ocrx_word' id='word_1_393' title='bbox 1339 2632 1392 2655; x_wconf 86' lang='lat' dir='ltr'>est</span> <span class='ocrx_word' id='word_1_394' title='bbox 1409 2625 1452 2654; x_wconf 86' lang='lat' dir='ltr'>N.</span> <span class='ocrx_word' id='word_1_395' title='bbox 1467 2634 1490 2655; x_wconf 89' lang='lat' dir='ltr'>s.</span> <span class='ocrx_word' id='word_1_396' title='bbox 1516 2633 1555 2653; x_wconf 84' lang='lat' dir='ltr'>m.</span> <span class='ocrx_word' id='word_1_397' title='bbox 1577 2631 1686 2662; x_wconf 83' lang='lat' dir='ltr'>perges</span> <span class='ocrx_word' id='word_1_398' title='bbox 1698 2622 1768 2661; x_wconf 82' lang='lat' dir='ltr'>jam</span> 
     </span>
     <span class='ocr_line' id='line_1_43' title="bbox 317 2665 1766 2711; baseline -0.007 -8"><span class='ocrx_word' id='word_1_399' title='bbox 317 2683 392 2711; x_wconf 80' lang='lat' dir='ltr'>esse,</span> <span class='ocrx_word' id='word_1_400' title='bbox 407 2673 488 2702; x_wconf 81' lang='lat' dir='ltr'>intro</span> <span class='ocrx_word' id='word_1_401' title='bbox 504 2672 665 2711; x_wconf 74' lang='lat' dir='ltr'>arripiere.</span> <span class='ocrx_word' id='word_1_402' title='bbox 711 2672 756 2700; x_wconf 83' lang='lat' dir='ltr'>Et</span> <span class='ocrx_word' id='word_1_403' title='bbox 771 2669 807 2699; x_wconf 71' lang='grc' dir='ltr'>τὸ</span> <span class='ocrx_word' id='word_1_404' title='bbox 828 2680 940 2710; x_wconf 77' lang='lat' dir='ltr'>perges</span> <span class='ocrx_word' id='word_1_405' title='bbox 962 2671 1080 2701; x_wconf 85' lang='lat' dir='ltr'>itidem</span> <span class='ocrx_word' id='word_1_406' title='bbox 1106 2673 1158 2700; x_wconf 85' lang='lat' dir='ltr'>est</span> <span class='ocrx_word' id='word_1_407' title='bbox 1178 2669 1209 2698; x_wconf 88' lang='lat' dir='ltr'>iu</span> <span class='ocrx_word' id='word_1_408' title='bbox 1230 2668 1300 2698; x_wconf 82' lang='grc' dir='ltr'>ΕΡ.</span> <span class='ocrx_word' id='word_1_409' title='bbox 1329 2667 1428 2698; x_wconf 83' lang='lat' dir='ltr'>West.</span> <span class='ocrx_word' id='word_1_410' title='bbox 1472 2666 1591 2705; x_wconf 78' lang='lat' dir='ltr'>Perges</span> <span class='ocrx_word' id='word_1_411' title='bbox 1607 2685 1616 2694; x_wconf 89' lang='grc'><strong>.</strong></span> <span class='ocrx_word' id='word_1_412' title='bbox 1633 2687 1641 2696; x_wconf 91' lang='grc'><strong>.</strong></span> <span class='ocrx_word' id='word_1_413' title='bbox 1660 2687 1668 2695; x_wconf 94' lang='grc'><strong>.</strong></span> <span class='ocrx_word' id='word_1_414' title='bbox 1684 2665 1766 2694; x_wconf 79' lang='lat' dir='ltr'>arri·</span> 
     </span>
     <span class='ocr_line' id='line_1_44' title="bbox 315 2707 1767 2755; baseline -0.006 -10"><span class='ocrx_word' id='word_1_415' title='bbox 315 2716 401 2755; x_wconf 72' lang='lat' dir='ltr'>piei-e</span> <span class='ocrx_word' id='word_1_416' title='bbox 418 2715 477 2744; x_wconf 59' lang='grc' dir='ltr'>ΒΥ.</span> <span class='ocrx_word' id='word_1_417' title='bbox 524 2715 592 2744; x_wconf 86' lang='grc' dir='ltr'>Ρι·ο</span> <span class='ocrx_word' id='word_1_418' title='bbox 615 2715 696 2743; x_wconf 80' lang='lat' dir='ltr'>intro</span> <span class='ocrx_word' id='word_1_419' title='bbox 723 2712 838 2743; x_wconf 82' lang='lat' dir='ltr'>Guelf.</span> <span class='ocrx_word' id='word_1_420' title='bbox 856 2717 885 2743; x_wconf 93' lang='lat' dir='ltr'>l.</span> <span class='ocrx_word' id='word_1_421' title='bbox 901 2715 999 2744; x_wconf 78' lang='lat' dir='ltr'>intus.</span> <span class='ocrx_word' id='word_1_422' title='bbox 1046 2713 1166 2750; x_wconf 79' lang='lat' dir='ltr'>Perges</span> <span class='ocrx_word' id='word_1_423' title='bbox 1184 2734 1191 2742; x_wconf 94' lang='lat'><em>.</em></span> <span class='ocrx_word' id='word_1_424' title='bbox 1213 2734 1220 2742; x_wconf 92' lang='lat'><strong><em>.</em></strong></span> <span class='ocrx_word' id='word_1_425' title='bbox 1236 2710 1332 2749; x_wconf 84' lang='lat' dir='ltr'>arrip.</span> <span class='ocrx_word' id='word_1_426' title='bbox 1350 2711 1468 2740; x_wconf 82' lang='lat'><strong>3.-29</strong></span> <span class='ocrx_word' id='word_1_427' title='bbox 1495 2707 1609 2738; x_wconf 75' lang='lat' dir='ltr'>Nostri</span> <span class='ocrx_word' id='word_1_428' title='bbox 1632 2707 1767 2738; x_wconf 87' lang='lat' dir='ltr'>codices</span> 
     </span>
     <span class='ocr_line' id='line_1_45' title="bbox 320 2750 1766 2796; baseline -0.006 -9"><span class='ocrx_word' id='word_1_429' title='bbox 320 2767 384 2788; x_wconf 83' lang='lat' dir='ltr'>esse</span> <span class='ocrx_word' id='word_1_430' title='bbox 410 2766 540 2796; x_wconf 71' lang='lat' dir='ltr'>(equam.</span> <span class='ocrx_word' id='word_1_431' title='bbox 587 2757 692 2786; x_wconf 74' lang='lat' dir='ltr'>Recte</span> <span class='ocrx_word' id='word_1_432' title='bbox 725 2761 835 2785; x_wconf 80' lang='lat' dir='ltr'>tamen</span> <span class='ocrx_word' id='word_1_433' title='bbox 859 2756 936 2786; x_wconf 84' lang='lat' dir='ltr'>edd.</span> <span class='ocrx_word' id='word_1_434' title='bbox 966 2759 1050 2786; x_wconf 79' lang='lat' dir='ltr'>vett.</span> <span class='ocrx_word' id='word_1_435' title='bbox 1074 2764 1193 2794; x_wconf 74' lang='lat' dir='ltr'>(equam</span> <span class='ocrx_word' id='word_1_436' title='bbox 1221 2762 1295 2784; x_wconf 86' lang='lat' dir='ltr'>esse.</span> <span class='ocrx_word' id='word_1_437' title='bbox 1319 2752 1420 2782; x_wconf 92' lang='lat' dir='ltr'>Bent.</span> <span class='ocrx_word' id='word_1_438' title='bbox 1468 2751 1544 2781; x_wconf 84' lang='lat' dir='ltr'>Esse</span> <span class='ocrx_word' id='word_1_439' title='bbox 1567 2759 1684 2789; x_wconf 80' lang='lat' dir='ltr'>oequam</span> <span class='ocrx_word' id='word_1_440' title='bbox 1710 2750 1766 2780; x_wconf 81' lang='lat' dir='ltr'>Er.</span> 
     </span>
     <span class='ocr_line' id='line_1_46' title="bbox 321 2792 1766 2839; baseline -0.006 -9"><span class='ocrx_word' id='word_1_441' title='bbox 321 2800 422 2831; x_wconf 66' lang='lat' dir='ltr'>Both.</span> <span class='ocrx_word' id='word_1_442' title='bbox 443 2801 516 2839; x_wconf 81' lang='lat' dir='ltr'>ssip.</span> <span class='ocrx_word' id='word_1_443' title='bbox 564 2799 677 2829; x_wconf 81' lang='lat' dir='ltr'>Hicine</span> <span class='ocrx_word' id='word_1_444' title='bbox 702 2798 798 2828; x_wconf 85' lang='lat' dir='ltr'>unico</span> <span class='ocrx_word' id='word_1_445' title='bbox 815 2809 830 2827; x_wconf 81' lang='lat' dir='ltr'>c</span> <span class='ocrx_word' id='word_1_446' title='bbox 849 2798 946 2828; x_wconf 78' lang='lat' dir='ltr'>Beut.</span> <span class='ocrx_word' id='word_1_447' title='bbox 975 2798 1068 2828; x_wconf 82' lang='lat' dir='ltr'>Perl.</span> <span class='ocrx_word' id='word_1_448' title='bbox 1086 2798 1208 2827; x_wconf 77' lang='lat' dir='ltr'>Z.—30</span> <span class='ocrx_word' id='word_1_449' title='bbox 1235 2797 1341 2826; x_wconf 81' lang='lat' dir='ltr'>Recte</span> <span class='ocrx_word' id='word_1_450' title='bbox 1367 2795 1513 2835; x_wconf 86' lang='lat' dir='ltr'>quinque</span> <span class='ocrx_word' id='word_1_451' title='bbox 1538 2803 1580 2824; x_wconf 83' lang='lat' dir='ltr'>ex</span> <span class='ocrx_word' id='word_1_452' title='bbox 1605 2792 1766 2823; x_wconf 81' lang='lat' dir='ltr'>vetustio-</span> 
     </span>
    </p>
   </div>
  </div>
 </body>
</html>
