1966 3302
520 254 867 285 ADELPHORUM
901 254 1010 284 Aer.
1038 255 1102 284 iv,
1137 254 1205 285 sc.
1229 256 1260 285 1.
1527 247 1613 288 735

161 349 279 401 Quid
302 349 482 391 dicam?
543 349 627 390 SY.
658 349 840 391 Nihilne
873 351 918 391 in
951 352 1170 392 mentem?
1250 349 1332 392 CT.
1365 349 1610 405 Nunquam

330 418 579 472 quicquam.
639 417 723 458 SY.
754 417 898 477 Tango
919 419 1116 471 nequior.

160 485 323 537 Cliens,
347 485 534 534 amicus,
556 485 734 538 hospeS,
763 497 893 525 nemo
915 484 972 525 'st
994 485 1155 526 vobis?
1217 485 1300 526 C'r.
1333 485 1470 526 Sunt:
1505 483 1611 538 quid

331 553 518 607 postea?

157 620 243 661 SY.
275 619 416 661 Hisce
438 631 573 673 opera
592 623 641 660 ut
662 618 770 660 data
791 618 860 660 sit.
921 618 1003 659 CT.
1027 618 1142 669 Quae
1165 634 1249 661 non
1271 620 1376 662 data
1399 620 1492 661 sit?
1523 632 1613 660 non
1670 656 1674 658 ,

328 690 478 741 potest
497 687 608 728 fieri.
668 687 752 729 SY.
784 687 958 728 Potest.

157 753 240 797 C'r.
271 755 489 796 Interdiu:
534 754 626 804 sed,
666 755 706 796 si
743 754 815 795 hic
856 760 1088 808 pernocto‚
1120 768 1270 797 causae
1310 754 1416 808 quid
1448 755 1610 804 dicam,

275 817 450 876 “*Sy'rae
467 822 486 861 'l
646 832 650 836 ’
1557 824 1613 864 15

157 889 240 930 SY.
271 888 401 930 Vah!
433 901 567 947 qu
598 888 751 929 vellem
781 888 915 930 etiam
948 894 1087 930 noctu
1121 890 1278 931 amicis
1312 902 1491 944 operam
1513 903 1610 931 mos

327 963 448 998 esset
469 957 574 997 dari.
640 946 719 964 ⁸*

158 1023 282 1075 Quin
302 1029 348 1065 tu
371 1025 541 1065 otiosus
563 1037 635 1065 es:
666 1038 746 1078 ego
765 1025 885 1066 illius
908 1037 1081 1065 sensum
1103 1025 1281 1078 pulchre
1302 1025 1459 1066 calleo.

157 1092 268 1134 Cum
287 1092 416 1134 fervit
432 1105 656 1143 maxume,
679 1097 767 1134 tam
788 1093 1025 1148 placidum,
1042 1107 1171 1147 quam
1193 1107 1320 1135 ovem
1342 1093 1489 1134 reddo.
1524 1093 1608 1135 Cr.

333 1159 438 1210 Quo
456 1161 591 1202 modo
609 1162 627 1201 ‘l

155 1293 249 1327 ram?
292 1295 355 1328 SY.
381 1295 510 1327 Nihilne
534 1296 568 1327 in
591 1300 722 1327 mentem
743 1296 801 1327 tibi
817 1297 911 1336 venit,
934 1299 1037 1337 quote
1052 1301 1197 1328 excuses?
1243 1296 1304 1328 CT.
1329 1296 1421 1326 Nihil
1436 1296 1611 1336 quicquam..

155 1338 218 1370 SY.
245 1338 342 1370 Tanto
354 1339 453 1378 pejori
468 1341 533 1370 loco
549 1349 590 1370 es.
637 1340 802 1377 Clientem,
818 1342 960 1378 anticum,
975 1340 1123 1380 hospitem
1138 1339 1288 1371 neminem
1302 1350 1355 1370 vos
1370 1338 1514 1371 habetis?
1550 1340 1610 1369 CT.

156 1380 316 1412 Habemus
330 1382 472 1422 quidem;
493 1383 545 1413 sed
560 1382 633 1422 quid
646 1383 833 1421 hocjuvahz't
844 1381 860 1414 ‚⁹
904 1383 967 1414 SY.
992 1383 1087 1414 Dices
1103 1383 1168 1413 illis
1183 1383 1315 1424 officium
1331 1386 1361 1413 te
1374 1382 1561 1422 praestitisse
1577 1381 1611 1411 in

153 1433 257 1455 eorum
271 1424 372 1456 rebus.
418 1424 479 1456 C‘r.
506 1425 595 1460 Quod
608 1429 790 1464 proestatum
806 1426 931 1457 minime
937 1426 1065 1462 suerit?
1090 1427 1163 1457 Non
1179 1429 1276 1466 potest
1285 1426 1374 1463 fieri,
1397 1429 1431 1456 nt
1446 1426 1477 1456 id
1487 1424 1612 1463 factum

156 1475 218 1498 esse
231 1469 321 1507 putei·
335 1468 452 1499 credat.
497 1468 559 1499 SY.
582 1468 692 1500 Potest
698 1469 786 1510 fieri.
833 1468 894 1500 CT.
920 1469 1029 1500 Potest
1045 1470 1167 1509 quidem
1187 1479 1244 1509 per
1264 1469 1345 1499 diem
1356 1479 1368 1505 ‚·
1391 1469 1443 1499 secl
1457 1468 1485 1498 si
1500 1468 1550 1498 hic
1564 1470 1611 1496 to-

155 1512 217 1540 tam
239 1514 357 1542 noctem
382 1512 534 1550 transigo,
556 1511 629 1551 quid
659 1513 839 1551 respondere
863 1514 979 1552 potero,
1006 1512 1106 1553 Syre?
1159 1512 1221 1544 SY.
1258 1510 1350 1542 Vah!
1373 1512 1492 1542 utinam
1517 1510 1612 1541 etiam

150 1556 338 1592 pernoctem
352 1555 535 1584 consuetudo
551 1557 630 1585 esset
645 1555 776 1596 officium
799 1555 907 1585 amicis
930 1557 994 1585 suis
1011 1559 1173 1595 praestare.
1219 1555 1290 1593 Age
1310 1564 1414 1585 securo
1430 1556 1473 1585 sis
1488 1554 1589 1584 animo
1602 1563 1612 1581 .-

154 1604 211 1634 ego
226 1595 292 1634 ejus
306 1596 418 1628 mentis
437 1601 600 1638 conceptus
614 1598 724 1628 callide
738 1598 812 1630 scio.
860 1598 936 1628 Cum
953 1598 1145 1630 vehementer
1160 1598 1209 1629 ira
1225 1599 1367 1637 exardet,
1391 1602 1456 1628 tam
1472 1605 1612 1627 mansue-

758 1703 996 1716 eeeeeeeeeee

155 1782 293 1822 Rogabit
308 1783 366 1815 ΒΓ.
382 1783 474 1814 Peri.
519 1784 624 1815 Hodie
640 1783 732 1814 delet
746 1784 937 1815 Rom—12
955 1784 1098 1816 Codices
1116 1784 1186 1823 alii,
1203 1784 1333 1815 Nihilne
1347 1784 1381 1815 in
1397 1786 1527 1814 mentem
1542 1783 1613 1816 est?

153 1825 235 1865 Alii,
252 1826 382 1857 Nihilne
397 1826 431 1857 in
445 1830 545 1858 mente
560 1830 627 1857 est?
660 1827 783 1858 Boend.
807 1828 934 1868 nequior
956 1838 998 1858 es.
1022 1829 1130 1859 West.
1177 1827 1309 1858 Nihilne
1329 1828 1361 1857 in
1376 1830 1478 1858 mente
1493 1830 1538 1858 est
1565 1827 1610 1857 G.

154 1869 220 1901 ΕΤ.
238 1869 318 1900 ΕΜ.
343 1869 394 1900 Id.
409 1870 443 1900 in
456 1870 539 1900 Add.
567 1870 698 1900 Nihilne
713 1871 745 1901 in
762 1875 860 1902 mente
873 1870 935 1910 est]
959 1871 1016 1902 Ita
1032 1871 1134 1911 aliqui
1152 1870 1245 1909 libri,
1261 1870 1320 1900 sed
1339 1871 1505 1911 plerique,
1521 1870 1612 1900 inter

154 1921 237 1952 quos
252 1912 447 1948 Bembinus,
465 1912 595 1943 Nihilne
609 1913 644 1943 in
658 1916 789 1944 mentem
804 1912 876 1945 est?
910 1915 982 1954 Ego
999 1923 1040 1944 ex
1070 1914 1157 1944 infra
1181 1913 1319 1953 scriptis
1343 1914 1456 1944 verbis
1481 1913 1612 1944 Donati

153 1954 300 1994 conjicio
315 1956 498 1995 legendum
515 1957 586 1986 sine
604 1955 708 1986 verbo
723 1960 791 1987 est:
809 1957 938 1987 Nihilne
953 1958 987 1987 in
1002 1957 1156 1988 mentem?
1172 1960 1211 1987 ut
1222 1956 1447 1987 subaudiatur
1462 1956 1470 1972 ‘
1484 1956 1577 1986 venit
1590 1955 1612 1987 :’

153 1997 237 2029 dicit
261 1998 348 2028 enim
367 2007 468 2038 super
485 2007 524 2029 eo
541 2008 659 2029 versu:
686 1999 695 2015 ‘
710 1999 809 2030 Hisce
825 2009 917 2040 opera
931 2003 967 2030 ut
981 2001 1056 2031 data
1070 1999 1129 2040 sit]
1155 1999 1182 2029 Α
1201 1999 1378 2040 superiore
1396 1998 1611 2036 subauditur,

153 2041 268 2071 veniat
294 2041 328 2071 in
355 2044 526 2072 mentem.'
571 2042 658 2072 Haec
684 2041 848 2073 Donatus.
895 2044 972 2074 Non
999 2048 1113 2083 posset
1143 2046 1255 2073 autem
1282 2042 1468 2080 subaudiri,
1486 2042 1612 2079 veniat,

153 2083 218 2114 nisi
234 2093 337 2123 supra
353 2090 455 2122 esset,
470 2084 577 2115 autin
596 2090 691 2122 voc'e,
715 2090 774 2115 aut
799 2086 830 2115 in
858 2095 972 2118 sensu.
996 2087 1056 2117 Fa.
1102 2086 1194 2116 Vera
1220 2089 1274 2116 est
1295 2085 1399 2116 lectio
1427 2084 1555 2116 Nihilne
1578 2085 1612 2115 in

153 2129 284 2157 mentem
299 2129 366 2157 est?
388 2132 491 2167 atque
514 2127 563 2157 ita
578 2133 693 2158 noster
710 2127 767 2159 ille
783 2131 858 2160 900.
875 2138 1060 2159 annorum:
1084 2128 1191 2159 ceteri
1219 2128 1253 2158 in
1279 2132 1379 2159 mente
1400 2132 1454 2159 est.
1500 2127 1612 2158 Porro

152 2169 229 2209 lege
246 2169 407 2209 Nusquam
428 2171 598 2209 quicquam.
624 2171 725 2201 Bent.
772 2171 825 2201 Ex
854 2181 906 2208 eo,
932 2172 1021 2212 quod
1050 2172 1115 2202 Do.
1142 2171 1290 2211 notavit,
1316 2171 1539 2202 omittendum
1565 2174 1612 2201 est

154 2211 302 2243 videtur.
340 2212 485 2252 Nequion
495 2223 525 2244 es
540 2212 654 2243 Guelf.
671 2216 704 2244 2.
727 2214 813 2244 Perl.
851 2214 983 2245 Nihilne
996 2214 1030 2244 in
1046 2214 1192 2254 mentem]
1219 2214 1275 2245 Sic
1294 2215 1360 2245 Do.
1377 2214 1501 2254 legisse
1518 2214 1611 2244 vide-

153 2258 222 2286 tur.
265 2255 334 2285 Sed
350 2255 447 2287 Rem.
471 2255 504 2286 in
531 2259 660 2286 mentem
686 2259 751 2286 est:
779 2256 869 2297 quod
897 2257 1105 2288 Plautinum.
1131 2258 1208 2297 Βὶμ.
1255 2257 1301 2288 N.
1319 2257 1351 2287 in
1368 2260 1468 2288 mente
1482 2260 1527 2287 est
1549 2257 1610 2287 Br.

151 2297 213 2328 Est
229 2296 326 2328 addit
347 2303 380 2329 et
405 2298 444 2329 Z.
480 2298 642 2338 Nusquam
667 2298 728 2329 dat
754 2299 942 2331 Rom—14
966 2300 1090 2331 Boend.
1118 2300 1215 2331 Hisce
1240 2310 1332 2340 opera
1349 2300 1400 2330 dic
1416 2303 1450 2330 ut
1467 2301 1540 2331 data
1555 2301 1609 2331 sit.

151 2340 260 2372 West.
306 2341 370 2372 Dic
397 2345 475 2381 post
497 2342 603 2372 verba
624 2343 632 2359 ‘
648 2346 685 2372 ut
711 2341 743 2372 d.
772 2341 809 2372 s.’
833 2343 867 2373 in
895 2342 1011 2374 Guelf.
1038 2345 1069 2373 3.
1093 2343 1181 2373 Peri.
1228 2343 1306 2374 Non
1331 2344 1523 2381 interrogat
1548 2342 1609 2373 ΒΓ.

153 2387 236 2414 a‘nte‘
252 2383 263 2400 ‘
277 2383 450 2415 non.'——16
478 2384 522 2415 Ut
543 2384 637 2416 etiam
653 2384 703 2416 M.
731 2385 831 2417 West.
881 2386 926 2416 Ut
949 2390 1026 2425 post
1053 2386 1062 2402 ‘
1077 2385 1169 2417 vell.'
1192 2387 1316 2417 omisso
1332 2385 1427 2416 etiam
1444 2384 1559 2417 Guelf.
1577 2388 1609 2416 3.

155 2425 235 2458 Veu.
250 2430 286 2457 ut
295 2427 389 2457 etiam
399 2431 430 2458 1.
450 2427 622 2458 Perl.-—-lS
639 2427 699 2458 Pr.
713 2427 800 2458 Inst.
819 2428 937 2460 Gram.
955 2429 1013 2460 lib.
1029 2437 1079 2459 rx.
1093 2429 1182 2468 quusi
1197 2438 1290 2459 ocem.
1314 2429 1457 2460 Codices
1474 2428 1611 2470 quidam

153 2469 272 2510 scripti
288 2475 323 2500 et
338 2470 505 2510 impressi,
529 2471 700 2511 [numerat
727 2471 761 2501 in
787 2470 966 2502 Addendis
993 2471 1038 2503 G.
1061 2472 1130 2503 ET.
1158 2472 1257 2512 EM]
1271 2472 1389 2510 fervet.
1434 2471 1502 2502 Sed
1519 2470 1609 2501 idem

151 2512 291 2543 verbum
308 2512 409 2543 etiam
426 2513 528 2543 tertia
543 2513 781 2554 conjugatione
797 2515 993 2545 extulerunt
1012 2515 1166 2551 VetereS.
1197 2515 1297 2547 lVest.
1341 2514 1400 2544 Pr.
1428 2515 1476 2544 ita
1500 2514 1585 2544 citat
1600 2524 1608 2545 :

155 2554 232 2585 Cum
247 2555 510 2595 muxumefervit,
525 2558 590 2586 tam
601 2557 757 2596 placidum
772 2557 861 2597 quasi
875 2567 959 2588 ovem
974 2558 1079 2588 reddo.
1103 2558 1165 2588 Est
1183 2563 1296 2588 autem
1311 2558 1451 2598 antiqua
1469 2556 1610 2595 locutio,

153 2603 230 2636 post
252 2599 261 2615 ‘
278 2603 346 2629 tam
360 2599 368 2611 '
391 2597 518 2629 inferre
542 2603 550 2616 ‘
565 2598 681 2640 quasi!
710 2599 765 2630 Fa.
811 2600 870 2631 Pr.
888 2609 920 2640 p.
937 2603 1010 2631 866.
1027 2600 1085 2630 ubi
1109 2605 1145 2631 et
1165 2599 1274 2631 codex
1297 2606 1394 2631 vetus
1411 2600 1499 2640 quasi
1514 2609 1610 2632 ovem.

153 2640 252 2672 Quod
281 2647 393 2672 autem
427 2642 476 2673 ait
510 2642 519 2658 ‘
538 2641 774 2681 tani—quasi'
804 2643 977 2683 antiquam
1006 2643 1214 2674 locutionem
1243 2653 1338 2681 esse3
1370 2643 1478 2673 voluit
1505 2642 1609 2673 credo

151 2682 234 2713 illud
251 2684 368 2715 Plauti
385 2685 486 2716 Cure.
506 2694 531 2715 1.
549 2687 602 2715 51.
625 2685 725 2715 ‘Tam
743 2694 763 2715 a
779 2694 831 2716 ine
846 2686 1016 2725 pudicast,
1043 2687 1137 2727 quasi
1155 2696 1250 2717 soror
1267 2696 1340 2717 mea
1357 2685 1424 2716 sit!
1470 2685 1535 2716 Ubi
1554 2695 1610 2715 co-

153 2724 221 2755 dex
236 2730 349 2758 lamen
367 2727 496 2767 Regius
513 2737 603 2767 quam
617 2727 657 2758 sz'.
704 2728 807 2767 Lege,
837 2729 913 2759 Tam
938 2738 956 2759 a
981 2738 1028 2760 me
1050 2729 1206 2769 pudic-ast,
1230 2739 1322 2769 quam
1347 2728 1375 2759 si
1397 2737 1482 2759 soror
1498 2728 1540 2758 mi
1555 2729 1609 2760 sit„

151 2767 263 2807 Siquis
289 2770 393 2809 igitur
420 2770 504 2801 illud
531 2768 617 2809 quusi
644 2780 662 2801 a
687 2770 746 2800 Pr.
775 2771 937 2811 accipiat,
960 2781 1026 2803 non
1053 2775 1117 2802 tam
1143 2772 1196 2803 hic
1213 2772 1320 2812 legat,
1341 2771 1501 2804 sedtum:
1531 2771 1609 2800 Cum

144 2810 247 2848 fert-it
264 2822 415 2849 maxume,
431 2817 496 2844 tum
508 2814 661 2853 placidum
676 2814 762 2852 quasi
779 2823 861 2846 ovem
877 2815 980 2845 reddo.
1027 2814 1118 2846 Illud
1136 2815 1223 2846 enim
1239 2814 1499 2849 observandum,
1515 2813 1609 2844 redde
