1966 3302
283 234 592 265 1³.'rEREN'ru
629 234 743 265 Arm
778 234 826 264 m
864 235 1107 266 HEGYRAM
1146 237 1418 269 PROLOGUS.
1496 228 1580 270 801

574 485 1140 538 PROLOGUS.¹

128 640 367 696 HECYRA
390 660 460 697 est
478 656 581 697 huic
601 669 760 697 nomen
780 657 968 698 fabulae:
998 657 1098 697 haec
1119 669 1219 697 cum
1239 656 1347 698 data
1369 660 1437 697 est

129 722 280 773 Nova,
303 737 466 765 novum
486 724 718 765 intervenit
737 725 907 774 vitium,
932 728 978 765 et
997 723 1248 773 calamitas,

129 791 194 832 Ut
212 805 352 845 neque
372 792 570 845 spectari
589 804 730 845 neque
750 793 957 845 cognosci
979 791 1202 845 potuerit:

128 858 204 900 lta
224 861 416 913 populus
437 860 586 901 studio
608 859 812 914 stupidus
830 860 874 900 in
890 859 1153 901 funambulo

126 926 333 967 Animum
357 931 611 981 occuparat.
667 926 711 968 N
715 940 800 968 unc
819 926 915 968 haec
938 927 1073 981 plane
1094 930 1161 968 est
1180 938 1261 980 pro
1281 938 1394 967 nova
1411 938 1422 976 3
1558 926 1585 965 5

126 994 185 1036 Et
202 995 258 1044 is,
279 995 353 1048 qui
374 995 549 1049 scripsit
567 995 696 1046 hanc,
716 996 772 1036 ob
792 1009 890 1036 eam
907 1009 998 1036 rem
1018 994 1159 1035 noluit

126 1061 296 1103 Iterum
315 1063 483 1112 referre,
503 1067 553 1104 ut
572 1063 731 1104 iterum
751 1063 893 1116 possit
913 1061 1120 1103 vendere.

126 1127 253 1170 Alias
274 1129 500 1182 cognostis
520 1129 639 1183 ejus:
657 1143 827 1183 -quaeso
847 1131 958 1171 hanc
981 1142 1097 1170 nunc
1119 1129 1302 1170 noscite.

169 1277 298 1318 Hecyra
321 1278 498 1308 nominatur
520 1276 585 1307 hoec
601 1276 725 1315 fabula.
774 1277 860 1308 Tunc
883 1287 952 1308 cum
972 1287 1052 1307 nova
1074 1278 1216 1309 exhibita
1237 1281 1298 1317 est,
1305 1278 1444 1316 fortuito
1459 1278 1535 1309 vitio
1551 1282 1582 1308 et

124 1320 302 1351 calamitate
307 1320 431 1358 factum
446 1323 505 1359 est,
520 1325 555 1351 ut
570 1330 666 1360 neque
681 1320 815 1361 spectari
831 1330 926 1360 neque
941 1321 1083 1359 cognosci
1090 1322 1243 1361 potuerit,
1260 1322 1305 1351 vel
1321 1331 1360 1352 ex
1375 1331 1471 1352 scenoe
1486 1331 1582 1361 appa-

125 1366 212 1399 ratu,
230 1364 276 1394 vel
291 1372 330 1394 ex
343 1373 544 1402 personarum
561 1364 679 1393 actione
691 1374 701 1394 .·
724 1363 771 1393 ita
784 1364 926 1403 populus,
940 1366 1067 1403 stupens
1081 1364 1286 1395 admiratione
1292 1364 1484 1402 funambuli,
1500 1366 1533 1395 in
1546 1373 1579 1395 eo

123 1407 286 1445 spectando
301 1406 404 1436 animo
418 1406 538 1447 defixus
545 1406 670 1443 suerat.
720 1406 808 1436 Nunc
824 1406 890 1436 hoec
898 1405 1010 1444 fabula
1027 1407 1162 1447 Hecyra>
1178 1411 1325 1447 tanquam
1339 1417 1418 1438 nova
1431 1408 1536 1446 datur,
1546 1410 1581 1437 ut

123 1457 192 1487 qwoe
206 1451 276 1479 acta
291 1449 439 1487 nonfuit,
455 1452 485 1479 et
499 1448 590 1489 poeta
602 1449 655 1489 qui
669 1448 748 1479 hanc
753 1448 848 1487 fecit,
864 1449 964 1479 noluit
976 1452 1045 1489 post
1060 1451 1271 1488 spectaculum
1277 1450 1468 1488 funambuli,
1484 1451 1582 1480 denuo

123 1500 190 1521 eam
212 1491 405 1522 introducere
424 1492 457 1522 z'n
480 1501 612 1530 scenam,
634 1494 669 1521 ut
689 1491 802 1522 iterum
821 1501 877 1532 pro
894 1502 970 1522 nova
984 1502 1052 1522 eam
1067 1492 1271 1523 histrionibus
1286 1495 1442 1525 venderet.
1488 1492 1580 1524 Alius

122 1533 233 1565 Poe'tae
237 1534 365 1572 fabulas
378 1537 468 1566 notas
481 1534 612 1570 habetis,
627 1535 706 1565 hanc
717 1544 826 1575 precor
842 1538 877 1565 ut
891 1534 1026 1566 noscatis
1039 1539 1159 1567 attente
1173 1539 1319 1577 spectate.

911 1645 971 1656 ‘e‘

168 1734 183 1763 †
194 1730 262 1761 Hic
277 1734 313 1761 et
329 1739 474 1772 sequens
490 1731 650 1771 prologus
662 1731 729 1762 duo
746 1730 832 1762 fiunt
847 1731 882 1762 in
898 1732 978 1763 Bas.
994 1732 1094 1764 CCC.
1106 1733 1148 1763 V.
1160 1732 1252 1763 Vict.
1276 1732 1532 1773 conjunguntur
1547 1734 1583 1764 in

123 1773 169 1805 G.
192 1773 262 1804 ET.
285 1773 367 1804 EM.
386 1774 510 1814 Delph.
532 1777 541 1792 ‘
553 1775 744 1815 Utrumque
762 1776 938 1815 prologum
957 1781 1091 1806 resecat
1109 1775 1278 1816 thyetus,
1303 1781 1340 1806 ut
1355 1777 1517 1808 Terentio
1533 1777 1581 1807 in—

122 1815 274 1856 dignum.
298 1815 467 1848 Defendit
482 1817 606 1848 Fa'ern.
630 1817 830 1857 Agnoscunt
847 1818 973 1849 Donat.
992 1819 1164 1859 Eugraph.
1184 1820 1269 1849 Mss.
1287 1818 1439 1859 editique
1456 1829 1581 1851 omnes.

121 1859 158 1890 Si
172 1869 247 1900 quae
261 1859 329 1890 alia
345 1858 472 1898 fabula,
487 1861 562 1892 haec
578 1861 755 1901 indigebat
771 1861 944 1901 Prologo.’
973 1862 1136 1893 West.—1
1163 1861 1305 1892 Hechira
1326 1861 1411 1893 GM.
1449 1863 1584 1894 Fabulai

121 1902 227 1933 Bent.
271 1902 280 1919 ‘
305 1903 385 1933 Hoec
412 1904 507 1943 pauci
539 1903 640 1934 codd.
670 1914 734 1934 non
764 1904 978 1943 agnoscunt.’
1016 1905 1112 1936 West.
1158 1906 1208 1935 Ea
1233 1914 1302 1935 cum
1329 1909 1400 1936 acta
1421 1909 1468 1936 est
1498 1906 1585 1947 legit

121 1945 286 1976 Laurent.
311 1945 444 1977 Aretin.
462 1946 572 1986 Epist.
590 1956 641 1978 VI.
657 1949 754 1978 8.—2
778 1947 878 1978 Novoe
892 1957 1003 1977 novum
1024 1947 1123 1978 Both.
1159 1948 1263 1986 Nova,
1292 1948 1322 1978 ei
1345 1957 1457 1979 novum
1479 1949 1582 1980 Bent.

122 1990 185 2018 —4
206 1988 396 2028 Obstupidus
424 1990 592 2020 Rom—5
612 1990 693 2021 Hoec
718 1999 801 2020 nunc
829 1990 936 2021 tacite
963 1990 1066 2021 Both.
1113 1991 1206 2022 Certe
1237 1995 1313 2031 post
1339 1992 1430 2030 plane
1460 1991 1579 2023 Guelf.

122 2032 219 2061 2.—6
242 2031 316 2061 Etsi
331 2032 359 2060 is
373 2042 402 2072 q.
419 2041 445 2062 s·
461 2032 540 2063 hanc
555 2033 591 2063 ob
615 2043 739 2064 causam
763 2043 795 2063 n.
821 2033 987 2064 Both—7
1010 2033 1020 2050 ‘
1035 2033 1143 2064 Possit
1171 2034 1327 2074 plerique
1353 2043 1469 2065 omnes
1492 2035 1582 2074 libri,

122 2074 224 2112 pauci
242 2072 370 2113 possel.'
392 2075 501 2105 West.
541 2076 648 2106 Posset
664 2076 766 2106 Bent.
785 2076 863 2115 Bip.
881 2076 983 2106 Both.
1001 2076 1161 2107 Perl.——8
1178 2078 1186 2093 ‘
1202 2075 1401 2115 Cognovistis
1415 2087 1500 2108 unns
1517 2078 1583 2109 Ms.

121 2115 307 2155 Argentor.
324 2121 361 2147 ut
378 2117 528 2148 arbitror
544 2124 719 2158 corrupte,
733 2118 931 2157 agnovistis?
951 2119 1057 2150 Boecl.
1105 2119 1275 2157 Cognoscis
1289 2118 1402 2150 Guelf.
1429 2123 1459 2151 1.
1506 2120 1585 2157 Eius

121 2158 221 2190 deest
237 2159 270 2189 in
288 2159 387 2190 Leid.
402 2163 434 2192 5.
479 2161 573 2191 Nunc
587 2161 664 2192 hanc
682 2161 801 2193 Leidd.
817 2167 973 2203 quatuor.
1019 2162 1114 2194 Nunc
1129 2161 1227 2193 deest
1251 2163 1285 2193 in
1304 2162 1405 2194 Bodl.
1422 2163 1524 2194 Bent.
1541 2163 1582 2195 Z.

123 2200 225 2235 Both.
239 2202 334 2234 Perl.
373 2202 487 2238 Quaeso
502 2203 581 2236 hanc
592 2204 765 2244 cognoscite
780 2205 830 2236 M.
846 2209 883 2235 et
900 2205 981 2236 Hul.

787 2312 929 2344 NOTAE

167 2390 179 2417 1
228 2386 372 2427 Hecyra]
408 2385 521 2427 Ἕκυρὰ
556 2384 727 2426 significat
764 2385 824 2417 So·
880 2386 935 2417 leo
952 2392 1133 2428 correptus
1156 2387 1378 2428 concidisset,
1395 2393 1455 2419 aut
1471 2388 1498 2418 si
1516 2389 1582 2420 alia

123 2446 229 2468 crum.
879 2437 1031 2477 legitima
1047 2438 1167 2469 omissa
1182 2437 1352 2470 fuissent:
1379 2448 1455 2469 nam
1480 2441 1581 2471 comi-

164 2491 185 2519 2
220 2488 346 2519 Notum
375 2487 543 2518 intervenit
571 2487 697 2528 vitium]
728 2487 824 2518 Vitio
880 2488 931 2519 tia
945 2488 995 2519 his
1010 2488 1145 2519 casibus
1162 2488 1353 2520 dirimenda
1372 2494 1493 2520 erant:
1523 2491 1583 2521 ali-

124 2538 234 2569 creati
258 2538 420 2570 dicuntur
445 2537 608 2568 Consules
636 2542 672 2568 et
695 2537 825 2577 Magis·
880 2542 933 2569 ter
951 2542 1023 2568 tota
1049 2539 1138 2570 actio
1161 2538 1285 2570 vitiosa
1308 2544 1345 2570 et
1368 2539 1583 2581 inauspicata

123 2593 248 2629 tratus,
286 2589 314 2620 si
344 2589 467 2629 coeptis
503 2588 650 2620 comitiis
695 2588 824 2619 tonitru
878 2588 1095 2620 censebatur.

124 2639 391 2681 supervenisset,
414 2639 442 2671 si
466 2638 538 2680 quis
554 2638 672 2670 morbo
687 2637 821 2670 Hercu-

209 2825 323 2866 Delph.
336 2829 365 2856 ct
382 2826 457 2857 Vor.
473 2827 558 2857 Clas.
791 2826 915 2857 Terent.
1423 2830 1442 2857 3
1467 2827 1495 2858 E
