1966 3302
552 225 767 258 HECYRAE
799 226 994 256 Acr.1v.
1028 225 1095 256 sc.
1119 225 1181 254 iv.
1501 213 1584 255 881

138 323 265 365 Uxor
284 322 391 378 quid
412 316 562 372 faciat,
583 322 629 362 in
651 332 781 362 manu
801 333 890 362 non
909 325 978 361 est
999 333 1125 361 mea:

136 391 306 432 Neutra
326 391 371 431 in
391 404 436 431 re
455 390 587 431 vobis
609 387 842 429 difficultas
864 401 892 429 a
910 398 981 429 me
1003 388 1100 428 erit.
1529 388 1586 428 45

136 458 223 500 Sed
241 457 346 512 quid
367 457 582 499 faciemus
602 457 775 510 puero?
837 456 923 496 LA.
956 455 1166 496 Ridicule
1184 465 1339 506 rogas:

135 523 365 577 Quicquid
383 524 575 566 futurum
595 522 664 573 ’st,
685 523 786 564 huic
808 535 935 563 suum
957 523 1117 563 reddas
1135 522 1324 571 scilicet,

134 591 200 632 Ut
219 592 387 633 alamus
406 596 620 632 nostrum.
682 590 809 631 ΡΑΜ.
842 589 986 640 Quem
1006 591 1106 644 ipse
1127 588 1322 642 neglexit
1344 591 1485 643 pater,

136 727 222 762 Quid
237 738 315 759 uxor
322 728 426 766 faciat
442 739 488 760 me
503 729 609 765 inscio,
624 738 685 759 non
699 731 745 759 est
761 728 794 759 in
806 730 959 768 potestate
973 737 1041 759 mea
1055 729 1088 759 id
1099 729 1247 766 inseclmn
1260 729 1387 759 reddere
1397 738 1407 758 .·
1429 731 1538 758 neutra
1551 727 1584 758 in

133 779 179 805 re,
193 781 249 801 nec
264 772 296 801 in
306 772 484 802 remissione
495 782 549 802 uec
561 772 595 802 in
607 771 794 808 reductione,
808 781 864 811 per
879 781 926 802 me
940 770 1093 812 robisfiet
1107 772 1283 813 difficultas.
1328 771 1391 802 Sed
1405 771 1476 810 quid
1483 770 1584 807 facie-

134 821 202 843 mus
224 815 262 844 de
286 813 406 852 infante
434 818 508 845 nato
537 824 577 845 ex
598 814 803 844 Philumena?
850 815 910 844 LA.
937 814 1002 844 Per
1023 814 1120 845 risum
1143 815 1175 844 id
1197 815 1383 853 interrogas.
1431 813 1583 853 Quicquid

132 857 301 896 continget,
318 857 482 898 Pamphilo
496 859 589 888 redde
608 857 820 898 suumfilium,
835 860 869 888 ut
885 867 939 887 uos
953 858 1112 888 educemus
1125 867 1205 888 eum.
1250 858 1316 888 ΡΑ.
1340 857 1459 897 Egone,
1473 857 1583 893 Pater,

737 952 977 964 ‘eeeoeeoeeoe

132 1022 318 1061 commoda,
334 1033 433 1065 quam
449 1033 509 1055 nos
532 1034 574 1056 ex
601 1024 805 1055 auctoritate
823 1024 1045 1065 complurium
1060 1023 1235 1061 librorum,
1252 1023 1284 1054 in
1307 1022 1427 1064 quibus
1452 1027 1510 1053 aut
1526 1032 1583 1053 ex-

131 1071 260 1107 puncta
276 1072 338 1105 est,
353 1072 411 1098 aut
427 1077 492 1098 non
510 1073 563 1098 est
579 1068 726 1107 omnino,
740 1067 915 1098 delemus.'
930 1069 986 1099 Fa.
1032 1069 1041 1084 ‘
1055 1068 1110 1097 Sic
1124 1072 1161 1097 et
1177 1068 1281 1098 nostri
1296 1066 1447 1106 plerique
1465 1066 1583 1096 delent

130 1119 182 1140 an.
206 1109 334 1140 Omnes
351 1110 528 1148 Remissan,
545 1114 580 1140 et
597 1111 746 1151 quinque
760 1110 910 1151 primarii
925 1109 1095 1141 reduclun.²
1107 1111 1208 1140 Bent.
1232 1111 1241 1126 ⁶
1257 1110 1338 1140 Mss.
1352 1110 1394 1140 G.
1413 1114 1448 1140 et
1462 1109 1582 1139 Boend.

131 1151 191 1183 sed
207 1157 243 1183 et
259 1153 428 1189 Donatus,
444 1153 575 1184 Nonius
605 1153 801 1191 Marcellus,
816 1154 1014 1193 Diomedes,
1041 1152 1294 1190 GambarelIus,
1312 1152 1483 1182 Remissam
1508 1162 1583 1191 opus

131 1194 177 1224 sit
189 1195 285 1232 vobis,
297 1205 336 1225 an
359 1197 515 1226 reductam
530 1197 664 1234 domum,
679 1196 807 1236 legunt.
843 1197 914 1228 EP.
931 1195 1104 1227 Remissan’
1119 1205 1193 1235 opus
1207 1195 1260 1234 sit,
1275 1197 1366 1225 reduc
1390 1197 1514 1226 tandem
1529 1196 1582 1225 do-

130 1247 225 1268 mum.
269 1238 373 1269 Edidi
390 1244 503 1269 autem
520 1239 694 1278 Re<1‹1ucta‚
709 1239 752 1271 ob
767 1243 925 1270 metrum.
972 1239 1107 1269 Luci-ot.
1134 1239 1190 1268 lib.
1208 1247 1259 1268 lv.
1283 1240 1358 1269 9559.
1384 1238 1393 1254 ‘
1411 1246 1582 1277 vocesque

130 1283 273 1320 repente
284 1281 486 1317 Mittunt‚et
501 1282 639 1312 crebras
656 1281 850 1313 redducunt
866 1281 1002 1312 naribus
1016 1280 1138 1312 auras!
1150 1281 1157 1293 ²
1175 1281 1276 1312 lVest.
1300 1280 1582 1312 Remissan'...rea-

130 1322 255 1354 ductare
271 1323 348 1363 Bip.
365 1324 466 1355 Both.
498 1323 582 1354 vobis
593 1334 665 1365 opus
679 1325 773 1356 sitan
788 1326 937 1356 reductan
954 1325 1013 1356 ΒΥ.
1036 1326 1182 1355 reductan
1198 1324 1292 1354 Peri.
1306 1323 1348 1363 A,
1365 1324 1403 1354 C.
1427 1334 1467 1354 au
1483 1324 1584 1354 deest

130 1365 164 1396 in
183 1365 310 1397 A.—46
335 1367 478 1398 Ridicule
503 1368 635 1406 loqueris
662 1368 734 1398 EP.
762 1372 798 1399 et
822 1368 953 1408 loqueris
968 1367 1027 1398 ΒΓ.
1055 1377 1115 1407 pro
1140 1368 1280 1406 gl.—47.
1295 1369 1337 1397 48
1361 1366 1449 1396 Huic
1470 1367 1583 1397 reddas

130 1417 219 1439 suum
237 1407 242 1449 Ι
267 1409 309 1440 Ut
324 1410 445 1440 alamus
467 1409 582 1440 scilicet
609 1411 669 1441 Er.
713 1411 862 1441 ‘Omnes
885 1409 960 1442 fere
986 1410 1074 1449 libri,
1089 1410 1178 1440 inter
1193 1419 1276 1450 quos
1298 1409 1530 1445 vetustissimi,
1546 1413 1583 1440 et

130 1450 299 1490 Donatu‘s,
313 1452 364 1483 ita
378 1453 450 1484 haec
465 1453 570 1483 verba
584 1453 757 1491 ordinant,
769 1454 839 1484 huic
849 1463 935 1484 suum
948 1454 1059 1484 reddas
1073 1451 1112 1483 s.'
1137 1453 1197 1482 Fa.
1219 1454 1227 1469 ‘
1249 1452 1432 1482 Pauciores
1450 1462 1492 1482 ex
1507 1461 1584 1482 nos-

130 1493 207 1532 tris,
222 1494 319 1525 Suum
333 1495 465 1527 reddas!
482 1496 584 1526 Bent.
631 1495 713 1526 Huic
727 1497 844 1527 scilicet
856 1497 968 1527 reddas
977 1506 1065 1527 suum
1080 1495 1182 1526 Both.
1199 1495 1270 1526 huic
1278 1496 1390 1525 reddas
1401 1505 1492 1526 suum
1503 1495 1581 1535 Bip.

130 1539 216 1568 -48
240 1538 298 1568 Ita
320 1538 468 1580 quinque
494 1539 578 1569 Mss.
602 1538 788 1570 Leidenses
814 1543 849 1571 et
874 1539 918 1570 G.
964 1538 1005 1569 In
1021 1539 1078 1569 Tr.
1096 1538 1165 1578 Ipse
1192 1538 1407 1568 emendatum
1435 1537 1468 1568 in
1497 1537 1582 1577 Ipsa.

131 1580 301 1619 quomodo
332 1586 367 1611 et
394 1581 513 1612 Boend.
538 1581 636 1620 legit,
661 1587 697 1612 et
720 1581 822 1612 Bodl.
849 1581 1040 1623 probatque
1066 1581 1175 1612 Boecl.
1212 1581 1345 1621 quando
1363 1581 1465 1611 Pater
1479 1579 1584 1612 fuerit

130 1623 319 1655 vocativus.
363 1624 519 1656 Exhibeo
535 1629 646 1655 autem
662 1625 846 1656 lectionem
863 1624 994 1656 Faerno
1018 1624 1208 1664 probatam,
1225 1634 1323 1665 quam
1340 1629 1374 1653 et
1392 1624 1522 1654 Pareus
1539 1634 1582 1654 ex

130 1670 275 1705 quatuor
289 1667 373 1698 Mss.
390 1667 510 1698 edidit.
546 1668 764 1698 consentiunt
789 1668 885 1700 Jnnt.
905 1666 986 1698 Ald.
1010 1668 1136 1698 Venet.
1151 1667 1258 1707 Lugd.
1275 1666 1387 1697 Anon.
1405 1667 1491 1698 aliae.
1536 1667 1583 1698 Et

130 1708 268 1739 videtur
281 1719 363 1741 sane
378 1710 633 1750 ἐμφατικώτερον,
662 1711 688 1741 si
715 1720 833 1741 sensus
860 1711 915 1749 sit,
938 1712 947 1726 ‘
963 1710 1158 1750 Egoalam,
1176 1719 1272 1749 quem
1300 1710 1373 1749 ipse
1398 1715 1495 1748 pater
1522 1719 1579 1740 ne-

131 1751 239 1790 glexit
251 1751 274 1782 ?'
298 1752 419 1793 Neque
436 1754 522 1784 enim
539 1755 548 1771 ‘
566 1752 657 1794 ipsa'
676 1754 879 1784 Philumena
893 1754 1096 1792 neglexerat
1109 1762 1213 1793 usque
1228 1753 1337 1783 adhuc
1354 1762 1509 1791 puerum,
1525 1762 1580 1782 ne-

129 1803 196 1834 que
211 1796 449 1835 exponendum
466 1796 620 1827 dederat.
666 1797 711 1827 Et
727 1797 753 1826 si
767 1797 818 1827 vel
834 1797 978 1827 maxime
994 1801 1102 1827 mater
1114 1796 1334 1836 neglexisset,
1345 1795 1453 1825 minus
1470 1802 1582 1826 tamen

128 1836 250 1868 idonea
266 1837 338 1870 haec
353 1843 428 1870 erat
443 1849 545 1870 causa
558 1839 737 1879 Pamphilo
754 1849 819 1869 non
835 1839 948 1870 alendi
966 1839 1074 1879 pueri.
1097 1839 1195 1878 Tum,
1212 1839 1239 1868 si
1256 1839 1329 1878 Ipsa
1345 1837 1464 1874 fuisset
1477 1838 1581 1878 scrip·

129 1883 214 1919 tum,
231 1881 419 1920 praestabat
434 1882 490 1913 hic
507 1882 682 1913 verborum
699 1882 782 1912 ordo
797 1893 804 1912 :
829 1883 837 1898 ‘
855 1883 965 1914 Quem
981 1882 1055 1922 ipsa
1071 1881 1236 1921 neglexit,
1253 1891 1315 1920 ego
1332 1882 1429 1916 ulam,
1449 1887 1546 1920 pater
1558 1881 1579 1911 ξ’

129 1921 196 1953 Ast
212 1923 318 1963 dices,
332 1924 542 1965 prodendum
557 1935 622 1956 non
638 1930 712 1955 erat
727 1931 894 1955 secretum
911 1925 953 1956 de
971 1930 1072 1965 partu
1087 1924 1297 1955 Philumenae
1315 1934 1355 1954 ex
1373 1924 1480 1954 alieno
1497 1924 1580 1961 viro,

129 1965 184 1996 vel
199 1966 352 2002 Lacheti,
369 1968 423 1998 vel
440 1967 626 2008 Phidippo,
641 1968 720 2008 quia
743 1968 843 1998 fldem
860 1968 1003 1999 dederat
1019 1968 1218 2007 Pamphilus
1233 1967 1480 2008 Myri·l1inae‚se
1498 1969 1579 1997 taci-

129 2012 255 2039 turum.
300 2010 368 2040 Sed
392 2020 503 2051 neque
523 2011 597 2041 haec
624 2012 711 2042 ratio
733 2009 829 2050 facit,
846 2016 884 2042 ut
900 2011 971 2051 Ipsa
988 2011 1139 2051 legatur;
1163 2011 1278 2050 potuit
1291 2013 1379 2040 enim
1398 2020 1581 2040 conversus

128 2050 172 2081 ad
189 2056 400 2090 spectatores
415 2053 488 2084 haec
503 2053 619 2084 dicere
635 2054 846 2093 Pamphilus,
861 2054 981 2095 quibus
1000 2054 1071 2094 jam
1093 2057 1172 2084 ante
1190 2063 1259 2083 rem
1277 2063 1410 2084 omnem
1426 2053 1580 2084 elocutus

125 2092 253 2125 fuerat.
308 2095 376 2126 Ubi
404 2104 486 2126 vero
520 2096 650 2127 Laches
681 2101 852 2136 postrema
877 2097 992 2132 verba,
1026 2101 1034 2113 ‘
1052 2097 1126 2136 Ego
1153 2096 1239 2127 alam
1253 2095 1276 2125 Γ
1311 2098 1456 2133 audiret,
1487 2097 1581 2135 quasi

130 2135 405 2178 admirabundus,
436 2139 602 2179 simulque
636 2140 832 2179 indignatus
864 2139 1050 2180 respondet
1065 2150 1073 2177 ;
1114 2139 1122 2155 ‘
1139 2139 1231 2172 Quid
1266 2138 1376 2169 dixti?
1410 2139 1504 2169 Eho!
1538 2149 1579 2169 au

127 2188 195 2209 non
229 2181 369 2220 alemus,
401 2182 577 2220 Pamphile
599 2181 620 2212 ?'
666 2182 738 2213 EP.
765 2182 865 2217 Quem
896 2183 960 2222 ipse
996 2181 1132 2221 negligit
1167 2185 1266 2222 puter.
1312 2181 1579 2213 Westerhovius.

126 2222 250 2253 Lectio
271 2223 349 2254 libri
374 2225 470 2255 Beni.
486 2225 567 2255 Vat.
584 2229 619 2256 et
644 2225 832 2266 aliquorum
856 2225 998 2256 aliorum
1025 2228 1090 2263 est,
1112 2234 1200 2264 quem
1221 2225 1307 2264 ipse;
1331 2230 1368 2255 ut
1387 2225 1459 2255 haec
1477 2224 1580 2256 verba

128 2264 198 2296 sint
220 2266 390 2306 Pamphili
413 2277 540 2303 secum,
567 2277 610 2298 ne
633 2273 732 2308 pater
754 2273 790 2298 et
818 2278 914 2298 socer
938 2268 1141 2307 intelligant,
1166 2267 1451 2298 obmurmurantis
1477 2268 1579 2298 alium

126 2316 203 2338 esse
225 2313 359 2349 patrem
383 2311 454 2341 nati
486 2311 594 2350 pueri,
608 2320 675 2341 non
691 2321 749 2342 se:
773 2311 863 2351 quod
879 2315 993 2341 autem
1016 2311 1088 2340 haec
1108 2319 1222 2340 secum
1248 2310 1449 2350 Pamphilus
1475 2310 1580 2351 dicat,

126 2351 320 2383 ostenditur
334 2363 375 2384 ex
393 2354 582 2384 Chremetis
596 2354 704 2384 verbis
722 2355 836 2385 statim
848 2353 1060 2393 Pamphilum
1078 2352 1320 2393 interrogantis
1336 2353 1416 2394 quid
1430 2353 1556 2384 dixerit
1572 2366 1578 2383 z

125 2402 206 2424 sane
224 2394 381 2426 Donatus
397 2406 483 2436 quem
496 2397 563 2436 ipsa
579 2397 685 2437 magis
708 2397 841 2436 probat.
867 2396 957 2437 quod
971 2399 1064 2436 (cum
1081 2396 1274 2426 reverentia
1290 2396 1361 2436 ejus
1378 2396 1579 2436 dixerimus)

125 2444 194 2466 nou
209 2441 264 2468 sat
281 2437 365 2469 bona
383 2440 512 2470 ratione
529 2438 644 2471 facere
661 2439 804 2472 videtur.
828 2440 883 2470 cui
899 2440 987 2470 enim
1013 2440 1213 2479 Pamphilus
1230 2449 1265 2469 se
1283 2440 1502 2478 probaturum
1517 2440 1579 2470 hoc

126 2484 239 2518 putet,
255 2480 345 2521 quod
362 2481 438 2512 ideo
455 2483 546 2511 alere
560 2482 666 2513 filium
689 2483 788 2517 nolit,
807 2483 885 2523 quia
901 2482 1044 2513 eundem
1062 2487 1170 2512 mater
1194 2482 1406 2521 neglexerit?
1430 2481 1508 2512 idne
1526 2487 1579 2513 sat

127 2531 238 2553 causae
262 2524 419 2562 cuiquam
436 2524 544 2555 videri
571 2530 697 2564 potest,
713 2531 749 2556 ut
771 2525 876 2562 filium
901 2536 994 2556 suum
1019 2525 1169 2565 abjiciat,
1186 2525 1274 2564 quod
1299 2525 1340 2554 sit
1360 2535 1378 2554 a
1395 2529 1501 2555 matre
1520 2534 1576 2555 ne-

125 2564 284 2603 glectus?
309 2567 366 2597 Fu.
413 2567 524 2598 Recte
539 2568 593 2597 hic
610 2568 762 2599 Faernus
777 2574 896 2599 contra
908 2570 1092 2599 Donatum.
1137 2568 1231 2598 Unus
1249 2572 1378 2598 tantuin
1397 2577 1438 2598 ex
1455 2568 1579 2598 nostris

125 2607 205 2647 ipsa.
250 2608 449 2649 Pamphilus
472 2620 609 2641 aversus
626 2611 723 2649 dicit,
740 2612 838 2646 Quem
851 2611 916 2650 ipse
931 2612 1069 2649 neglexit
1089 2612 1201 2650 puter;
1226 2609 1348 2640 deinde
1365 2610 1443 2640 dum
1462 2610 1503 2640 ad
1521 2620 1577 2641 eos

126 2658 163 2679 se
179 2653 360 2691 convertit,
374 2654 446 2691 Ego
458 2654 556 2684 alum?
580 2654 667 2693 quod
684 2655 838 2684 ultimum
856 2654 1016 2685 Chremes
1033 2654 1172 2690 audivit.
1221 2652 1320 2692 Haec,
1336 2663 1410 2693 quae
1425 2653 1457 2682 in
1475 2663 1576 2692 agen-

127 2691 172 2722 do
197 2692 295 2733 fiunt,
310 2704 380 2724 rem
404 2695 553 2726 reddunt
580 2697 662 2727 satis
686 2697 835 2733 claran13
861 2701 895 2727 et
911 2697 997 2732 istis,
1012 2696 1067 2736 qui
1085 2696 1158 2736 Ipsa
1181 2696 1325 2734 malunt,
1340 2706 1377 2726 os
1401 2696 1500 2736 plane
1517 2696 1576 2727 ob-

127 2739 274 2767 struunt.
299 2737 395 2769 Bene.
440 2739 618 2779 Sequimur
643 2749 718 2770 cum
747 2739 886 2770 Dacicr.
913 2743 949 2769 et
979 2739 1095 2769 Bentl.
1121 2739 1301 2770 lectionem
1323 2739 1441 2769 Benib.
1460 2739 1572 2770 vatic.

128 2776 233 2809 Basil.
247 2783 281 2809 et
310 2781 465 2820 aliorum,
481 2791 500 2812 a
518 2781 648 2813 Faerno
675 2782 909 2822 constitutam,
925 2792 1026 2823 quam
1050 2782 1122 2823 ipse
1154 2782 1242 2814 Don.
1260 2781 1422 2822 praescire
1441 2781 1574 2811 videtui·

213 2832 327 2877 Delph.
340 2837 369 2864 et
383 2834 455 2865 Var.
471 2835 556 2867 Clas.
787 2836 911 2867 Terent.
1412 2838 1430 2865 3
1456 2835 1486 2865 K
