1966 3302
353 231 439 275 882
850 243 892 274 P.
923 242 1163 273 TERENTH
1196 244 1311 274 Arm

354 340 448 394 Ego
470 341 613 381 alam?
675 339 763 380 LA.
795 337 917 389 Quid
937 338 1082 381 dixti?
1114 339 1222 380 eho!
1253 352 1309 380 an
1329 352 1415 381 non
1445 339 1635 392 alemus,
1671 340 1805 382 Pam-

526 408 676 462 phsse?
1027 421 1030 425 ’

354 476 614 525 Prodemus,
637 487 809 529 quaeso,
829 474 1012 529 potius?
1044 489 1144 530 quae
1165 475 1262 517 haec
1284 475 1480 517 amentia
1498 478 1597 519 est?
1741 478 1800 519 50

354 543 588 585 Enimvero
612 555 792 597 prorsus
808 542 903 597 jam
925 548 1075 586 tacere
1097 557 1180 585 non
1201 557 1341 598 queo;

353 613 471 654 Nam
494 613 618 665 cogis
640 624 707 661 ea,
729 624 829 666 quae
851 612 971 661 nolo,
995 616 1042 653 ut
1064 616 1280 666 praesente
1299 611 1383 654 hoc
1403 612 1574 666 loquar.

352 681 556 734 Ignarum
578 692 731 720 censes
751 683 924 721 tuarum
944 680 1236 734 lacrymarum
1266 693 1366 721 esse
1387 681 1487 721 me'l

352 748 446 790 Aut
467 747 573 802 quid
595 748 652 790 sit
671 747 731 798 id,
752 748 872 802 quod
893 749 1109 790 solicitere
1131 749 1187 790 ad
1210 749 1324 789 hunc
1344 748 1522 789 modum
1541 749 1559 789 ‘l

353 816 548 858 Primum
568 816 682 858 hanc
704 817 780 857 ubi
801 816 914 858 dixti
935 829 1134 867 causam,
1156 820 1196 857 te
1219 820 1396 870 propter
1416 819 1537 857 tuam
1741 816 1799 857 55

355 883 547 925 Matrem
566 897 655 925 non
675 897 813 938 posse
834 884 992 925 habere
1013 884 1126 925 hanc
1146 896 1334 924 uxorem
1357 883 1505 935 domi3

354 952 562 994 Pollicita
583 957 653 993 est
674 966 742 1002 ea,
764 965 810 993 se
832 965 1140 993 concessuram
1164 965 1219 993 ex
1242 952 1426 993 aedibus.

354 1020 504 1070 Nunc,
526 1025 763 1074 postquam
787 1019 1002 1060 ademtam
1022 1020 1138 1061 hanc
1161 1032 1336 1073 quoque
1359 1020 1439 1060 tibi
1455 1031 1634 1060 causam
1657 1019 1804 1071 vides;

354 1089 473 1130 Puer
493 1088 595 1142 quia
615 1088 728 1129 clam
750 1093 791 1129 te
813 1091 881 1128 est
900 1091 1047 1137 natus,
1067 1093 1226 1128 nactus
1248 1087 1425 1127 alteram
1446 1099 1509 1128 es.
1631 1139 1636 1144 ¹

353 1156 499 1205 Ena&
521 1156 586 1196 tui
610 1155 744 1197 animi
767 1155 805 1195 si
826 1167 897 1195 me
920 1167 1020 1195 esse
1042 1155 1240 1206 ignarum
1263 1157 1412 1207 putas.
1747 1155 1804 1196 60

354 1223 608 1278 Aliquando
627 1222 799 1264 tandem
819 1223 904 1263 huc
926 1223 1118 1263 animum
1138 1226 1186 1262 ut
1208 1222 1424 1275 adjungas
1445 1225 1585 1271 tuum,

355 1291 503 1342 Quam
524 1291 700 1344 longum
722 1290 915 1344 spatium
934 1289 1112 1331 amandi
1133 1290 1321 1331 amicam
1344 1289 1423 1329 tibi
1445 1288 1574 1330 dedi!

351 1450 481 1480 educabo
496 1449 659 1489 infantem,
674 1459 760 1490 quem
774 1448 841 1490 ipsa
856 1452 955 1480 mater
968 1459 1025 1490 pro
1040 1447 1182 1480 derelicto
1197 1448 1326 1479 habuit?
1364 1449 1426 1479 LA.
1443 1448 1528 1484 Quid
1543 1445 1678 1479 dixisti?
1710 1445 1804 1478 Eho!

351 1503 392 1523 an
418 1503 477 1523 non
504 1493 708 1532 educabimus,
731 1493 916 1532 Pamphile?
938 1492 1168 1533 projiciemusne
1188 1492 1315 1532 potius?
1337 1501 1476 1530 quaenam
1501 1492 1565 1522 hoec
1588 1490 1710 1521 insania
1732 1488 1805 1521 est?

352 1535 490 1575 equidem
503 1536 574 1574 jam
589 1537 711 1566 omnino
729 1536 821 1566 silere
841 1546 901 1566 non
918 1545 1135 1576 possum‚nam
1158 1545 1205 1565 me
1227 1535 1380 1575 compellis
1401 1535 1441 1564 ad
1463 1534 1648 1566 declaranda
1671 1542 1720 1571 ea,
1737 1541 1804 1573 quoe

349 1579 457 1609 nollem
481 1583 634 1618 prcesente
658 1579 812 1618 Phidippo
834 1579 871 1609 de
893 1582 924 1609 te
945 1580 1055 1609 dicere.
1101 1578 1154 1609 An
1174 1581 1267 1618 putas
1288 1587 1334 1608 me
1356 1587 1479 1608 causam
1497 1577 1642 1616 ignorare
1664 1585 1718 1606 cur
1741 1579 1806 1606 tam

344 1621 525 1660 frequenter
539 1622 732 1663 lacryma›·i3‚
746 1625 800 1652 aut
815 1631 869 1652 cur
889 1621 934 1652 ita
950 1621 1148 1661 perturberis,
1163 1625 1192 1651 et
1207 1620 1346 1651 solicitus
1360 1620 1422 1651 sis?
1466 1620 1505 1650 In
1519 1620 1630 1660 primis
1645 1621 1807 1660 postquam

351 1665 463 1694 dixisti
477 1665 554 1695 hanc
577 1675 699 1696 causam
713 1675 774 1695 non
788 1666 970 1695 reducendae
985 1664 1105 1702 uxoris,
1122 1664 1267 1694 nimirum
1282 1667 1312 1694 te
1326 1673 1386 1694 non
1406 1672 1493 1702 posse
1506 1663 1574 1703 pati
1589 1663 1666 1693 hanc
1679 1670 1807 1692 uxorem

351 1707 432 1737 domi
447 1717 520 1743 esse,
544 1718 611 1748 quoe
635 1710 765 1738 matrem
789 1707 915 1744 odisset,
933 1707 1079 1747 promisit
1101 1711 1199 1737 mater
1222 1717 1255 1737 se
1270 1707 1357 1736 domo
1371 1706 1586 1737 discessuram.
1632 1705 1724 1736 Nunc
1738 1712 1807 1734 cum

350 1750 450 1780 sentis
465 1753 494 1780 te
509 1750 563 1780 hoc
576 1754 734 1790 praetemtu
747 1750 867 1790 privari
877 1761 888 1787 ;
904 1750 974 1790 quia
988 1749 1075 1791 paeri
1085 1753 1209 1791 partus,
1222 1753 1253 1780 te
1266 1749 1430 1785 nesciente,
1442 1758 1482 1778 ex
1492 1749 1606 1779 occulto
1613 1747 1684 1786 fuit
1695 1746 1808 1782 editus,

350 1794 482 1823 alteram
493 1803 618 1824 causam
633 1794 788 1833 reperisti.
834 1793 933 1824 Fallit
949 1797 979 1823 te
995 1793 1108 1832 opinio,
1122 1793 1149 1823 si
1164 1792 1332 1823 arbitraris
1347 1802 1394 1822 me
1403 1792 1548 1831 ignorare
1563 1791 1660 1822 animi
1674 1790 1721 1821 tui
1733 1799 1807 1830 pro·

349 1837 494 1876 positum.
539 1837 718 1876 Aliquando
733 1837 855 1867 tandem
870 1840 905 1867 ut
919 1836 1054 1867 animum
1068 1837 1108 1866 ad
1123 1845 1252 1866 uxorem
1265 1835 1421 1870 adhibeas,
1439 1844 1530 1875 quam
1545 1835 1667 1873 longam
1689 1836 1808 1873 tempus

959 1950 1204 1963 memn

351 2040 415 2077 illi,
437 2050 525 2080 quem
539 2039 607 2079 ipsa
627 2039 781 2079 neglexit,
795 2042 894 2079 pater,
914 2048 971 2078 ego
985 2036 1093 2070 alam?
1128 2037 1231 2069 Haud
1257 2047 1338 2068 sane
1368 2041 1497 2077 patrem
1515 2036 1616 2067 decet
1632 2035 1807 2076 negligere

352 2093 509 2123 puerum,
522 2092 619 2123 quem
634 2088 743 2113 mater
758 2083 963 2122 neglexerit.
1007 2081 1103 2112 Alius
1118 2085 1194 2121 post
1218 2082 1310 2112 Don.
1340 2080 1580 2120 grammaticus
1598 2089 1625 2110 s.
1651 2079 1764 2120 Asper
1779 2090 1806 2110 s.

353 2127 525 2158 Cornutus
547 2126 633 2156 hanc
662 2126 814 2156 ultimam
842 2125 1022 2156 lectionem
1051 2125 1225 2155 meliorem
1253 2129 1383 2155 censet.
1407 2123 1483 2163 Bip.
1513 2123 1703 2162 Neglexerit
1723 2122 1808 2153 Mss.

352 2179 478 2200 omnes.
514 2168 612 2199 Boecl.
652 2173 689 2199 et
729 2169 777 2199 sic
806 2166 924 2199 Guelf.
954 2170 1069 2199 1.—50
1098 2168 1267 2198 Per-demus
1299 2167 1366 2198 Ms.
1396 2176 1493 2204 unus,
1525 2166 1611 2197 alius
1641 2164 1808 2196 dementia.

353 2212 461 2242 Boecl.
491 2221 592 2251 qaceso
621 2211 759 2249 omisso,
785 2211 939 2241 dementia
968 2215 1003 2241 et
1033 2210 1192 2241 EP.-51
1220 2210 1344 2250 Nequeo
1374 2208 1489 2241 Guelf.
1520 2211 1636 2240 1.--54
1672 2207 1724 2239 Sit
1751 2207 1807 2238 hoc

354 2255 461 2285 nostri
477 2256 593 2294 plures
613 2259 648 2285 et
673 2254 843 2285 meliores.
871 2254 968 2284 Bent.
1002 2253 1053 2284 ita
1076 2253 1162 2284 Bod.
1187 2253 1288 2283 Both.
1306 2253 1361 2283 hoc
1383 2252 1416 2283 id
1433 2252 1477 2283 G.
1494 2252 1566 2282 ΕΡ.
1585 2252 1644 2282 Br.
1674 2254 1710 2282 et
1737 2250 1807 2281 Ms.

354 2298 396 2328 R.
428 2297 518 2337 apud
544 2297 727 2328 [And—55
757 2297 818 2327 Ubi
840 2296 927 2327 lianc.
957 2296 999 2327 Ο.
1025 2297 1047 2326 1.
1072 2306 1098 2328 s.
1129 2300 1164 2326 et
1190 2295 1357 2335 Donatus,
1381 2296 1459 2326 hanc
1487 2295 1550 2325 ubi.
1582 2295 1639 2325 Fa.
1683 2293 1741 2325 Sic
1770 2297 1808 2324 et

354 2340 472 2371 nostri.
496 2341 593 2371 Bent.
630 2339 691 2371 Ubi
713 2339 791 2370 hanc
805 2340 951 2370 Br.—58
978 2339 1105 2379 Quoque
1120 2339 1207 2370 hanc.
1227 2338 1270 2370 Ο.
1293 2339 1316 2368 1.
1333 2348 1358 2369 s.
1375 2338 1452 2368 hanc
1469 2346 1593 2377 quoque.
1617 2337 1675 2366 Fa.
1719 2335 1808 2367 Nos-

355 2383 398 2413 tri
424 2393 556 2423 quoque
573 2392 699 2413 omnes,
723 2383 905 2413 Bent.—-59
922 2383 980 2412 Est
993 2385 1085 2413 natus
1100 2383 1196 2412 Bem.
1220 2381 1278 2411 Fa.
1306 2382 1351 2412 Et
1376 2382 1386 2398 ‘
1404 2381 1511 2411 nostri
1528 2378 1687 2420 quoque!
1709 2378 1808 2409 Bene.

356 2426 461 2456 Natus
473 2426 548 2456 clam
565 2429 596 2456 te
609 2430 654 2456 est
670 2425 770 2456 Both.
793 2425 883 2462 olim,
899 2429 937 2455 ut
954 2424 1100 2463 videtur,
1122 2425 1229 2455 Naias
1250 2427 1316 2455 est:
1341 2424 1371 2453 in
1389 2421 1506 2454 Guelf.
1531 2426 1560 2454 l.
1577 2425 1686 2453 nactus
1700 2421 1808 2452 deest.

355 2473 437 2500 —61
466 2470 548 2499 Mss.
573 2468 722 2508 quidam,
737 2473 771 2499 et
786 2467 937 2508 impressi
955 2472 1032 2508 post
1049 2467 1119 2498 ΕΡ.
1150 2467 1325 2506 Aliquando
1338 2467 1462 2498 tandem
1477 2466 1533 2496 huc
1543 2465 1680 2496 animum
1694 2464 1808 2495 volout

355 2513 490 2542 adducas
517 2516 614 2542 tuum.
660 2511 728 2542 Sed
745 2511 811 2542 volo
837 2510 969 2541 abesta
986 2510 1030 2541 G.
1059 2510 1160 2541 West.
1206 2511 1259 2540 Ex
1286 2510 1326 2540 iis
1357 2509 1557 2540 lectionibus
1576 2509 1724 2547 priorem
1741 2506 1807 2537 duo

357 2554 442 2584 Mss.
469 2554 560 2593 apud
576 2555 684 2585 Boecl.
713 2554 835 2586 tertius
861 2553 1086 2594 posteriorem
1110 2552 1285 2584 exhibent.
1308 2552 1494 2591 ‘Adjungas
1518 2551 1614 2581 dedit
1643 2549 1807 2580 Faernus.

357 2596 463 2636 Atqui
489 2597 623 2627 codices
654 2597 761 2628 nostri
787 2596 937 2627 universi
965 2597 1119 2627 adducas:
1142 2601 1181 2626 ut
1207 2594 1291 2626 infra
1307 2604 1340 2626 v.
1358 2597 1386 2627 3.
1405 2597 1457 2625 38.
1503 2594 1512 2610 ‘
1530 2593 1713 2633 Nunquam
1736 2592 1806 2622 ani-

356 2649 445 2669 mum
461 2640 583 2680 quaesti
611 2640 721 2679 gratia
747 2639 787 2670 ad
805 2640 910 2670 malas
928 2639 1094 2670 adducam
1119 2636 1258 2679 partes.'
1273 2638 1419 2669 Adam-as
1437 2636 1523 2668 Rivii
1542 2645 1674 2676 quoqne
1690 2638 1728 2666 et
1742 2635 1806 2665 Fa-

357 2681 456 2712 bricii
482 2682 639 2720 codices3
663 2687 699 2713 et
719 2683 805 2713 Edd.
822 2687 906 2714 vett.
925 2692 1000 2714 cum
1028 2682 1174 2712 Donato.
1221 2681 1346 2719 Fauor,
1371 2690 1412 2711 an
1436 2679 1618 2711 audaculus
1642 2677 1807 2719 quispiam

357 2725 509 2763 adjungas
524 2724 576 2754 hic
603 2726 791 2764 supposuit,
806 2734 848 2756 ex
872 2725 962 2756 And.
990 2734 1014 2755 1.
1038 2728 1066 2756 1.
1087 2727 1139 2755 29.
1185 2724 1194 2741 ‘
1211 2724 1259 2755 Ut
1277 2724 1422 2754 animum
1447 2722 1488 2753 ad
1506 2720 1642 2762 aliquod
1658 2720 1805 2752 studium

358 2767 412 2807 adj
420 2766 569 2805 ungant!
583 2766 590 2778 ’
603 2768 701 2797 Rene.
728 2768 872 2799 Adducas
883 2768 976 2799 Perl.
988 2767 1089 2798 Both.
1105 2772 1140 2798 et
1153 2776 1215 2807 pro
1231 2776 1300 2797 var.
1316 2767 1396 2797 lect.
1410 2766 1469 2796 ΒΓ.
1488 2765 1520 2795 in
1539 2769 1635 2795 textu
1656 2763 1807 2794 abducas.-

356 2810 366 2827 ‘
385 2809 473 2851 quod
490 2809 632 2850 pessime
659 2810 806 2850 legitur!
831 2811 907 2851 Rip.
930 2815 966 2842 at
991 2811 1000 2829 ‘
1016 2811 1151 2841 adducas
1168 2810 1263 2842 Vett.
1281 2813 1315 2840 et
1335 2808 1424 2849 Reg.
1438 2806 1597 2848 exempl!
1620 2806 1714 2838 Limi.
1731 2814 1806 2847 quae
