1966 3302
255 237 341 280 780
755 244 793 275 P.
828 243 1067 275 TERENTn
1100 243 1216 276 Arm

260 341 350 384 DE.
381 340 501 393 Quis
534 341 698 383 homo?
741 353 767 381 o
803 339 913 393 Syre
945 342 1108 389 noster,
1144 339 1292 380 salve!
1332 336 1438 392 quid
1472 336 1558 378 fit?
1602 336 1708 393 quid

432 407 603 462 agitur?
964 396 1076 416 *⁸⁹⁸⁹*

258 477 341 517 SY.
373 477 532 518 Recte.
595 475 687 517 DE.
713 474 892 528 Optime
912 472 981 515 'st.
1037 473 1066 515 J
1071 486 1142 514 am
1160 484 1277 514 nunc
1296 471 1392 535 1]Ξο
1413 471 1502 514 tria
1520 471 1707 525 primum

428 542 581 585 addidi
688 573 696 603 3
955 582 959 586 .
1009 563 1012 566 ⁴
1647 559 1650 562 ⁴
1694 545 1714 594 ιζ

259 612 429 653 Praeter
447 613 645 651 naturam
661 624 669 648 :
687 607 730 657 {o
752 607 926 650 noster!
958 607 1063 661 quid
1084 607 1165 648 fit?
1198 606 1304 660 quid
1325 606 1496 660 agitur?
1706 615 1714 625 “

257 680 440 722 Servom
458 677 576 719 haud
600 676 854 718 illiberalem
874 676 1048 729 praebes
1067 680 1135 726 te3
1165 678 1206 715 et
1227 675 1309 716 tibi
1522 669 1525 673 ’
1664 674 1710 715 ,5

258 747 436 788 Lubens
468 747 580 786 bene
618 744 770 786 faxim.
845 744 930 785 SY.
960 742 1160 783 Gratiam
1199 741 1355 783 habeo.
1429 741 1521 783 DE.
1552 739 1709 796 Atqui,

429 814 459 855 S
494 826 552 863 re,
1137 810 1141 812 i
1694 851 1698 853 a

259 881 362 923 Hoc
385 828 534 923 vergm
556 879 634 931 ’st3
666 884 710 920 et
729 875 838 933 ipsa>
851 891 896 919 re
918 878 1144 932 experiere
1165 875 1438 930 propediem.
1638 871 1704 960 Ἰ..

257 1003 377 1043 pellat?
401 1014 418 1035 o
432 998 539 1035 noster
555 1003 648 1044 Syre,
660 1004 755 1041 salve,
769 1002 842 1042 quid
857 1001 987 1041 agitur?
1009 1002 1083 1042 quid
1097 1010 1200 1032 rerum
1213 999 1363 1039 geritur?
1405 999 1466 1030 SY.
1490 999 1592 1030 Bene.
1638 998 1706 1029 DE.

263 1047 388 1087 Optime
411 1050 468 1078 est.
519 1046 596 1077 Haec
612 1047 682 1085 jam
709 1046 773 1076 tria
795 1045 885 1075 verba
909 1049 1025 1086 praeter
1039 1043 1197 1083 ingenium
1212 1043 1344 1074 sermoni
1358 1041 1488 1080 adjunxi
1502 1042 1668 1077 nimirum
1691 1051 1708 1070 o

258 1092 375 1129 noster,
388 1090 462 1131 quid
478 1088 538 1130 fit,
563 1089 637 1129 quid
650 1088 779 1128 agitur?
801 1097 922 1118 servum
938 1087 1092 1118 liberalem
1108 1090 1138 1117 te
1153 1090 1296 1126 prce-stas,
1313 1089 1343 1116 et
1358 1085 1417 1116 tibi
1432 1083 1562 1115 libenter
1576 1093 1705 1114 commo-

258 1131 346 1163 dabo.
391 1133 454 1164 Sv.
482 1132 631 1163 Gratiam
660 1131 765 1162 habeo.
810 1131 879 1162 DE.
904 1130 1086 1170 Enimvero,
1100 1128 1194 1170 Syre,
1209 1129 1340 1168 ingenue
1359 1131 1390 1159 et
1405 1137 1475 1159 vere
1491 1128 1606 1168 loquor,
1629 1129 1659 1158 et
1673 1134 1707 1156 re

259 1174 324 1214 ipsa
340 1175 374 1205 id
389 1184 547 1215 cognosces
562 1173 658 1206 brevi.

867 1243 1102 1256 ‘mm-‘⁴00

300 1315 386 1346 Haec
403 1315 515 1346 Scena
530 1314 562 1344 in
577 1314 645 1345 Ms.
659 1314 702 1345 G.
714 1313 872 1354 jungitur
886 1312 1064 1353 superiori.
1093 1311 1194 1344 West.
1239 1311 1280 1342 In
1296 1311 1374 1351 Bip.
1390 1315 1443 1342 est
1460 1309 1540 1341 Act.
1555 1319 1589 1341 v.
1606 1310 1659 1342 Sc.
1675 1313 1707 1342 3.

258 1359 299 1390 In
327 1357 428 1389 Both.
458 1367 491 1388 v.
517 1360 612 1387 2.—3
637 1357 740 1388 Hunc
757 1362 789 1387 et
811 1361 1009 1395 sequentem
1026 1365 1073 1387 VS.
1088 1359 1208 1386 contra
1223 1353 1324 1385 fidem
1342 1354 1498 1385 codicum
1522 1357 1558 1384 et
1579 1353 1709 1384 Donati

260 1402 501 1432 auctoritatem
519 1400 686 1439 expungit
703 1400 792 1439 Guy.
841 1399 901 1429 Est
917 1408 996 1429 vero
1012 1399 1119 1429 omnis
1135 1398 1257 1429 Scenae
1274 1398 1444 1437 elegantia
1460 1396 1493 1426 in
1510 1395 1549 1426 iis
1565 1405 1640 1436 quae
1657 1405 1710 1426 se-

258 1453 334 1475 cum
353 1444 485 1474 Demea
501 1443 664 1483 loquitur.
693 1442 793 1474 West.
838 1443 913 1472 dam
929 1441 991 1472 tria
1007 1452 1087 1472 nunc
1100 1442 1165 1472 liaec
1180 1440 1346 1471 Rom—6
1364 1440 1515 1470 Praestat
1530 1438 1579 1470 ita
1593 1448 1709 1469 versus

259 1487 470 1526 distinguere
495 1486 609 1525 Atqui,
634 1485 723 1525 Syre,
749 1485 806 1515 hoc
835 1484 989 1523 Verumst,
1011 1487 1040 1515 et
1065 1483 1132 1524 ipsa
1157 1493 1191 1513 re
1216 1482 1374 1523 experiere
1397 1481 1582 1522 propediem.
1605 1481 1710 1512 Bent.

260 1529 362 1560 Both.
386 1529 495 1569 Atqui,
519 1528 611 1568 Syre,
634 1529 689 1559 hoc
710 1527 824 1560 Verum
843 1537 919 1568 esse,
941 1528 1009 1567 ipsa
1030 1536 1063 1558 re
1086 1526 1263 1568 propediem
1287 1525 1476 1566 est-periberet.
1497 1524 1553 1557 ‘J.
1569 1533 1632 1555 esse
1648 1532 1709 1566 pro

258 1571 326 1603 est!
352 1571 447 1603 Peri.

285 1633 311 1674 fs
911 1623 1051 1655 NOTAE

280 1678 283 1683 A
304 1692 322 1720 3
345 1690 421 1720 Jam
436 1680 515 1720 nuno
531 1689 595 1719 haec
612 1687 690 1728 tria]
715 1688 804 1719 Haec
826 1687 1014 1719 summisse.

656 1955 859 1999 ACTUS
893 1955 950 1996 V.
1011 1954 1216 1997 SCENA
1251 1955 1335 1997 VI.

787 2079 931 2109 GETA.
995 2079 1095 2109 DEM
1109 2078 1182 2107 EA.

261 2147 349 2189 GE.
380 2147 532 2189 HERA
563 2161 643 2201 ego
678 2148 778 2189 hinc
815 2147 870 2188 ad
902 2147 987 2187 hos
1020 2146 1414 2200 provisam‚,quam
1447 2156 1555 2185 mox
1582 2143 1710 2197 virgi·

432 2229 529 2256 nem

261 2282 524 2325 Arcessant:
555 2283 631 2324 sed
652 2295 804 2324 eccum
826 2282 1038 2323 Demeam
1057 2281 1066 2322 Ξ
1098 2281 1248 2322 salvos
1270 2282 1373 2322 sies.

304 2394 373 2426 GE.
399 2393 488 2425 Hera
512 2394 668 2432 Sostrata,
697 2392 873 2424 conveniam
896 2391 1065 2423 Mitionem
1088 2394 1178 2431 atque
1201 2390 1395 2428 AEschinum,
1418 2391 1452 2419 ut
1474 2387 1571 2419 sciam
1592 2387 1711 2427 quando

259 2437 412 2477 virginem
438 2437 636 2477 Pamphilam
657 2436 769 2468 adduci
784 2435 888 2467 velint.
932 2435 995 2466 Sed
1010 2444 1075 2464 ecce
1091 2434 1254 2465 Demeam.
1299 2431 1410 2463 Salvus
1424 2431 1479 2464 sis.
1523 2430 1591 2461 DE.
1618 2429 1708 2465 Quod

863 2517 1098 2532 eeeeeeeeeeeee

305 2586 385 2627 Bip.
404 2586 484 2617 Act.
501 2595 534 2617 v.
549 2585 603 2617 Sc.
615 2589 645 2617 4.
669 2586 769 2618 Both.
784 2595 819 2618 v.
833 2589 927 2617 3.-1
952 2585 1075 2617 Placet
1092 2583 1171 2615 mihi
1194 2583 1296 2615 lectio
1312 2582 1389 2614 libri
1405 2581 1561 2613 Bembini
1577 2592 1584 2611 ε
1608 2581 1710 2623 Hera,

261 2641 317 2670 rgo
331 2630 388 2659 huc
400 2630 440 2659 ad
456 2629 509 2659 hos
522 2629 654 2669 proviso.
678 2629 756 2661 Bas.
774 2630 863 2661 hunc.
886 2629 947 2660 Fa.
993 2629 1073 2659 Duo
1090 2627 1196 2658 nostri
1213 2626 1385 2657 veterrimi
1399 2624 1458 2656 hm:
1471 2635 1481 2655 .-
1504 2624 1610 2655 ceteri
1625 2625 1710 2658 hinc.

263 2675 374 2705 Recte
388 2672 464 2702 huc.-
481 2671 529 2702 sic
546 2671 641 2710 alibi,
655 2672 664 2688 ‘
680 2672 765 2703 Post
781 2673 845 2703 huc
862 2672 1024 2703 continno
1040 2669 1147 2701 exeo.'
1165 2670 1251 2700 Eun.
1265 2677 1321 2699 111.
1340 2671 1370 2699 1.
1382 2670 1414 2698 4.
1437 2667 1446 2683 ‘
1458 2666 1536 2702 Huc
1551 2668 1714 2706 proviso!

264 2714 382 2748 Nostri
397 2714 451 2745 hic
465 2714 637 2754 provisam:
660 2714 762 2744 etiam
780 2719 887 2752 recte,
903 2719 941 2745 ut
956 2714 1100 2745 Plautus
1116 2713 1210 2743 Men.
1228 2720 1263 2741 v.
1281 2714 1310 2742 1.
1324 2713 1356 2742 4.
1380 2711 1389 2727 ‘
1403 2709 1593 2747 Provisam,
1609 2719 1710 2751 quam

263 2767 341 2790 mox
358 2757 409 2787 vir
422 2766 514 2787 meus
531 2756 651 2787 redeat
667 2756 823 2787 domum!
845 2757 941 2788 Bene.
974 2757 1048 2787 Huc
1062 2757 1102 2786 ad
1117 2755 1171 2785 hos
1184 2755 1305 2795 proviso
1320 2753 1398 2792 Bip.
1416 2752 1456 2783 Z.
1471 2752 1562 2783 Peri.
1581 2753 1708 2794 Delph.

263 2803 326 2833 —2
341 2800 510 2833 Accersant
525 2799 585 2831 ΒΓ.
599 2799 702 2830 Beni.
721 2799 841 2840 Delph.
865 2800 874 2817 ‘
888 2800 922 2832 J.
938 2799 1066 2831 omittit
1078 2799 1145 2840 sed,
1161 2796 1270 2829 male?
1294 2796 1447 2828 Perl.—4
1470 2795 1576 2826 Pretii
1590 2805 1654 2828 esse
1667 2800 1709 2829 te.
