<?xml version="1.0" encoding="UTF-8"?>
<!DOCTYPE html PUBLIC "-//W3C//DTD XHTML 1.0 Transitional//EN"
    "http://www.w3.org/TR/xhtml1/DTD/xhtml1-transitional.dtd">
<html xmlns="http://www.w3.org/1999/xhtml" xml:lang="en" lang="en">
 <head>
  <title>
</title>
<meta http-equiv="Content-Type" content="text/html;charset=utf-8" />
  <meta name='ocr-system' content='tesseract 3.04.00' />
  <meta name='ocr-capabilities' content='ocr_page ocr_carea ocr_par ocr_line ocrx_word'/>
</head>
<body>
  <div class='ocr_page' id='page_1' title='image "./pubterentiiafric02tereuoft/pubterentiiafric02tereuoft_0542.png"; bbox 0 0 1966 3302; ppageno 0'>
   <div class='ocr_carea' id='block_1_1' title="bbox 288 217 1251 265">
    <p class='ocr_par' dir='ltr' id='par_1_1' title="bbox 288 217 1251 265">
     <span class='ocr_line' id='line_1_1' title="bbox 288 217 1251 265; baseline 0.007 -7"><span class='ocrx_word' id='word_1_1' title='bbox 288 217 402 260; x_wconf 74' lang='lat'>10:32</span> <span class='ocrx_word' id='word_1_2' title='bbox 787 231 826 261; x_wconf 85' lang='lat' dir='ltr'><strong>P.</strong></span> <span class='ocrx_word' id='word_1_3' title='bbox 858 231 1099 264; x_wconf 74' lang='lat' dir='ltr'><strong>TEREN&#39;ru</strong></span> <span class='ocrx_word' id='word_1_4' title='bbox 1135 233 1251 265; x_wconf 70' lang='lat' dir='ltr'><strong>Arm</strong></span> 
     </span>
    </p>
   </div>
   <div class='ocr_carea' id='block_1_2' title="bbox 291 324 1679 385">
    <p class='ocr_par' dir='ltr' id='par_1_2' title="bbox 291 324 1679 385">
     <span class='ocr_line' id='line_1_2' title="bbox 291 324 1679 385; baseline 0.009 -20"><span class='ocrx_word' id='word_1_5' title='bbox 291 326 382 366; x_wconf 82' lang='lat' dir='ltr'><strong>DE.</strong></span> <span class='ocrx_word' id='word_1_6' title='bbox 416 324 537 376; x_wconf 82' lang='lat' dir='ltr'><strong>Quid</strong></span> <span class='ocrx_word' id='word_1_7' title='bbox 558 325 687 379; x_wconf 85' lang='lat' dir='ltr'><strong>igitur</strong></span> <span class='ocrx_word' id='word_1_8' title='bbox 707 325 813 367; x_wconf 74' lang='lat' dir='ltr'><strong>fiet?</strong></span> <span class='ocrx_word' id='word_1_9' title='bbox 877 327 1035 369; x_wconf 76' lang='lat' dir='ltr'><strong>PHoR.</strong></span> <span class='ocrx_word' id='word_1_10' title='bbox 1069 329 1117 371; x_wconf 87' lang='lat' dir='ltr'><strong>Si</strong></span> <span class='ocrx_word' id='word_1_11' title='bbox 1141 330 1208 372; x_wconf 85' lang='lat' dir='ltr'><strong>vis</strong></span> <span class='ocrx_word' id='word_1_12' title='bbox 1230 331 1335 373; x_wconf 80' lang='lat' dir='ltr'><strong>mihi</strong></span> <span class='ocrx_word' id='word_1_13' title='bbox 1355 345 1539 377; x_wconf 86' lang='lat' dir='ltr'><strong>uxorem</strong></span> <span class='ocrx_word' id='word_1_14' title='bbox 1560 333 1679 385; x_wconf 84' lang='lat' dir='ltr'><strong>dare,</strong></span> 
     </span>
    </p>
   </div>
   <div class='ocr_carea' id='block_1_3' title="bbox 227 393 1377 448">
    <p class='ocr_par' dir='ltr' id='par_1_3' title="bbox 227 393 1377 448">
     <span class='ocr_line' id='line_1_3' title="bbox 227 393 1377 448; baseline 0.008 -15"><span class='ocrx_word' id='word_1_15' title='bbox 227 394 229 396; x_wconf 76' lang='grc'><strong>’</strong></span> <span class='ocrx_word' id='word_1_16' title='bbox 291 393 441 444; x_wconf 82' lang='lat' dir='ltr'><strong>Quam</strong></span> <span class='ocrx_word' id='word_1_17' title='bbox 463 393 758 446; x_wconf 83' lang='lat' dir='ltr'><strong>despondisti‚</strong></span> <span class='ocrx_word' id='word_1_18' title='bbox 776 393 935 437; x_wconf 80' lang='lat' dir='ltr'>ducam</span> <span class='ocrx_word' id='word_1_19' title='bbox 953 408 962 437; x_wconf 92' lang='lat'>:</span> <span class='ocrx_word' id='word_1_20' title='bbox 996 397 1066 438; x_wconf 87' lang='lat' dir='ltr'><strong>sin</strong></span> <span class='ocrx_word' id='word_1_21' title='bbox 1088 402 1172 448; x_wconf 88' lang='lat' dir='ltr'><strong>est,</strong></span> <span class='ocrx_word' id='word_1_22' title='bbox 1193 404 1244 440; x_wconf 91' lang='lat' dir='ltr'><strong>ut</strong></span> <span class='ocrx_word' id='word_1_23' title='bbox 1263 400 1377 442; x_wconf 86' lang='lat' dir='ltr'><strong>velis</strong></span> 
     </span>
    </p>
   </div>
   <div class='ocr_carea' id='block_1_4' title="bbox 288 460 1750 1337">
    <p class='ocr_par' dir='ltr' id='par_1_4' title="bbox 291 460 1508 524">
     <span class='ocr_line' id='line_1_4' title="bbox 291 460 1508 524; baseline 0.008 -22"><span class='ocrx_word' id='word_1_24' title='bbox 291 461 470 503; x_wconf 82' lang='lat' dir='ltr'><strong>Manere</strong></span> <span class='ocrx_word' id='word_1_25' title='bbox 492 461 614 501; x_wconf 81' lang='lat' dir='ltr'><strong>illam</strong></span> <span class='ocrx_word' id='word_1_26' title='bbox 636 460 758 515; x_wconf 84' lang='lat' dir='ltr'><strong>apud</strong></span> <span class='ocrx_word' id='word_1_27' title='bbox 778 466 838 513; x_wconf 87' lang='lat' dir='ltr'><strong>te,</strong></span> <span class='ocrx_word' id='word_1_28' title='bbox 857 463 939 504; x_wconf 85' lang='lat' dir='ltr'><strong>dos</strong></span> <span class='ocrx_word' id='word_1_29' title='bbox 960 464 1033 506; x_wconf 89' lang='lat' dir='ltr'><strong>hic</strong></span> <span class='ocrx_word' id='word_1_30' title='bbox 1054 461 1245 516; x_wconf 71' lang='lat' dir='ltr'><strong>maneat,</strong></span> <span class='ocrx_word' id='word_1_31' title='bbox 1268 467 1508 524; x_wconf 85' lang='lat' dir='ltr'><strong>Demipho.</strong></span> 
     </span>
    </p>

    <p class='ocr_par' dir='ltr' id='par_1_5' title="bbox 292 529 1391 590">
     <span class='ocr_line' id='line_1_5' title="bbox 292 529 1391 590; baseline 0.007 -21"><span class='ocrx_word' id='word_1_32' title='bbox 292 529 407 570; x_wconf 86' lang='lat' dir='ltr'><strong>Nam</strong></span> <span class='ocrx_word' id='word_1_33' title='bbox 428 542 513 569; x_wconf 88' lang='lat' dir='ltr'><strong>non</strong></span> <span class='ocrx_word' id='word_1_34' title='bbox 532 534 599 570; x_wconf 87' lang='lat' dir='ltr'><strong>est</strong></span> <span class='ocrx_word' id='word_1_35' title='bbox 622 542 812 583; x_wconf 84' lang='lat' dir='ltr'><strong>aequom,</strong></span> <span class='ocrx_word' id='word_1_36' title='bbox 834 544 905 573; x_wconf 88' lang='lat' dir='ltr'><strong>me</strong></span> <span class='ocrx_word' id='word_1_37' title='bbox 927 536 1105 586; x_wconf 80' lang='lat' dir='ltr'><strong>propter</strong></span> <span class='ocrx_word' id='word_1_38' title='bbox 1125 546 1209 575; x_wconf 89' lang='lat' dir='ltr'><strong>vos</strong></span> <span class='ocrx_word' id='word_1_39' title='bbox 1230 534 1391 590; x_wconf 84' lang='lat' dir='ltr'>decipi,</span> 
     </span>
    </p>

    <p class='ocr_par' dir='ltr' id='par_1_6' title="bbox 290 595 1750 655">
     <span class='ocr_line' id='line_1_6' title="bbox 290 595 1750 655; baseline 0.01 -20"><span class='ocrx_word' id='word_1_40' title='bbox 290 595 401 637; x_wconf 90' lang='lat' dir='ltr'><strong>Cum</strong></span> <span class='ocrx_word' id='word_1_41' title='bbox 422 609 503 649; x_wconf 83' lang='lat' dir='ltr'><strong>ego</strong></span> <span class='ocrx_word' id='word_1_42' title='bbox 527 597 661 637; x_wconf 85' lang='lat' dir='ltr'><strong>vostri</strong></span> <span class='ocrx_word' id='word_1_43' title='bbox 681 597 859 639; x_wconf 88' lang='lat' dir='ltr'><strong>honoris</strong></span> <span class='ocrx_word' id='word_1_44' title='bbox 879 612 1014 641; x_wconf 82' lang='lat' dir='ltr'><strong>causa</strong></span> <span class='ocrx_word' id='word_1_45' title='bbox 1034 601 1262 655; x_wconf 82' lang='lat' dir='ltr'>repudium</span> <span class='ocrx_word' id='word_1_46' title='bbox 1284 604 1434 647; x_wconf 67' lang='lat' dir='ltr'><strong>alterae</strong></span> <span class='ocrx_word' id='word_1_47' title='bbox 1692 605 1750 648; x_wconf 84' lang='lat'><strong>35</strong></span> 
     </span>
    </p>

    <p class='ocr_par' dir='ltr' id='par_1_7' title="bbox 288 664 1284 718">
     <span class='ocr_line' id='line_1_7' title="bbox 288 664 1284 718; baseline 0.006 -15"><span class='ocrx_word' id='word_1_48' title='bbox 288 664 572 714; x_wconf 84' lang='lat' dir='ltr'><strong>Remiserim,</strong></span> <span class='ocrx_word' id='word_1_49' title='bbox 597 678 699 718; x_wconf 83' lang='lat' dir='ltr'><strong>quae</strong></span> <span class='ocrx_word' id='word_1_50' title='bbox 720 666 839 707; x_wconf 85' lang='lat' dir='ltr'><strong>dotis</strong></span> <span class='ocrx_word' id='word_1_51' title='bbox 856 667 1108 708; x_wconf 80' lang='lat' dir='ltr'><strong>tantundem</strong></span> <span class='ocrx_word' id='word_1_52' title='bbox 1131 668 1284 712; x_wconf 82' lang='lat' dir='ltr'><strong>dabat.</strong></span> 
     </span>
    </p>

    <p class='ocr_par' dir='ltr' id='par_1_8' title="bbox 291 732 1522 792">
     <span class='ocr_line' id='line_1_8' title="bbox 291 732 1522 792; baseline 0.009 -20"><span class='ocrx_word' id='word_1_53' title='bbox 291 732 383 773; x_wconf 84' lang='lat' dir='ltr'><strong>DE.</strong></span> <span class='ocrx_word' id='word_1_54' title='bbox 416 732 438 772; x_wconf 93' lang='lat' dir='ltr'>I</span> <span class='ocrx_word' id='word_1_55' title='bbox 461 732 504 773; x_wconf 91' lang='lat' dir='ltr'><strong>in</strong></span> <span class='ocrx_word' id='word_1_56' title='bbox 523 733 682 774; x_wconf 81' lang='lat' dir='ltr'><strong>malam</strong></span> <span class='ocrx_word' id='word_1_57' title='bbox 704 746 791 776; x_wconf 84' lang='lat' dir='ltr'><strong>rem</strong></span> <span class='ocrx_word' id='word_1_58' title='bbox 813 734 914 776; x_wconf 89' lang='lat' dir='ltr'><strong>hinc</strong></span> <span class='ocrx_word' id='word_1_59' title='bbox 933 749 1033 776; x_wconf 88' lang='lat' dir='ltr'><strong>cum</strong></span> <span class='ocrx_word' id='word_1_60' title='bbox 1048 736 1157 778; x_wconf 82' lang='lat' dir='ltr'><strong>istac</strong></span> <span class='ocrx_word' id='word_1_61' title='bbox 1177 739 1522 792; x_wconf 83' lang='lat' dir='ltr'><strong>magnificentia,</strong></span> 
     </span>
    </p>

    <p class='ocr_par' dir='ltr' id='par_1_9' title="bbox 292 800 1331 856">
     <span class='ocr_line' id='line_1_9' title="bbox 292 800 1331 856; baseline 0.006 -15"><span class='ocrx_word' id='word_1_62' title='bbox 292 800 515 852; x_wconf 80' lang='lat' dir='ltr'><strong>Fugitive!</strong></span> <span class='ocrx_word' id='word_1_63' title='bbox 548 800 683 842; x_wconf 84' lang='lat' dir='ltr'><strong>etiam</strong></span> <span class='ocrx_word' id='word_1_64' title='bbox 703 815 817 843; x_wconf 86' lang='lat' dir='ltr'><strong>nunc</strong></span> <span class='ocrx_word' id='word_1_65' title='bbox 839 802 996 853; x_wconf 87' lang='lat' dir='ltr'><strong>credis,</strong></span> <span class='ocrx_word' id='word_1_66' title='bbox 1019 809 1060 844; x_wconf 90' lang='lat' dir='ltr'><strong>te</strong></span> <span class='ocrx_word' id='word_1_67' title='bbox 1082 804 1331 856; x_wconf 80' lang='lat' dir='ltr'><strong>ignorarier,</strong></span> 
     </span>
    </p>

    <p class='ocr_par' dir='ltr' id='par_1_10' title="bbox 288 867 1748 988">
     <span class='ocr_line' id='line_1_10' title="bbox 288 867 1748 918; baseline 0.008 -9"><span class='ocrx_word' id='word_1_68' title='bbox 288 867 385 909; x_wconf 85' lang='lat' dir='ltr'><strong>Aut</strong></span> <span class='ocrx_word' id='word_1_69' title='bbox 405 873 481 910; x_wconf 82' lang='lat' dir='ltr'><strong>tua</strong></span> <span class='ocrx_word' id='word_1_70' title='bbox 500 868 619 910; x_wconf 82' lang='lat' dir='ltr'><strong>facta</strong></span> <span class='ocrx_word' id='word_1_71' title='bbox 648 869 794 910; x_wconf 78' lang='lat' dir='ltr'><strong>adeo?</strong></span> <span class='ocrx_word' id='word_1_72' title='bbox 858 870 1017 911; x_wconf 79' lang='lat' dir='ltr'><strong>PHoR.</strong></span> <span class='ocrx_word' id='word_1_73' title='bbox 1051 870 1215 913; x_wconf 86' lang='lat' dir='ltr'><strong>Irritor.</strong></span> <span class='ocrx_word' id='word_1_74' title='bbox 1277 874 1368 916; x_wconf 78' lang='lat' dir='ltr'><strong>DE.</strong></span> <span class='ocrx_word' id='word_1_75' title='bbox 1398 876 1513 917; x_wconf 83' lang='lat' dir='ltr'><strong>Tun&#39;</strong></span> <span class='ocrx_word' id='word_1_76' title='bbox 1534 875 1647 918; x_wconf 85' lang='lat' dir='ltr'><strong>hanc</strong></span> <span class='ocrx_word' id='word_1_77' title='bbox 1668 877 1748 918; x_wconf 89' lang='lat' dir='ltr'><strong>du·</strong></span> 
     </span>
     <span class='ocr_line' id='line_1_11' title="bbox 461 950 602 988; baseline 0 -10"><span class='ocrx_word' id='word_1_78' title='bbox 461 950 602 988; x_wconf 77' lang='lat' dir='ltr'><strong>ceres,</strong></span> 
     </span>
    </p>

    <p class='ocr_par' dir='ltr' id='par_1_11' title="bbox 290 1005 1750 1063">
     <span class='ocr_line' id='line_1_12' title="bbox 290 1005 1750 1063; baseline 0.007 -17"><span class='ocrx_word' id='word_1_79' title='bbox 290 1006 338 1046; x_wconf 89' lang='lat' dir='ltr'><strong>Si</strong></span> <span class='ocrx_word' id='word_1_80' title='bbox 360 1005 441 1046; x_wconf 82' lang='lat' dir='ltr'><strong>tibi</strong></span> <span class='ocrx_word' id='word_1_81' title='bbox 458 1005 558 1059; x_wconf 62' lang='lat' dir='ltr'><strong>data</strong></span> <span class='ocrx_word' id='word_1_82' title='bbox 575 1007 724 1047; x_wconf 75' lang='lat' dir='ltr'><strong>esset?</strong></span> <span class='ocrx_word' id='word_1_83' title='bbox 768 1007 928 1049; x_wconf 73' lang='lat' dir='ltr'><strong>Prion.</strong></span> <span class='ocrx_word' id='word_1_84' title='bbox 950 1008 1043 1049; x_wconf 84' lang='lat' dir='ltr'><strong>Fac</strong></span> <span class='ocrx_word' id='word_1_85' title='bbox 1064 1009 1323 1063; x_wconf 89' lang='lat' dir='ltr'><strong>periculum.</strong></span> <span class='ocrx_word' id='word_1_86' title='bbox 1355 1011 1446 1052; x_wconf 78' lang='lat' dir='ltr'><strong>DE.</strong></span> <span class='ocrx_word' id='word_1_87' title='bbox 1469 1012 1531 1054; x_wconf 89' lang='lat' dir='ltr'><strong>Ut</strong></span> <span class='ocrx_word' id='word_1_88' title='bbox 1550 1012 1671 1055; x_wconf 91' lang='lat' dir='ltr'><strong>filius</strong></span> <span class='ocrx_word' id='word_1_89' title='bbox 1691 1012 1750 1055; x_wconf 81' lang='lat'><strong>40</strong></span> 
     </span>
    </p>

    <p class='ocr_par' dir='ltr' id='par_1_12' title="bbox 289 1072 1635 1128">
     <span class='ocr_line' id='line_1_13' title="bbox 289 1072 1635 1128; baseline 0.007 -16"><span class='ocrx_word' id='word_1_90' title='bbox 289 1072 399 1113; x_wconf 89' lang='lat' dir='ltr'><strong>Cum</strong></span> <span class='ocrx_word' id='word_1_91' title='bbox 423 1072 501 1113; x_wconf 84' lang='lat' dir='ltr'><strong>illa</strong></span> <span class='ocrx_word' id='word_1_92' title='bbox 520 1073 687 1114; x_wconf 82' lang='lat' dir='ltr'><strong>habitet</strong></span> <span class='ocrx_word' id='word_1_93' title='bbox 710 1075 831 1128; x_wconf 83' lang='lat' dir='ltr'><strong>apud</strong></span> <span class='ocrx_word' id='word_1_94' title='bbox 856 1080 926 1127; x_wconf 90' lang='lat' dir='ltr'><strong>te;</strong></span> <span class='ocrx_word' id='word_1_95' title='bbox 959 1075 1045 1118; x_wconf 89' lang='lat' dir='ltr'><strong>hoc</strong></span> <span class='ocrx_word' id='word_1_96' title='bbox 1068 1080 1264 1118; x_wconf 85' lang='lat' dir='ltr'><strong>vostrum</strong></span> <span class='ocrx_word' id='word_1_97' title='bbox 1286 1079 1520 1121; x_wconf 82' lang='lat' dir='ltr'><strong>consilium</strong></span> <span class='ocrx_word' id='word_1_98' title='bbox 1538 1080 1635 1121; x_wconf 83' lang='lat' dir='ltr'><strong>fuit.</strong></span> 
     </span>
    </p>

    <p class='ocr_par' dir='ltr' id='par_1_13' title="bbox 289 1139 1746 1251">
     <span class='ocr_line' id='line_1_14' title="bbox 289 1139 1746 1202; baseline 0.005 -22"><span class='ocrx_word' id='word_1_99' title='bbox 289 1140 451 1182; x_wconf 83' lang='lat' dir='ltr'><strong>PHOR.</strong></span> <span class='ocrx_word' id='word_1_100' title='bbox 485 1139 669 1191; x_wconf 73' lang='lat' dir='ltr'><strong>Quaeso,</strong></span> <span class='ocrx_word' id='word_1_101' title='bbox 692 1143 796 1196; x_wconf 90' lang='lat' dir='ltr'><strong>quid</strong></span> <span class='ocrx_word' id='word_1_102' title='bbox 817 1144 1003 1186; x_wconf 67' lang='lat' dir='ltr'><strong>narras?</strong></span> <span class='ocrx_word' id='word_1_103' title='bbox 1066 1144 1156 1186; x_wconf 84' lang='lat' dir='ltr'><strong>DE.</strong></span> <span class='ocrx_word' id='word_1_104' title='bbox 1180 1144 1301 1196; x_wconf 84' lang='lat' dir='ltr'><strong>Quin</strong></span> <span class='ocrx_word' id='word_1_105' title='bbox 1322 1151 1371 1188; x_wconf 85' lang='lat' dir='ltr'><strong>tu</strong></span> <span class='ocrx_word' id='word_1_106' title='bbox 1390 1147 1497 1189; x_wconf 90' lang='lat' dir='ltr'><strong>mihi</strong></span> <span class='ocrx_word' id='word_1_107' title='bbox 1518 1151 1746 1202; x_wconf 78' lang='lat' dir='ltr'><strong>argentum</strong></span> 
     </span>
     <span class='ocr_line' id='line_1_15' title="bbox 461 1210 586 1251; baseline -0.008 0"><span class='ocrx_word' id='word_1_108' title='bbox 461 1210 586 1251; x_wconf 86' lang='lat' dir='ltr'><strong>cedo.</strong></span> 
     </span>
    </p>

    <p class='ocr_par' dir='ltr' id='par_1_14' title="bbox 289 1276 1719 1337">
     <span class='ocr_line' id='line_1_16' title="bbox 289 1276 1719 1337; baseline 0.006 -20"><span class='ocrx_word' id='word_1_109' title='bbox 289 1276 449 1318; x_wconf 77' lang='lat' dir='ltr'><strong>PHoR.</strong></span> <span class='ocrx_word' id='word_1_110' title='bbox 479 1277 623 1318; x_wconf 89' lang='lat' dir='ltr'><strong>Immo</strong></span> <span class='ocrx_word' id='word_1_111' title='bbox 647 1291 752 1320; x_wconf 84' lang='lat' dir='ltr'><strong>vero</strong></span> <span class='ocrx_word' id='word_1_112' title='bbox 774 1292 956 1322; x_wconf 85' lang='lat' dir='ltr'><strong>uxorem</strong></span> <span class='ocrx_word' id='word_1_113' title='bbox 979 1283 1024 1322; x_wconf 83' lang='lat' dir='ltr'><strong>tu</strong></span> <span class='ocrx_word' id='word_1_114' title='bbox 1047 1279 1173 1322; x_wconf 89' lang='lat' dir='ltr'><strong>cedo.</strong></span> <span class='ocrx_word' id='word_1_115' title='bbox 1234 1281 1326 1322; x_wconf 84' lang='lat' dir='ltr'><strong>DE.</strong></span> <span class='ocrx_word' id='word_1_116' title='bbox 1359 1282 1411 1323; x_wconf 92' lang='lat' dir='ltr'><strong>In</strong></span> <span class='ocrx_word' id='word_1_117' title='bbox 1427 1282 1504 1337; x_wconf 84' lang='lat' dir='ltr'><strong>jus</strong></span> <span class='ocrx_word' id='word_1_118' title='bbox 1526 1282 1719 1326; x_wconf 80' lang='lat' dir='ltr'><strong>ambula.</strong></span> 
     </span>
    </p>
   </div>
   <div class='ocr_carea' id='block_1_5' title="bbox 284 1387 1752 1860">
    <p class='ocr_par' dir='ltr' id='par_1_15' title="bbox 284 1387 1752 1860">
     <span class='ocr_line' id='line_1_17' title="bbox 288 1387 1751 1437; baseline 0.008 -21"><span class='ocrx_word' id='word_1_119' title='bbox 288 1388 355 1418; x_wconf 67' lang='lat' dir='ltr'><strong>De.</strong></span> <span class='ocrx_word' id='word_1_120' title='bbox 383 1387 468 1422; x_wconf 83' lang='lat' dir='ltr'><strong>Quid</strong></span> <span class='ocrx_word' id='word_1_121' title='bbox 493 1388 594 1427; x_wconf 76' lang='lat' dir='ltr'><strong>igilur</strong></span> <span class='ocrx_word' id='word_1_122' title='bbox 618 1388 674 1419; x_wconf 84' lang='lat' dir='ltr'><strong>hac</strong></span> <span class='ocrx_word' id='word_1_123' title='bbox 697 1399 731 1420; x_wconf 89' lang='lat' dir='ltr'><strong>re</strong></span> <span class='ocrx_word' id='word_1_124' title='bbox 746 1389 832 1430; x_wconf 76' lang='lat' dir='ltr'><strong>fiee?</strong></span> <span class='ocrx_word' id='word_1_125' title='bbox 878 1391 946 1422; x_wconf 80' lang='grc' dir='ltr'><strong>ΡΗ.</strong></span> <span class='ocrx_word' id='word_1_126' title='bbox 970 1391 1008 1422; x_wconf 84' lang='lat' dir='ltr'><strong>Si</strong></span> <span class='ocrx_word' id='word_1_127' title='bbox 1030 1392 1076 1423; x_wconf 80' lang='lat' dir='ltr'><strong>vis</strong></span> <span class='ocrx_word' id='word_1_128' title='bbox 1098 1402 1224 1424; x_wconf 76' lang='lat' dir='ltr'><strong>uxorem</strong></span> <span class='ocrx_word' id='word_1_129' title='bbox 1247 1392 1325 1424; x_wconf 78' lang='lat' dir='ltr'><strong>mihi</strong></span> <span class='ocrx_word' id='word_1_130' title='bbox 1339 1394 1429 1434; x_wconf 79' lang='lat' dir='ltr'><strong>dare,</strong></span> <span class='ocrx_word' id='word_1_131' title='bbox 1445 1403 1536 1435; x_wconf 79' lang='lat' dir='ltr'><strong>quam</strong></span> <span class='ocrx_word' id='word_1_132' title='bbox 1549 1394 1751 1437; x_wconf 77' lang='lat' dir='ltr'><strong>spopondisti,</strong></span> 
     </span>
     <span class='ocr_line' id='line_1_18' title="bbox 287 1431 1751 1480; baseline 0.008 -21"><span class='ocrx_word' id='word_1_133' title='bbox 287 1441 352 1460; x_wconf 75' lang='lat' dir='ltr'><strong>eam</strong></span> <span class='ocrx_word' id='word_1_134' title='bbox 367 1431 487 1469; x_wconf 81' lang='lat' dir='ltr'><strong>ducum,</strong></span> <span class='ocrx_word' id='word_1_135' title='bbox 503 1432 554 1461; x_wconf 84' lang='lat' dir='ltr'><strong>scd</strong></span> <span class='ocrx_word' id='word_1_136' title='bbox 569 1431 596 1461; x_wconf 82' lang='lat' dir='ltr'><strong>si</strong></span> <span class='ocrx_word' id='word_1_137' title='bbox 611 1433 725 1462; x_wconf 73' lang='lat' dir='ltr'><strong>statuis</strong></span> <span class='ocrx_word' id='word_1_138' title='bbox 740 1437 774 1463; x_wconf 81' lang='lat' dir='ltr'><strong>ut</strong></span> <span class='ocrx_word' id='word_1_139' title='bbox 787 1443 898 1473; x_wconf 81' lang='lat' dir='ltr'><strong>sponsa</strong></span> <span class='ocrx_word' id='word_1_140' title='bbox 913 1435 967 1466; x_wconf 75' lang='lat' dir='ltr'><strong>illa</strong></span> <span class='ocrx_word' id='word_1_141' title='bbox 982 1436 1062 1475; x_wconf 71' lang='lat' dir='ltr'><strong>apud</strong></span> <span class='ocrx_word' id='word_1_142' title='bbox 1077 1437 1107 1465; x_wconf 75' lang='lat' dir='ltr'><strong>le</strong></span> <span class='ocrx_word' id='word_1_143' title='bbox 1122 1439 1257 1472; x_wconf 78' lang='lat' dir='ltr'><strong>maneat,</strong></span> <span class='ocrx_word' id='word_1_144' title='bbox 1280 1437 1335 1467; x_wconf 86' lang='lat' dir='ltr'><strong>dos</strong></span> <span class='ocrx_word' id='word_1_145' title='bbox 1362 1437 1418 1468; x_wconf 76' lang='lat' dir='ltr'><strong>illa</strong></span> <span class='ocrx_word' id='word_1_146' title='bbox 1433 1437 1570 1476; x_wconf 78' lang='lat' dir='ltr'><strong>triginta</strong></span> <span class='ocrx_word' id='word_1_147' title='bbox 1585 1438 1751 1480; x_wconf 81' lang='lat' dir='ltr'><strong>minarum,</strong></span> 
     </span>
     <span class='ocr_line' id='line_1_19' title="bbox 286 1474 1752 1522; baseline 0.008 -20"><span class='ocrx_word' id='word_1_148' title='bbox 286 1483 379 1513; x_wconf 71' lang='lat' dir='ltr'><strong>quam</strong></span> <span class='ocrx_word' id='word_1_149' title='bbox 393 1483 448 1514; x_wconf 84' lang='lat' dir='ltr'><strong>pro</strong></span> <span class='ocrx_word' id='word_1_150' title='bbox 462 1474 515 1503; x_wconf 78' lang='lat' dir='ltr'><strong>illu</strong></span> <span class='ocrx_word' id='word_1_151' title='bbox 531 1474 608 1504; x_wconf 84' lang='lat' dir='ltr'><strong>mihi</strong></span> <span class='ocrx_word' id='word_1_152' title='bbox 620 1475 761 1515; x_wconf 80' lang='lat' dir='ltr'><strong>dedistis,</strong></span> <span class='ocrx_word' id='word_1_153' title='bbox 776 1477 860 1516; x_wconf 78' lang='lat' dir='ltr'><strong>apud</strong></span> <span class='ocrx_word' id='word_1_154' title='bbox 874 1487 921 1508; x_wconf 82' lang='lat' dir='ltr'><strong>me</strong></span> <span class='ocrx_word' id='word_1_155' title='bbox 936 1478 1086 1517; x_wconf 76' lang='lat' dir='ltr'><strong>manebit,</strong></span> <span class='ocrx_word' id='word_1_156' title='bbox 1102 1478 1266 1518; x_wconf 78' lang='lat' dir='ltr'><strong>Demipho.</strong></span> <span class='ocrx_word' id='word_1_157' title='bbox 1314 1480 1397 1510; x_wconf 89' lang='lat' dir='ltr'><strong>Nam</strong></span> <span class='ocrx_word' id='word_1_158' title='bbox 1411 1479 1553 1520; x_wconf 78' lang='lat' dir='ltr'><strong>iniquum</strong></span> <span class='ocrx_word' id='word_1_159' title='bbox 1568 1484 1615 1512; x_wconf 82' lang='lat' dir='ltr'><strong>est</strong></span> <span class='ocrx_word' id='word_1_160' title='bbox 1624 1485 1752 1522; x_wconf 83' lang='lat' dir='ltr'><strong>propter</strong></span> 
     </span>
     <span class='ocr_line' id='line_1_20' title="bbox 287 1517 1750 1564; baseline 0.007 -18"><span class='ocrx_word' id='word_1_161' title='bbox 287 1526 340 1547; x_wconf 76' lang='lat' dir='ltr'><strong>ros</strong></span> <span class='ocrx_word' id='word_1_162' title='bbox 355 1526 402 1546; x_wconf 86' lang='lat' dir='ltr'><strong>me</strong></span> <span class='ocrx_word' id='word_1_163' title='bbox 421 1518 567 1546; x_wconf 75' lang='lat' dir='ltr'><strong>damnum</strong></span> <span class='ocrx_word' id='word_1_164' title='bbox 586 1517 655 1556; x_wconf 72' lang='lat' dir='ltr'><strong>pati</strong></span> <span class='ocrx_word' id='word_1_165' title='bbox 669 1527 680 1553; x_wconf 90' lang='lat'><em>;</em></span> <span class='ocrx_word' id='word_1_166' title='bbox 704 1522 733 1548; x_wconf 83' lang='lat' dir='ltr'><strong>et</strong></span> <span class='ocrx_word' id='word_1_167' title='bbox 752 1519 848 1549; x_wconf 75' lang='lat' dir='ltr'><strong>vestri</strong></span> <span class='ocrx_word' id='word_1_168' title='bbox 870 1520 997 1551; x_wconf 75' lang='lat' dir='ltr'><strong>honoris</strong></span> <span class='ocrx_word' id='word_1_169' title='bbox 1013 1530 1106 1551; x_wconf 80' lang='lat' dir='ltr'><strong>causa</strong></span> <span class='ocrx_word' id='word_1_170' title='bbox 1122 1521 1200 1552; x_wconf 76' lang='lat' dir='ltr'><strong>mihi</strong></span> <span class='ocrx_word' id='word_1_171' title='bbox 1208 1521 1357 1559; x_wconf 81' lang='lat' dir='ltr'><strong>fraudem</strong></span> <span class='ocrx_word' id='word_1_172' title='bbox 1373 1532 1450 1561; x_wconf 82' lang='lat' dir='ltr'><strong>esse,</strong></span> <span class='ocrx_word' id='word_1_173' title='bbox 1465 1523 1494 1554; x_wconf 84' lang='lat' dir='ltr'><strong>si</strong></span> <span class='ocrx_word' id='word_1_174' title='bbox 1510 1524 1644 1555; x_wconf 79' lang='lat' dir='ltr'><strong>alteram</strong></span> <span class='ocrx_word' id='word_1_175' title='bbox 1659 1533 1750 1564; x_wconf 81' lang='lat' dir='ltr'><strong>repu-</strong></span> 
     </span>
     <span class='ocr_line' id='line_1_21' title="bbox 285 1560 1751 1603; baseline 0.006 -14"><span class='ocrx_word' id='word_1_176' title='bbox 285 1560 448 1598; x_wconf 73' lang='lat' dir='ltr'><strong>diaverim,</strong></span> <span class='ocrx_word' id='word_1_177' title='bbox 463 1569 529 1598; x_wconf 73' lang='lat' dir='ltr'><strong>quse</strong></span> <span class='ocrx_word' id='word_1_178' title='bbox 547 1560 697 1590; x_wconf 74' lang='lat' dir='ltr'><strong>tantidem</strong></span> <span class='ocrx_word' id='word_1_179' title='bbox 708 1562 810 1592; x_wconf 75' lang='lat' dir='ltr'><strong>dotem</strong></span> <span class='ocrx_word' id='word_1_180' title='bbox 824 1562 901 1593; x_wconf 76' lang='lat' dir='ltr'><strong>milti</strong></span> <span class='ocrx_word' id='word_1_181' title='bbox 914 1562 1076 1603; x_wconf 76' lang='lat' dir='ltr'><strong>afferebat.</strong></span> <span class='ocrx_word' id='word_1_182' title='bbox 1127 1564 1196 1595; x_wconf 75' lang='lat' dir='ltr'><strong>DE.</strong></span> <span class='ocrx_word' id='word_1_183' title='bbox 1223 1565 1284 1595; x_wconf 82' lang='lat' dir='ltr'><strong>Abi</strong></span> <span class='ocrx_word' id='word_1_184' title='bbox 1299 1565 1333 1595; x_wconf 81' lang='lat' dir='ltr'><strong>in</strong></span> <span class='ocrx_word' id='word_1_185' title='bbox 1348 1566 1461 1596; x_wconf 81' lang='lat' dir='ltr'><strong>mulam</strong></span> <span class='ocrx_word' id='word_1_186' title='bbox 1474 1575 1595 1597; x_wconf 77' lang='lat' dir='ltr'><strong>crucem</strong></span> <span class='ocrx_word' id='word_1_187' title='bbox 1607 1576 1676 1598; x_wconf 80' lang='lat' dir='ltr'><strong>cum</strong></span> <span class='ocrx_word' id='word_1_188' title='bbox 1687 1568 1751 1599; x_wconf 78' lang='lat' dir='ltr'><strong>ista</strong></span> 
     </span>
     <span class='ocr_line' id='line_1_22' title="bbox 285 1602 1752 1648; baseline 0.007 -17"><span class='ocrx_word' id='word_1_189' title='bbox 285 1602 518 1642; x_wconf 50' lang='lat' dir='ltr'><strong>magnificentia</strong></span> <span class='ocrx_word' id='word_1_190' title='bbox 533 1602 692 1633; x_wconf 72' lang='lat' dir='ltr'><strong>verborum</strong></span> <span class='ocrx_word' id='word_1_191' title='bbox 707 1613 766 1643; x_wconf 77' lang='lat' dir='ltr'><strong>qua</strong></span> <span class='ocrx_word' id='word_1_192' title='bbox 789 1606 838 1635; x_wconf 77' lang='lat' dir='ltr'><strong>nis</strong></span> <span class='ocrx_word' id='word_1_193' title='bbox 861 1610 963 1636; x_wconf 78' lang='lat' dir='ltr'><strong>nostro</strong></span> <span class='ocrx_word' id='word_1_194' title='bbox 979 1606 1089 1636; x_wconf 83' lang='lat' dir='ltr'><strong>honori</strong></span> <span class='ocrx_word' id='word_1_195' title='bbox 1112 1608 1309 1643; x_wconf 77' lang='lat' dir='ltr'><strong>consuluisse,</strong></span> <span class='ocrx_word' id='word_1_196' title='bbox 1318 1607 1459 1648; x_wconf 80' lang='lat' dir='ltr'><strong>fugitive</strong></span> <span class='ocrx_word' id='word_1_197' title='bbox 1469 1619 1480 1639; x_wconf 89' lang='lat'><em>:</em></span> <span class='ocrx_word' id='word_1_198' title='bbox 1500 1609 1634 1641; x_wconf 76' lang='lat' dir='ltr'><strong>etiamne</strong></span> <span class='ocrx_word' id='word_1_199' title='bbox 1648 1610 1752 1642; x_wconf 79' lang='lat' dir='ltr'><strong>credis</strong></span> 
     </span>
     <span class='ocr_line' id='line_1_23' title="bbox 286 1645 1749 1691; baseline 0.007 -17"><span class='ocrx_word' id='word_1_200' title='bbox 286 1654 341 1674; x_wconf 77' lang='lat' dir='ltr'><strong>nos</strong></span> <span class='ocrx_word' id='word_1_201' title='bbox 367 1645 463 1675; x_wconf 78' lang='lat' dir='ltr'><strong>latere</strong></span> <span class='ocrx_word' id='word_1_202' title='bbox 490 1645 543 1684; x_wconf 79' lang='lat' dir='ltr'><strong>qui</strong></span> <span class='ocrx_word' id='word_1_203' title='bbox 568 1645 625 1683; x_wconf 88' lang='lat' dir='ltr'><strong>sis,</strong></span> <span class='ocrx_word' id='word_1_204' title='bbox 650 1649 679 1676; x_wconf 81' lang='lat' dir='ltr'><strong>et</strong></span> <span class='ocrx_word' id='word_1_205' title='bbox 704 1657 773 1686; x_wconf 74' lang='lat' dir='ltr'><em>‹111oe</em></span> <span class='ocrx_word' id='word_1_206' title='bbox 785 1648 893 1685; x_wconf 81' lang='lat' dir='ltr'><strong>facere</strong></span> <span class='ocrx_word' id='word_1_207' title='bbox 915 1650 1126 1680; x_wconf 77' lang='lat' dir='ltr'><strong>consueveris?</strong></span> <span class='ocrx_word' id='word_1_208' title='bbox 1171 1650 1240 1681; x_wconf 81' lang='grc' dir='ltr'><strong>ΡΗ.</strong></span> <span class='ocrx_word' id='word_1_209' title='bbox 1265 1651 1392 1690; x_wconf 82' lang='lat' dir='ltr'><strong>Ringor</strong></span> <span class='ocrx_word' id='word_1_210' title='bbox 1405 1650 1633 1691; x_wconf 80' lang='lat' dir='ltr'><strong>indignatione.</strong></span> <span class='ocrx_word' id='word_1_211' title='bbox 1678 1654 1749 1685; x_wconf 80' lang='lat' dir='ltr'><strong>DE.</strong></span> 
     </span>
     <span class='ocr_line' id='line_1_24' title="bbox 286 1687 1750 1734; baseline 0.007 -17"><span class='ocrx_word' id='word_1_212' title='bbox 286 1687 465 1718; x_wconf 82' lang='lat' dir='ltr'><strong>Auderesne</strong></span> <span class='ocrx_word' id='word_1_213' title='bbox 494 1697 561 1718; x_wconf 81' lang='lat' dir='ltr'><strong>eam</strong></span> <span class='ocrx_word' id='word_1_214' title='bbox 584 1698 711 1719; x_wconf 77' lang='lat' dir='ltr'><strong>uxorem</strong></span> <span class='ocrx_word' id='word_1_215' title='bbox 744 1690 865 1729; x_wconf 83' lang='lat' dir='ltr'><strong>ducere,</strong></span> <span class='ocrx_word' id='word_1_216' title='bbox 890 1690 917 1720; x_wconf 85' lang='lat' dir='ltr'><strong>si</strong></span> <span class='ocrx_word' id='word_1_217' title='bbox 941 1691 998 1722; x_wconf 84' lang='lat' dir='ltr'><strong>tibi</strong></span> <span class='ocrx_word' id='word_1_218' title='bbox 1032 1693 1208 1723; x_wconf 75' lang='lat' dir='ltr'><strong>traderetur</strong></span> <span class='ocrx_word' id='word_1_219' title='bbox 1218 1691 1234 1724; x_wconf 64' lang='lat'><strong>,7</strong></span> <span class='ocrx_word' id='word_1_220' title='bbox 1279 1694 1351 1724; x_wconf 85' lang='grc' dir='ltr'><strong>ΡΗ.</strong></span> <span class='ocrx_word' id='word_1_221' title='bbox 1374 1694 1541 1734; x_wconf 76' lang='lat' dir='ltr'><strong>Experire.</strong></span> <span class='ocrx_word' id='word_1_222' title='bbox 1585 1695 1653 1727; x_wconf 79' lang='lat' dir='ltr'><strong>DE.</strong></span> <span class='ocrx_word' id='word_1_223' title='bbox 1679 1695 1750 1727; x_wconf 78' lang='lat' dir='ltr'><strong>Hoc</strong></span> 
     </span>
     <span class='ocr_line' id='line_1_25' title="bbox 285 1731 1751 1779; baseline 0.006 -19"><span class='ocrx_word' id='word_1_224' title='bbox 285 1731 381 1760; x_wconf 74' lang='lat' dir='ltr'><strong>solum</strong></span> <span class='ocrx_word' id='word_1_225' title='bbox 397 1734 578 1761; x_wconf 71' lang='lat' dir='ltr'><strong>convenerat</strong></span> <span class='ocrx_word' id='word_1_226' title='bbox 592 1731 676 1762; x_wconf 82' lang='lat' dir='ltr'><strong>inter</strong></span> <span class='ocrx_word' id='word_1_227' title='bbox 691 1741 753 1769; x_wconf 80' lang='lat' dir='ltr'><strong>vos,</strong></span> <span class='ocrx_word' id='word_1_228' title='bbox 774 1736 809 1763; x_wconf 82' lang='lat' dir='ltr'><strong>ut</strong></span> <span class='ocrx_word' id='word_1_229' title='bbox 824 1733 856 1764; x_wconf 82' lang='lat' dir='ltr'><strong>in</strong></span> <span class='ocrx_word' id='word_1_230' title='bbox 873 1733 936 1764; x_wconf 81' lang='lat' dir='ltr'><strong>tuis</strong></span> <span class='ocrx_word' id='word_1_231' title='bbox 949 1733 1163 1776; x_wconf 77' lang='lat' dir='ltr'><strong>aedibusfilius</strong></span> <span class='ocrx_word' id='word_1_232' title='bbox 1177 1745 1261 1766; x_wconf 82' lang='lat' dir='ltr'><strong>meus</strong></span> <span class='ocrx_word' id='word_1_233' title='bbox 1275 1736 1394 1767; x_wconf 82' lang='lat' dir='ltr'><strong>habitet</strong></span> <span class='ocrx_word' id='word_1_234' title='bbox 1408 1747 1476 1768; x_wconf 81' lang='lat' dir='ltr'><strong>cum</strong></span> <span class='ocrx_word' id='word_1_235' title='bbox 1489 1737 1558 1776; x_wconf 76' lang='lat' dir='ltr'><strong>illa,</strong></span> <span class='ocrx_word' id='word_1_236' title='bbox 1580 1747 1639 1769; x_wconf 77' lang='lat' dir='ltr'><strong>nou</strong></span> <span class='ocrx_word' id='word_1_237' title='bbox 1652 1741 1688 1768; x_wconf 78' lang='lat' dir='ltr'><strong>ut</strong></span> <span class='ocrx_word' id='word_1_238' title='bbox 1703 1738 1751 1779; x_wconf 84' lang='lat' dir='ltr'><strong>ip-</strong></span> 
     </span>
     <span class='ocr_line' id='line_1_26' title="bbox 285 1774 1750 1818; baseline 0.006 -15"><span class='ocrx_word' id='word_1_239' title='bbox 285 1783 351 1803; x_wconf 75' lang='lat' dir='ltr'><strong>sam</strong></span> <span class='ocrx_word' id='word_1_240' title='bbox 378 1783 434 1812; x_wconf 86' lang='lat' dir='ltr'><strong>pro</strong></span> <span class='ocrx_word' id='word_1_241' title='bbox 456 1783 551 1803; x_wconf 66' lang='lat' dir='ltr'><strong>uxore</strong></span> <span class='ocrx_word' id='word_1_242' title='bbox 566 1774 702 1805; x_wconf 81' lang='lat' dir='ltr'><strong>haberes.</strong></span> <span class='ocrx_word' id='word_1_243' title='bbox 747 1775 816 1806; x_wconf 80' lang='lat' dir='ltr'><strong>PH.</strong></span> <span class='ocrx_word' id='word_1_244' title='bbox 844 1776 970 1816; x_wconf 77' lang='lat' dir='ltr'><strong>Quaeso,</strong></span> <span class='ocrx_word' id='word_1_245' title='bbox 992 1777 1062 1808; x_wconf 81' lang='lat' dir='ltr'><strong>vide</strong></span> <span class='ocrx_word' id='word_1_246' title='bbox 1086 1787 1177 1818; x_wconf 75' lang='lat' dir='ltr'><strong>qnam</strong></span> <span class='ocrx_word' id='word_1_247' title='bbox 1201 1778 1299 1809; x_wconf 76' lang='lat' dir='ltr'><strong>stulta</strong></span> <span class='ocrx_word' id='word_1_248' title='bbox 1314 1789 1471 1811; x_wconf 82' lang='lat' dir='ltr'><strong>memoras.</strong></span> <span class='ocrx_word' id='word_1_249' title='bbox 1518 1780 1587 1811; x_wconf 75' lang='lat' dir='ltr'><strong>DE.</strong></span> <span class='ocrx_word' id='word_1_250' title='bbox 1614 1781 1698 1816; x_wconf 80' lang='lat' dir='ltr'><strong>Quin</strong></span> <span class='ocrx_word' id='word_1_251' title='bbox 1715 1784 1750 1811; x_wconf 79' lang='lat' dir='ltr'><strong>tu</strong></span> 
     </span>
     <span class='ocr_line' id='line_1_27' title="bbox 284 1816 1750 1860; baseline 0.007 -15"><span class='ocrx_word' id='word_1_252' title='bbox 284 1819 449 1855; x_wconf 75' lang='lat' dir='ltr'><strong>argentum</strong></span> <span class='ocrx_word' id='word_1_253' title='bbox 465 1816 541 1846; x_wconf 74' lang='lat' dir='ltr'><strong>milti</strong></span> <span class='ocrx_word' id='word_1_254' title='bbox 555 1818 659 1849; x_wconf 81' lang='lat' dir='ltr'><strong>redde.</strong></span> <span class='ocrx_word' id='word_1_255' title='bbox 698 1817 767 1848; x_wconf 79' lang='grc' dir='ltr'><strong>ΡΗ.</strong></span> <span class='ocrx_word' id='word_1_256' title='bbox 791 1819 889 1849; x_wconf 82' lang='lat' dir='ltr'><strong>Immo</strong></span> <span class='ocrx_word' id='word_1_257' title='bbox 905 1829 976 1851; x_wconf 80' lang='lat' dir='ltr'><strong>vero</strong></span> <span class='ocrx_word' id='word_1_258' title='bbox 991 1823 1025 1850; x_wconf 80' lang='lat' dir='ltr'><strong>tu</strong></span> <span class='ocrx_word' id='word_1_259' title='bbox 1040 1821 1133 1851; x_wconf 80' lang='lat' dir='ltr'><strong>redde</strong></span> <span class='ocrx_word' id='word_1_260' title='bbox 1145 1830 1284 1853; x_wconf 77' lang='lat' dir='ltr'><strong>uxorem.</strong></span> <span class='ocrx_word' id='word_1_261' title='bbox 1317 1822 1383 1852; x_wconf 81' lang='lat' dir='ltr'><strong>DE.</strong></span> <span class='ocrx_word' id='word_1_262' title='bbox 1406 1822 1445 1852; x_wconf 77' lang='lat' dir='ltr'><strong>In</strong></span> <span class='ocrx_word' id='word_1_263' title='bbox 1454 1821 1510 1860; x_wconf 79' lang='lat' dir='ltr'><strong>jus</strong></span> <span class='ocrx_word' id='word_1_264' title='bbox 1526 1826 1555 1854; x_wconf 82' lang='lat' dir='ltr'><strong>te</strong></span> <span class='ocrx_word' id='word_1_265' title='bbox 1570 1833 1653 1855; x_wconf 75' lang='lat' dir='ltr'><strong>voco.</strong></span> <span class='ocrx_word' id='word_1_266' title='bbox 1678 1823 1750 1855; x_wconf 85' lang='grc' dir='ltr'><strong>ΡΗ.</strong></span> 
     </span>
    </p>
   </div>
   <div class='ocr_carea' id='block_1_6' title="bbox 898 1916 1140 1927">
    <p class='ocr_par' dir='ltr' id='par_1_16' title="bbox 898 1916 1140 1927">
     <span class='ocr_line' id='line_1_28' title="bbox 898 1916 1140 1927; baseline 0.004 -1"><span class='ocrx_word' id='word_1_267' title='bbox 898 1916 1140 1927; x_wconf 65' lang='lat' dir='ltr'><strong>eeeeeeeeeeee</strong></span> 
     </span>
    </p>
   </div>
   <div class='ocr_carea' id='block_1_7' title="bbox 284 1978 1752 2833">
    <p class='ocr_par' dir='ltr' id='par_1_17' title="bbox 284 1978 1752 2833">
     <span class='ocr_line' id='line_1_29' title="bbox 284 1978 1747 2022; baseline 0.005 -13"><span class='ocrx_word' id='word_1_268' title='bbox 284 1979 438 2018; x_wconf 72' lang='lat' dir='ltr'><strong>rescripsi.</strong></span> <span class='ocrx_word' id='word_1_269' title='bbox 485 1979 663 2011; x_wconf 81' lang='lat' dir='ltr'><strong>Quomodo</strong></span> <span class='ocrx_word' id='word_1_270' title='bbox 689 1978 762 2011; x_wconf 78' lang='lat' dir='ltr'><strong>fere</strong></span> <span class='ocrx_word' id='word_1_271' title='bbox 788 1981 992 2012; x_wconf 85' lang='lat' dir='ltr'><strong>crediderim</strong></span> <span class='ocrx_word' id='word_1_272' title='bbox 1016 1981 1121 2013; x_wconf 87' lang='lat' dir='ltr'><strong>fuisse</strong></span> <span class='ocrx_word' id='word_1_273' title='bbox 1147 1982 1313 2022; x_wconf 82' lang='lat' dir='ltr'><strong>scriptum</strong></span> <span class='ocrx_word' id='word_1_274' title='bbox 1342 1992 1361 2013; x_wconf 90' lang='lat' dir='ltr'>a</span> <span class='ocrx_word' id='word_1_275' title='bbox 1384 1983 1560 2014; x_wconf 79' lang='lat' dir='ltr'><strong>Terentio.</strong></span> <span class='ocrx_word' id='word_1_276' title='bbox 1603 1984 1650 2015; x_wconf 86' lang='lat' dir='ltr'><strong>Et</strong></span> <span class='ocrx_word' id='word_1_277' title='bbox 1666 1993 1747 2017; x_wconf 81' lang='lat' dir='ltr'><strong>sane</strong></span> 
     </span>
     <span class='ocr_line' id='line_1_30' title="bbox 287 2022 1748 2066; baseline 0.005 -15"><span class='ocrx_word' id='word_1_278' title='bbox 287 2022 535 2062; x_wconf 61' lang='grc' dir='ltr'>ἐμφαντικώτερον</span> <span class='ocrx_word' id='word_1_279' title='bbox 555 2023 633 2060; x_wconf 83' lang='lat' dir='ltr'><strong>erit,</strong></span> <span class='ocrx_word' id='word_1_280' title='bbox 650 2023 677 2053; x_wconf 88' lang='lat' dir='ltr'><strong>si</strong></span> <span class='ocrx_word' id='word_1_281' title='bbox 696 2023 947 2063; x_wconf 81' lang='lat' dir='ltr'><strong>Demiphonem</strong></span> <span class='ocrx_word' id='word_1_282' title='bbox 970 2025 1095 2055; x_wconf 83' lang='lat' dir='ltr'><strong>dixisse</strong></span> <span class='ocrx_word' id='word_1_283' title='bbox 1112 2029 1257 2064; x_wconf 72' lang='lat' dir='ltr'><strong>statuaS,</strong></span> <span class='ocrx_word' id='word_1_284' title='bbox 1275 2025 1453 2064; x_wconf 82' lang='lat' dir='ltr'><strong>Argentum</strong></span> <span class='ocrx_word' id='word_1_285' title='bbox 1466 2035 1591 2057; x_wconf 83' lang='lat' dir='ltr'><strong>rursum</strong></span> <span class='ocrx_word' id='word_1_286' title='bbox 1606 2026 1685 2066; x_wconf 72' lang='lat' dir='ltr'><strong>jube</strong></span> <span class='ocrx_word' id='word_1_287' title='bbox 1699 2037 1748 2059; x_wconf 84' lang='lat' dir='ltr'><strong>re-</strong></span> 
     </span>
     <span class='ocr_line' id='line_1_31' title="bbox 285 2065 1750 2108; baseline 0.004 -13"><span class='ocrx_word' id='word_1_288' title='bbox 285 2065 401 2100; x_wconf 61' lang='lat' dir='ltr'><strong>semi,-</strong></span> <span class='ocrx_word' id='word_1_289' title='bbox 426 2065 664 2096; x_wconf 75' lang='lat' dir='ltr'><strong>Phormionem</strong></span> <span class='ocrx_word' id='word_1_290' title='bbox 682 2075 772 2100; x_wconf 78' lang='lat' dir='ltr'><strong>vem,</strong></span> <span class='ocrx_word' id='word_1_291' title='bbox 788 2066 916 2101; x_wconf 79' lang='lat' dir='ltr'><strong>Quodne</strong></span> <span class='ocrx_word' id='word_1_292' title='bbox 932 2077 989 2105; x_wconf 84' lang='lat' dir='ltr'><strong>ego</strong></span> <span class='ocrx_word' id='word_1_293' title='bbox 1006 2066 1178 2108; x_wconf 74' lang='lat' dir='ltr'><strong>rescripsi?</strong></span> <span class='ocrx_word' id='word_1_294' title='bbox 1213 2067 1333 2098; x_wconf 89' lang='lat' dir='ltr'><strong>Omnis</strong></span> <span class='ocrx_word' id='word_1_295' title='bbox 1351 2068 1454 2108; x_wconf 84' lang='lat' dir='ltr'><strong>igitur</strong></span> <span class='ocrx_word' id='word_1_296' title='bbox 1469 2069 1517 2099; x_wconf 90' lang='lat' dir='ltr'><strong>vis</strong></span> <span class='ocrx_word' id='word_1_297' title='bbox 1533 2072 1585 2100; x_wconf 90' lang='lat' dir='ltr'><strong>est</strong></span> <span class='ocrx_word' id='word_1_298' title='bbox 1599 2069 1633 2100; x_wconf 89' lang='lat' dir='ltr'><strong>in</strong></span> <span class='ocrx_word' id='word_1_299' title='bbox 1649 2069 1750 2101; x_wconf 84' lang='lat' dir='ltr'><strong>itera-</strong></span> 
     </span>
     <span class='ocr_line' id='line_1_32' title="bbox 288 2108 1748 2150; baseline 0.005 -13"><span class='ocrx_word' id='word_1_300' title='bbox 288 2109 379 2138; x_wconf 80' lang='lat' dir='ltr'><strong>lione</strong></span> <span class='ocrx_word' id='word_1_301' title='bbox 406 2108 463 2138; x_wconf 84' lang='grc' dir='ltr'><strong>τοῦ</strong></span> <span class='ocrx_word' id='word_1_302' title='bbox 486 2108 661 2148; x_wconf 74' lang='lat' dir='ltr'><strong>Rescripsi.</strong></span> <span class='ocrx_word' id='word_1_303' title='bbox 705 2108 737 2139; x_wconf 88' lang='lat' dir='ltr'><strong>J.</strong></span> <span class='ocrx_word' id='word_1_304' title='bbox 757 2109 812 2139; x_wconf 82' lang='lat' dir='ltr'><strong>Fr.</strong></span> <span class='ocrx_word' id='word_1_305' title='bbox 831 2109 1024 2140; x_wconf 77' lang='lat' dir='ltr'><strong>Gronovius</strong></span> <span class='ocrx_word' id='word_1_306' title='bbox 1047 2110 1131 2149; x_wconf 86' lang='lat' dir='ltr'><strong>legit</strong></span> <span class='ocrx_word' id='word_1_307' title='bbox 1149 2110 1325 2150; x_wconf 83' lang='lat' dir='ltr'><strong>Descripsi,</strong></span> <span class='ocrx_word' id='word_1_308' title='bbox 1348 2111 1391 2141; x_wconf 86' lang='lat' dir='ltr'><strong>ad</strong></span> <span class='ocrx_word' id='word_1_309' title='bbox 1417 2111 1490 2143; x_wconf 87' lang='lat' dir='ltr'><strong>Cic.</strong></span> <span class='ocrx_word' id='word_1_310' title='bbox 1515 2112 1610 2144; x_wconf 84' lang='lat' dir='ltr'><strong>Fam.</strong></span> <span class='ocrx_word' id='word_1_311' title='bbox 1628 2120 1696 2144; x_wconf 82' lang='lat' dir='ltr'><strong>xn-</strong></span> <span class='ocrx_word' id='word_1_312' title='bbox 1716 2115 1748 2145; x_wconf 81' lang='lat' dir='ltr'><strong>l.</strong></span> 
     </span>
     <span class='ocr_line' id='line_1_33' title="bbox 286 2149 1749 2195; baseline 0.003 -15"><span class='ocrx_word' id='word_1_313' title='bbox 286 2153 293 2167; x_wconf 89' lang='lat'>‘</span> <span class='ocrx_word' id='word_1_314' title='bbox 312 2151 473 2181; x_wconf 64' lang='lat' dir='ltr'><strong>Pecuniae</strong></span> <span class='ocrx_word' id='word_1_315' title='bbox 489 2151 644 2181; x_wconf 80' lang='lat' dir='ltr'><strong>maximae</strong></span> <span class='ocrx_word' id='word_1_316' title='bbox 662 2149 924 2182; x_wconf 70' lang='lat' dir='ltr'><strong>describuntur-⁹</strong></span> <span class='ocrx_word' id='word_1_317' title='bbox 968 2152 1091 2184; x_wconf 85' lang='lat' dir='ltr'><strong>Boend.</strong></span> <span class='ocrx_word' id='word_1_318' title='bbox 1107 2153 1196 2188; x_wconf 81' lang='lat' dir='ltr'><strong>Quod</strong></span> <span class='ocrx_word' id='word_1_319' title='bbox 1211 2163 1268 2192; x_wconf 84' lang='lat' dir='ltr'><strong>ego</strong></span> <span class='ocrx_word' id='word_1_320' title='bbox 1283 2162 1321 2184; x_wconf 81' lang='lat' dir='ltr'><strong>ne</strong></span> <span class='ocrx_word' id='word_1_321' title='bbox 1334 2154 1513 2195; x_wconf 80' lang='lat' dir='ltr'><strong>perscripsi.</strong></span> <span class='ocrx_word' id='word_1_322' title='bbox 1560 2155 1615 2186; x_wconf 83' lang='lat' dir='ltr'><strong>Fr.</strong></span> <span class='ocrx_word' id='word_1_323' title='bbox 1631 2154 1749 2187; x_wconf 81' lang='lat' dir='ltr'><strong>Fabri-</strong></span> 
     </span>
     <span class='ocr_line' id='line_1_34' title="bbox 287 2192 1750 2236; baseline 0.004 -13"><span class='ocrx_word' id='word_1_324' title='bbox 287 2193 359 2223; x_wconf 82' lang='lat' dir='ltr'><strong>cius</strong></span> <span class='ocrx_word' id='word_1_325' title='bbox 377 2194 485 2224; x_wconf 84' lang='lat' dir='ltr'><strong>minus</strong></span> <span class='ocrx_word' id='word_1_326' title='bbox 502 2192 656 2233; x_wconf 81' lang='lat' dir='ltr'><strong>apposite</strong></span> <span class='ocrx_word' id='word_1_327' title='bbox 674 2193 758 2224; x_wconf 80' lang='lat' dir='ltr'><strong>citat</strong></span> <span class='ocrx_word' id='word_1_328' title='bbox 775 2193 864 2226; x_wconf 81' lang='lat' dir='ltr'><strong>And.</strong></span> <span class='ocrx_word' id='word_1_329' title='bbox 882 2204 931 2226; x_wconf 93' lang='lat' dir='ltr'><strong>1v.</strong></span> <span class='ocrx_word' id='word_1_330' title='bbox 947 2196 978 2225; x_wconf 82' lang='grc'><strong>4.</strong></span> <span class='ocrx_word' id='word_1_331' title='bbox 994 2197 1047 2226; x_wconf 87' lang='lat'><strong>29.</strong></span> <span class='ocrx_word' id='word_1_332' title='bbox 1072 2199 1081 2212; x_wconf 86' lang='lat'><em>‘</em></span> <span class='ocrx_word' id='word_1_333' title='bbox 1095 2196 1251 2228; x_wconf 85' lang='lat' dir='ltr'><strong>Quemne</strong></span> <span class='ocrx_word' id='word_1_334' title='bbox 1279 2205 1344 2236; x_wconf 84' lang='lat' dir='ltr'><strong>ego</strong></span> <span class='ocrx_word' id='word_1_335' title='bbox 1367 2197 1440 2227; x_wconf 85' lang='lat' dir='ltr'><strong>heri</strong></span> <span class='ocrx_word' id='word_1_336' title='bbox 1467 2195 1536 2228; x_wconf 86' lang='lat' dir='ltr'><strong>vidi</strong></span> <span class='ocrx_word' id='word_1_337' title='bbox 1552 2196 1595 2228; x_wconf 86' lang='lat' dir='ltr'><strong>ad</strong></span> <span class='ocrx_word' id='word_1_338' title='bbox 1614 2207 1672 2229; x_wconf 90' lang='lat' dir='ltr'><strong>vos</strong></span> <span class='ocrx_word' id='word_1_339' title='bbox 1689 2197 1750 2229; x_wconf 85' lang='lat' dir='ltr'><strong>ad-</strong></span> 
     </span>
     <span class='ocr_line' id='line_1_35' title="bbox 286 2234 1749 2278; baseline 0.005 -13"><span class='ocrx_word' id='word_1_340' title='bbox 286 2234 367 2265; x_wconf 84' lang='lat' dir='ltr'><strong>ferri</strong></span> <span class='ocrx_word' id='word_1_341' title='bbox 387 2236 519 2276; x_wconf 83' lang='lat' dir='ltr'><strong>vesperi</strong></span> <span class='ocrx_word' id='word_1_342' title='bbox 532 2236 552 2266; x_wconf 83' lang='lat'><strong>?’</strong></span> <span class='ocrx_word' id='word_1_343' title='bbox 581 2236 680 2267; x_wconf 72' lang='lat' dir='ltr'><strong>West.</strong></span> <span class='ocrx_word' id='word_1_344' title='bbox 704 2237 761 2277; x_wconf 90' lang='lat' dir='ltr'><strong>qui</strong></span> <span class='ocrx_word' id='word_1_345' title='bbox 789 2237 933 2278; x_wconf 79' lang='lat' dir='ltr'><strong>discripsi</strong></span> <span class='ocrx_word' id='word_1_346' title='bbox 950 2237 1072 2276; x_wconf 86' lang='lat' dir='ltr'><strong>edidit,</strong></span> <span class='ocrx_word' id='word_1_347' title='bbox 1088 2244 1123 2269; x_wconf 89' lang='lat' dir='ltr'><strong>et</strong></span> <span class='ocrx_word' id='word_1_348' title='bbox 1140 2238 1189 2269; x_wconf 80' lang='lat' dir='ltr'><strong>sic</strong></span> <span class='ocrx_word' id='word_1_349' title='bbox 1206 2239 1284 2278; x_wconf 79' lang='lat' dir='ltr'><strong>Rip.</strong></span> <span class='ocrx_word' id='word_1_350' title='bbox 1311 2239 1413 2270; x_wconf 85' lang='lat' dir='ltr'><strong>Both.</strong></span> <span class='ocrx_word' id='word_1_351' title='bbox 1432 2239 1527 2272; x_wconf 77' lang='lat' dir='ltr'><strong>Peri.</strong></span> <span class='ocrx_word' id='word_1_352' title='bbox 1574 2240 1618 2272; x_wconf 86' lang='grc' dir='ltr'><strong>Ο.</strong></span> <span class='ocrx_word' id='word_1_353' title='bbox 1634 2240 1708 2272; x_wconf 83' lang='lat' dir='ltr'><strong>fere</strong></span> <span class='ocrx_word' id='word_1_354' title='bbox 1724 2240 1749 2273; x_wconf 85' lang='lat' dir='ltr'><strong>l.</strong></span> 
     </span>
     <span class='ocr_line' id='line_1_36' title="bbox 286 2278 1749 2321; baseline 0.005 -13"><span class='ocrx_word' id='word_1_355' title='bbox 286 2289 310 2309; x_wconf 76' lang='lat' dir='ltr'><strong>s.</strong></span> <span class='ocrx_word' id='word_1_356' title='bbox 327 2279 494 2318; x_wconf 78' lang='lat' dir='ltr'><strong>descripsi.-</strong></span> <span class='ocrx_word' id='word_1_357' title='bbox 520 2279 615 2310; x_wconf 80' lang='lat' dir='ltr'><strong>Rem.</strong></span> <span class='ocrx_word' id='word_1_358' title='bbox 632 2278 797 2320; x_wconf 79' lang='lat' dir='ltr'><strong>discripsi.-</strong></span> <span class='ocrx_word' id='word_1_359' title='bbox 820 2285 857 2311; x_wconf 87' lang='lat' dir='ltr'><strong>et</strong></span> <span class='ocrx_word' id='word_1_360' title='bbox 873 2281 920 2312; x_wconf 89' lang='lat' dir='ltr'><strong>ita</strong></span> <span class='ocrx_word' id='word_1_361' title='bbox 934 2280 1036 2311; x_wconf 81' lang='lat' dir='ltr'><strong>etiam</strong></span> <span class='ocrx_word' id='word_1_362' title='bbox 1053 2280 1191 2312; x_wconf 83' lang='lat' dir='ltr'><strong>videtur</strong></span> <span class='ocrx_word' id='word_1_363' title='bbox 1204 2280 1326 2321; x_wconf 83' lang='lat' dir='ltr'><strong>legisse</strong></span> <span class='ocrx_word' id='word_1_364' title='bbox 1338 2282 1506 2313; x_wconf 84' lang='lat' dir='ltr'><strong>Donatus.</strong></span> <span class='ocrx_word' id='word_1_365' title='bbox 1521 2282 1582 2314; x_wconf 80' lang='lat' dir='ltr'><strong>Fa.</strong></span> <span class='ocrx_word' id='word_1_366' title='bbox 1628 2283 1749 2315; x_wconf 83' lang='lat' dir='ltr'><strong>Nostri</strong></span> 
     </span>
     <span class='ocr_line' id='line_1_37' title="bbox 287 2321 1749 2366; baseline 0.005 -15"><span class='ocrx_word' id='word_1_367' title='bbox 287 2331 403 2352; x_wconf 88' lang='lat' dir='ltr'><strong>omnes</strong></span> <span class='ocrx_word' id='word_1_368' title='bbox 425 2321 602 2361; x_wconf 78' lang='lat' dir='ltr'><strong>perscripsi.</strong></span> <span class='ocrx_word' id='word_1_369' title='bbox 626 2322 817 2354; x_wconf 80' lang='lat' dir='ltr'><strong>Bent.——33</strong></span> <span class='ocrx_word' id='word_1_370' title='bbox 842 2324 909 2354; x_wconf 86' lang='lat' dir='ltr'><strong>Ms.</strong></span> <span class='ocrx_word' id='word_1_371' title='bbox 925 2323 1016 2363; x_wconf 79' lang='lat' dir='ltr'><strong>Lips.</strong></span> <span class='ocrx_word' id='word_1_372' title='bbox 1033 2323 1121 2354; x_wconf 90' lang='lat' dir='ltr'><strong>Bod.</strong></span> <span class='ocrx_word' id='word_1_373' title='bbox 1136 2323 1178 2355; x_wconf 83' lang='lat' dir='ltr'><strong>G.</strong></span> <span class='ocrx_word' id='word_1_374' title='bbox 1195 2323 1317 2355; x_wconf 90' lang='lat' dir='ltr'><strong>Boend.</strong></span> <span class='ocrx_word' id='word_1_375' title='bbox 1337 2324 1409 2355; x_wconf 88' lang='grc' dir='ltr'><strong>ΕΡ.</strong></span> <span class='ocrx_word' id='word_1_376' title='bbox 1427 2325 1468 2356; x_wconf 94' lang='lat' dir='ltr'><strong>V.</strong></span> <span class='ocrx_word' id='word_1_377' title='bbox 1484 2325 1524 2358; x_wconf 90' lang='lat' dir='ltr'><strong>C.</strong></span> <span class='ocrx_word' id='word_1_378' title='bbox 1541 2325 1631 2366; x_wconf 83' lang='lat' dir='ltr'><strong>apud</strong></span> <span class='ocrx_word' id='word_1_379' title='bbox 1650 2325 1749 2359; x_wconf 83' lang='lat' dir='ltr'><strong>Lind.</strong></span> 
     </span>
     <span class='ocr_line' id='line_1_38' title="bbox 287 2364 1752 2408; baseline 0.005 -14"><span class='ocrx_word' id='word_1_380' title='bbox 287 2365 395 2395; x_wconf 73' lang='lat' dir='ltr'><strong>Zeun.</strong></span> <span class='ocrx_word' id='word_1_381' title='bbox 416 2365 472 2395; x_wconf 69' lang='grc' dir='ltr'><strong>ΒΓ.</strong></span> <span class='ocrx_word' id='word_1_382' title='bbox 490 2364 539 2395; x_wconf 81' lang='lat' dir='ltr'><strong>hic</strong></span> <span class='ocrx_word' id='word_1_383' title='bbox 555 2364 654 2395; x_wconf 82' lang='lat' dir='ltr'><strong>omnis</strong></span> <span class='ocrx_word' id='word_1_384' title='bbox 668 2368 888 2397; x_wconf 83' lang='lat' dir='ltr'><strong>maneat.—-35</strong></span> <span class='ocrx_word' id='word_1_385' title='bbox 906 2366 956 2396; x_wconf 91' lang='lat' dir='ltr'><strong>M.</strong></span> <span class='ocrx_word' id='word_1_386' title='bbox 971 2365 1091 2397; x_wconf 83' lang='lat' dir='ltr'><strong>ssoend.</strong></span> <span class='ocrx_word' id='word_1_387' title='bbox 1109 2365 1224 2398; x_wconf 83' lang='lat' dir='ltr'><strong>Guelf.</strong></span> <span class='ocrx_word' id='word_1_388' title='bbox 1237 2369 1268 2398; x_wconf 86' lang='grc'><strong>2.</strong></span> <span class='ocrx_word' id='word_1_389' title='bbox 1287 2367 1474 2399; x_wconf 78' lang='lat' dir='ltr'><strong>Prcesertim</strong></span> <span class='ocrx_word' id='word_1_390' title='bbox 1484 2377 1553 2399; x_wconf 85' lang='lat' dir='ltr'><strong>cum</strong></span> <span class='ocrx_word' id='word_1_391' title='bbox 1567 2378 1635 2408; x_wconf 83' lang='lat' dir='ltr'><strong>ego.</strong></span> <span class='ocrx_word' id='word_1_392' title='bbox 1657 2367 1752 2401; x_wconf 86' lang='lat' dir='ltr'><strong>Mul·</strong></span> 
     </span>
     <span class='ocr_line' id='line_1_39' title="bbox 287 2407 1748 2450; baseline 0.005 -13"><span class='ocrx_word' id='word_1_393' title='bbox 287 2407 330 2437; x_wconf 84' lang='lat' dir='ltr'><strong>tis</strong></span> <span class='ocrx_word' id='word_1_394' title='bbox 347 2408 381 2438; x_wconf 89' lang='lat' dir='ltr'><strong>in</strong></span> <span class='ocrx_word' id='word_1_395' title='bbox 400 2407 506 2443; x_wconf 83' lang='lat' dir='ltr'><strong>libris,</strong></span> <span class='ocrx_word' id='word_1_396' title='bbox 530 2413 563 2438; x_wconf 84' lang='lat' dir='ltr'><strong>et</strong></span> <span class='ocrx_word' id='word_1_397' title='bbox 589 2408 680 2438; x_wconf 85' lang='lat' dir='ltr'><strong>inter</strong></span> <span class='ocrx_word' id='word_1_398' title='bbox 695 2408 755 2440; x_wconf 83' lang='lat' dir='ltr'><strong>lios</strong></span> <span class='ocrx_word' id='word_1_399' title='bbox 774 2408 871 2440; x_wconf 82' lang='lat' dir='ltr'><strong>Bem.</strong></span> <span class='ocrx_word' id='word_1_400' title='bbox 889 2413 926 2440; x_wconf 85' lang='lat' dir='ltr'><strong>et</strong></span> <span class='ocrx_word' id='word_1_401' title='bbox 941 2409 1030 2440; x_wconf 82' lang='lat' dir='ltr'><strong>vict.</strong></span> <span class='ocrx_word' id='word_1_402' title='bbox 1048 2409 1213 2450; x_wconf 85' lang='lat' dir='ltr'><strong>scriptum</strong></span> <span class='ocrx_word' id='word_1_403' title='bbox 1230 2414 1282 2440; x_wconf 87' lang='lat' dir='ltr'><strong>est</strong></span> <span class='ocrx_word' id='word_1_404' title='bbox 1297 2409 1427 2442; x_wconf 78' lang='lat' dir='ltr'><strong>alteroe:</strong></span> <span class='ocrx_word' id='word_1_405' title='bbox 1459 2414 1499 2442; x_wconf 88' lang='lat' dir='ltr'><strong>ut</strong></span> <span class='ocrx_word' id='word_1_406' title='bbox 1513 2415 1549 2442; x_wconf 85' lang='lat' dir='ltr'><strong>et</strong></span> <span class='ocrx_word' id='word_1_407' title='bbox 1564 2411 1599 2442; x_wconf 90' lang='lat' dir='ltr'><strong>in</strong></span> <span class='ocrx_word' id='word_1_408' title='bbox 1615 2411 1748 2444; x_wconf 79' lang='lat' dir='ltr'><strong>Heaut.</strong></span> 
     </span>
     <span class='ocr_line' id='line_1_40' title="bbox 288 2449 1748 2494; baseline 0.004 -14"><span class='ocrx_word' id='word_1_409' title='bbox 288 2451 295 2465; x_wconf 88' lang='lat'>‘</span> <span class='ocrx_word' id='word_1_410' title='bbox 314 2450 352 2480; x_wconf 83' lang='lat' dir='ltr'><strong>ld</strong></span> <span class='ocrx_word' id='word_1_411' title='bbox 370 2450 442 2490; x_wconf 82' lang='lat' dir='ltr'><strong>ipsa</strong></span> <span class='ocrx_word' id='word_1_412' title='bbox 460 2450 579 2481; x_wconf 83' lang='lat' dir='ltr'><strong>alterae</strong></span> <span class='ocrx_word' id='word_1_413' title='bbox 597 2449 675 2480; x_wconf 87' lang='lat' dir='ltr'><strong>dum</strong></span> <span class='ocrx_word' id='word_1_414' title='bbox 692 2449 832 2482; x_wconf 86' lang='lat' dir='ltr'><strong>narrat.’</strong></span> <span class='ocrx_word' id='word_1_415' title='bbox 865 2450 923 2482; x_wconf 78' lang='lat' dir='ltr'><strong>Fa.</strong></span> <span class='ocrx_word' id='word_1_416' title='bbox 981 2451 1101 2482; x_wconf 80' lang='lat' dir='ltr'><strong>Nostri</strong></span> <span class='ocrx_word' id='word_1_417' title='bbox 1116 2451 1219 2483; x_wconf 80' lang='lat' dir='ltr'><strong>alteri.</strong></span> <span class='ocrx_word' id='word_1_418' title='bbox 1242 2452 1345 2484; x_wconf 89' lang='lat' dir='ltr'><strong>Bent.</strong></span> <span class='ocrx_word' id='word_1_419' title='bbox 1370 2457 1406 2484; x_wconf 91' lang='lat' dir='ltr'><strong>et</strong></span> <span class='ocrx_word' id='word_1_420' title='bbox 1434 2452 1484 2484; x_wconf 88' lang='lat' dir='ltr'><strong>sic</strong></span> <span class='ocrx_word' id='word_1_421' title='bbox 1507 2453 1566 2484; x_wconf 92' lang='lat' dir='ltr'><strong>‘in</strong></span> <span class='ocrx_word' id='word_1_422' title='bbox 1592 2453 1748 2494; x_wconf 81' lang='lat' dir='ltr'><strong>pluribus</strong></span> 
     </span>
     <span class='ocr_line' id='line_1_41' title="bbox 286 2492 1750 2534; baseline 0.004 -12"><span class='ocrx_word' id='word_1_423' title='bbox 286 2492 405 2523; x_wconf 64' lang='lat' dir='ltr'><strong>libris!</strong></span> <span class='ocrx_word' id='word_1_424' title='bbox 433 2493 617 2524; x_wconf 81' lang='lat' dir='ltr'><strong>West.—37</strong></span> <span class='ocrx_word' id='word_1_425' title='bbox 642 2493 823 2524; x_wconf 74' lang='lat' dir='ltr'><strong>Meliorem</strong></span> <span class='ocrx_word' id='word_1_426' title='bbox 848 2493 1129 2534; x_wconf 86' lang='lat' dir='ltr'><strong>compositionem</strong></span> <span class='ocrx_word' id='word_1_427' title='bbox 1160 2494 1313 2526; x_wconf 85' lang='lat' dir='ltr'><strong>continet</strong></span> <span class='ocrx_word' id='word_1_428' title='bbox 1341 2495 1437 2526; x_wconf 91' lang='lat' dir='ltr'><strong>Bem.</strong></span> <span class='ocrx_word' id='word_1_429' title='bbox 1459 2496 1524 2527; x_wconf 88' lang='lat' dir='ltr'><strong>hoc</strong></span> <span class='ocrx_word' id='word_1_430' title='bbox 1549 2495 1648 2528; x_wconf 91' lang='lat' dir='ltr'><strong>modo</strong></span> <span class='ocrx_word' id='word_1_431' title='bbox 1674 2497 1696 2528; x_wconf 91' lang='grc' dir='ltr'><em>Ῑ</em></span> <span class='ocrx_word' id='word_1_432' title='bbox 1714 2496 1750 2528; x_wconf 79' lang='lat' dir='ltr'><strong>in</strong></span> 
     </span>
     <span class='ocr_line' id='line_1_42' title="bbox 286 2535 1750 2577; baseline 0.005 -14"><span class='ocrx_word' id='word_1_433' title='bbox 286 2536 399 2566; x_wconf 76' lang='lat' dir='ltr'><strong>malam</strong></span> <span class='ocrx_word' id='word_1_434' title='bbox 411 2545 476 2566; x_wconf 83' lang='lat' dir='ltr'><strong>rem</strong></span> <span class='ocrx_word' id='word_1_435' title='bbox 492 2535 581 2565; x_wconf 82' lang='lat' dir='ltr'><strong>hinc.-</strong></span> <span class='ocrx_word' id='word_1_436' title='bbox 606 2538 640 2566; x_wconf 87' lang='lat' dir='ltr'><strong>et</strong></span> <span class='ocrx_word' id='word_1_437' title='bbox 657 2535 706 2567; x_wconf 87' lang='lat' dir='ltr'><strong>sic</strong></span> <span class='ocrx_word' id='word_1_438' title='bbox 717 2545 850 2577; x_wconf 83' lang='lat' dir='ltr'><strong>quoque</strong></span> <span class='ocrx_word' id='word_1_439' title='bbox 864 2541 934 2568; x_wconf 80' lang='lat' dir='ltr'><strong>stat</strong></span> <span class='ocrx_word' id='word_1_440' title='bbox 947 2546 1077 2568; x_wconf 84' lang='lat' dir='ltr'><strong>versus.</strong></span> <span class='ocrx_word' id='word_1_441' title='bbox 1101 2537 1161 2568; x_wconf 77' lang='lat' dir='ltr'><strong>Fa.</strong></span> <span class='ocrx_word' id='word_1_442' title='bbox 1209 2537 1328 2568; x_wconf 82' lang='lat' dir='ltr'><strong>Nostri</strong></span> <span class='ocrx_word' id='word_1_443' title='bbox 1348 2546 1462 2569; x_wconf 86' lang='lat' dir='ltr'><strong>omnes</strong></span> <span class='ocrx_word' id='word_1_444' title='bbox 1476 2538 1578 2569; x_wconf 81' lang='lat' dir='ltr'><strong>Ihinc</strong></span> <span class='ocrx_word' id='word_1_445' title='bbox 1591 2538 1626 2570; x_wconf 79' lang='lat' dir='ltr'><strong>in</strong></span> <span class='ocrx_word' id='word_1_446' title='bbox 1635 2539 1750 2571; x_wconf 78' lang='lat' dir='ltr'><strong>malam</strong></span> 
     </span>
     <span class='ocr_line' id='line_1_43' title="bbox 286 2577 1747 2617; baseline 0.003 -10"><span class='ocrx_word' id='word_1_447' title='bbox 286 2587 358 2607; x_wconf 75' lang='lat' dir='ltr'><strong>rem.</strong></span> <span class='ocrx_word' id='word_1_448' title='bbox 405 2578 496 2608; x_wconf 81' lang='lat' dir='ltr'><strong>Puto</strong></span> <span class='ocrx_word' id='word_1_449' title='bbox 519 2577 714 2617; x_wconf 87' lang='lat' dir='ltr'><strong>legendum,</strong></span> <span class='ocrx_word' id='word_1_450' title='bbox 732 2579 770 2609; x_wconf 84' lang='lat' dir='ltr'><strong>In</strong></span> <span class='ocrx_word' id='word_1_451' title='bbox 786 2579 857 2609; x_wconf 80' lang='lat' dir='ltr'><strong>hinc</strong></span> <span class='ocrx_word' id='word_1_452' title='bbox 878 2580 992 2609; x_wconf 81' lang='lat' dir='ltr'><strong>mulam</strong></span> <span class='ocrx_word' id='word_1_453' title='bbox 1014 2589 1100 2610; x_wconf 82' lang='lat' dir='ltr'><strong>rem:</strong></span> <span class='ocrx_word' id='word_1_454' title='bbox 1125 2578 1371 2610; x_wconf 81' lang='lat' dir='ltr'><strong>adverbialiter</strong></span> <span class='ocrx_word' id='word_1_455' title='bbox 1386 2580 1441 2611; x_wconf 89' lang='lat' dir='ltr'><strong>vel</strong></span> <span class='ocrx_word' id='word_1_456' title='bbox 1458 2580 1626 2613; x_wconf 83' lang='lat' dir='ltr'><strong>absolute.</strong></span> <span class='ocrx_word' id='word_1_457' title='bbox 1648 2582 1747 2613; x_wconf 78' lang='lat' dir='ltr'><strong>Bene.</strong></span> 
     </span>
     <span class='ocr_line' id='line_1_44' title="bbox 287 2620 1748 2660; baseline 0.004 -11"><span class='ocrx_word' id='word_1_458' title='bbox 287 2629 387 2659; x_wconf 87' lang='lat' dir='ltr'><strong>quem</strong></span> <span class='ocrx_word' id='word_1_459' title='bbox 405 2620 559 2660; x_wconf 77' lang='lat' dir='ltr'><strong>sequitur</strong></span> <span class='ocrx_word' id='word_1_460' title='bbox 577 2621 675 2652; x_wconf 84' lang='lat' dir='ltr'><strong>Both.</strong></span> <span class='ocrx_word' id='word_1_461' title='bbox 721 2621 741 2651; x_wconf 95' lang='lat' dir='ltr'><em>I</em></span> <span class='ocrx_word' id='word_1_462' title='bbox 753 2621 824 2652; x_wconf 80' lang='lat' dir='ltr'><strong>hinc</strong></span> <span class='ocrx_word' id='word_1_463' title='bbox 840 2621 872 2653; x_wconf 82' lang='lat' dir='ltr'><strong>in</strong></span> <span class='ocrx_word' id='word_1_464' title='bbox 885 2622 993 2653; x_wconf 81' lang='lat' dir='ltr'><strong>Zeun.</strong></span> <span class='ocrx_word' id='word_1_465' title='bbox 1013 2622 1068 2653; x_wconf 70' lang='grc' dir='ltr'><strong>ΒΓ.</strong></span> <span class='ocrx_word' id='word_1_466' title='bbox 1083 2621 1169 2653; x_wconf 88' lang='lat' dir='ltr'><strong>GM.</strong></span> <span class='ocrx_word' id='word_1_467' title='bbox 1214 2622 1255 2652; x_wconf 82' lang='lat' dir='ltr'><strong>In</strong></span> <span class='ocrx_word' id='word_1_468' title='bbox 1269 2623 1384 2653; x_wconf 83' lang='lat' dir='ltr'><strong>malam</strong></span> <span class='ocrx_word' id='word_1_469' title='bbox 1399 2623 1582 2655; x_wconf 70' lang='lat' dir='ltr'><strong>perh—39</strong></span> <span class='ocrx_word' id='word_1_470' title='bbox 1604 2623 1702 2656; x_wconf 86' lang='lat' dir='ltr'><strong>Bem.</strong></span> <span class='ocrx_word' id='word_1_471' title='bbox 1718 2624 1748 2655; x_wconf 77' lang='lat' dir='ltr'><strong>si</strong></span> 
     </span>
     <span class='ocr_line' id='line_1_45' title="bbox 287 2663 1748 2706; baseline 0.003 -14"><span class='ocrx_word' id='word_1_472' title='bbox 287 2663 346 2692; x_wconf 74' lang='lat' dir='ltr'><strong>tibi</strong></span> <span class='ocrx_word' id='word_1_473' title='bbox 361 2664 511 2695; x_wconf 76' lang='lat' dir='ltr'><strong>daretur?</strong></span> <span class='ocrx_word' id='word_1_474' title='bbox 534 2663 624 2704; x_wconf 85' lang='lat' dir='ltr'><strong>qnod</strong></span> <span class='ocrx_word' id='word_1_475' title='bbox 643 2663 748 2704; x_wconf 82' lang='lat' dir='ltr'><strong>magis</strong></span> <span class='ocrx_word' id='word_1_476' title='bbox 765 2665 938 2702; x_wconf 83' lang='lat' dir='ltr'><strong>convenit,</strong></span> <span class='ocrx_word' id='word_1_477' title='bbox 954 2669 989 2697; x_wconf 87' lang='lat' dir='ltr'><strong>et</strong></span> <span class='ocrx_word' id='word_1_478' title='bbox 1005 2673 1080 2694; x_wconf 87' lang='lat' dir='ltr'><strong>cum</strong></span> <span class='ocrx_word' id='word_1_479' title='bbox 1097 2665 1236 2702; x_wconf 82' lang='lat' dir='ltr'><strong>duceres,</strong></span> <span class='ocrx_word' id='word_1_480' title='bbox 1253 2668 1288 2695; x_wconf 84' lang='lat' dir='ltr'><strong>et</strong></span> <span class='ocrx_word' id='word_1_481' title='bbox 1304 2674 1381 2696; x_wconf 89' lang='lat' dir='ltr'><strong>cum</strong></span> <span class='ocrx_word' id='word_1_482' title='bbox 1405 2674 1446 2696; x_wconf 91' lang='lat' dir='ltr'><strong>eo</strong></span> <span class='ocrx_word' id='word_1_483' title='bbox 1472 2665 1564 2706; x_wconf 88' lang='lat' dir='ltr'><strong>quod</strong></span> <span class='ocrx_word' id='word_1_484' title='bbox 1581 2665 1748 2706; x_wconf 77' lang='lat' dir='ltr'><strong>sequitur,</strong></span> 
     </span>
     <span class='ocr_line' id='line_1_46' title="bbox 284 2704 1746 2747; baseline 0.004 -13"><span class='ocrx_word' id='word_1_485' title='bbox 284 2705 337 2744; x_wconf 77' lang='lat' dir='ltr'><strong>sac</strong></span> <span class='ocrx_word' id='word_1_486' title='bbox 358 2704 548 2744; x_wconf 79' lang='lat' dir='ltr'><strong>periculum.-</strong></span> <span class='ocrx_word' id='word_1_487' title='bbox 574 2706 628 2736; x_wconf 82' lang='lat' dir='ltr'><strong>ubi</strong></span> <span class='ocrx_word' id='word_1_488' title='bbox 651 2715 694 2736; x_wconf 88' lang='lat' dir='ltr'><strong>ex</strong></span> <span class='ocrx_word' id='word_1_489' title='bbox 718 2705 848 2737; x_wconf 82' lang='lat' dir='ltr'><strong>ratione</strong></span> <span class='ocrx_word' id='word_1_490' title='bbox 867 2715 981 2738; x_wconf 85' lang='lat' dir='ltr'><strong>versus</strong></span> <span class='ocrx_word' id='word_1_491' title='bbox 1007 2707 1155 2747; x_wconf 78' lang='lat' dir='ltr'><strong>periclum</strong></span> <span class='ocrx_word' id='word_1_492' title='bbox 1171 2707 1327 2747; x_wconf 84' lang='lat' dir='ltr'><strong>legimus.</strong></span> <span class='ocrx_word' id='word_1_493' title='bbox 1354 2707 1413 2738; x_wconf 77' lang='lat' dir='ltr'><strong>Fa.</strong></span> <span class='ocrx_word' id='word_1_494' title='bbox 1460 2707 1580 2739; x_wconf 83' lang='lat' dir='ltr'><strong>Nostri</strong></span> <span class='ocrx_word' id='word_1_495' title='bbox 1595 2708 1746 2740; x_wconf 85' lang='lat' dir='ltr'><strong>universi</strong></span> 
     </span>
     <span class='ocr_line' id='line_1_47' title="bbox 286 2748 1747 2790; baseline 0.004 -14"><span class='ocrx_word' id='word_1_496' title='bbox 286 2748 361 2778; x_wconf 79' lang='lat' dir='ltr'><strong>dala</strong></span> <span class='ocrx_word' id='word_1_497' title='bbox 376 2750 464 2777; x_wconf 77' lang='lat' dir='ltr'><strong>esset.</strong></span> <span class='ocrx_word' id='word_1_498' title='bbox 488 2748 588 2779; x_wconf 80' lang='lat' dir='ltr'><strong>Quod</strong></span> <span class='ocrx_word' id='word_1_499' title='bbox 602 2748 741 2789; x_wconf 86' lang='lat' dir='ltr'><strong>recipio.</strong></span> <span class='ocrx_word' id='word_1_500' title='bbox 764 2749 946 2780; x_wconf 52' lang='lat' dir='ltr'><strong>Hence—40</strong></span> <span class='ocrx_word' id='word_1_501' title='bbox 970 2749 1113 2780; x_wconf 83' lang='lat' dir='ltr'><strong>Omittit</strong></span> <span class='ocrx_word' id='word_1_502' title='bbox 1130 2749 1247 2781; x_wconf 86' lang='lat' dir='ltr'><strong>Guelf.</strong></span> <span class='ocrx_word' id='word_1_503' title='bbox 1263 2752 1293 2780; x_wconf 90' lang='lat' dir='ltr'><strong>l.</strong></span> <span class='ocrx_word' id='word_1_504' title='bbox 1315 2753 1350 2780; x_wconf 82' lang='lat' dir='ltr'><strong>ut</strong></span> <span class='ocrx_word' id='word_1_505' title='bbox 1367 2750 1553 2790; x_wconf 73' lang='lat' dir='ltr'><strong>filius.—41</strong></span> <span class='ocrx_word' id='word_1_506' title='bbox 1579 2749 1696 2782; x_wconf 84' lang='lat' dir='ltr'><strong>Guelf.</strong></span> <span class='ocrx_word' id='word_1_507' title='bbox 1713 2753 1747 2783; x_wconf 84' lang='lat'><strong>3.</strong></span> 
     </span>
     <span class='ocr_line' id='line_1_48' title="bbox 288 2789 1746 2833; baseline 0.003 -12"><span class='ocrx_word' id='word_1_508' title='bbox 288 2792 455 2821; x_wconf 50' lang='lat' dir='ltr'><strong>eran—42</strong></span> <span class='ocrx_word' id='word_1_509' title='bbox 478 2789 562 2823; x_wconf 84' lang='lat' dir='ltr'><strong>GM.</strong></span> <span class='ocrx_word' id='word_1_510' title='bbox 577 2791 648 2823; x_wconf 81' lang='lat' dir='ltr'><strong>cede</strong></span> <span class='ocrx_word' id='word_1_511' title='bbox 664 2791 897 2833; x_wconf 82' lang='lat' dir='ltr'><strong>superscripto</strong></span> <span class='ocrx_word' id='word_1_512' title='bbox 913 2793 963 2824; x_wconf 79' lang='grc' dir='ltr'><strong>ιΙα.</strong></span> <span class='ocrx_word' id='word_1_513' title='bbox 1010 2791 1056 2824; x_wconf 84' lang='lat' dir='ltr'><strong>At</strong></span> <span class='ocrx_word' id='word_1_514' title='bbox 1073 2793 1132 2823; x_wconf 70' lang='grc' dir='ltr'><strong>ΒΓ.</strong></span> <span class='ocrx_word' id='word_1_515' title='bbox 1150 2801 1212 2833; x_wconf 87' lang='lat' dir='ltr'><strong>pro</strong></span> <span class='ocrx_word' id='word_1_516' title='bbox 1229 2792 1274 2833; x_wconf 85' lang='lat' dir='ltr'><strong>gl.</strong></span> <span class='ocrx_word' id='word_1_517' title='bbox 1290 2792 1394 2833; x_wconf 82' lang='lat' dir='ltr'><strong>redde,</strong></span> <span class='ocrx_word' id='word_1_518' title='bbox 1409 2792 1443 2823; x_wconf 89' lang='lat' dir='ltr'><strong>in</strong></span> <span class='ocrx_word' id='word_1_519' title='bbox 1465 2796 1560 2824; x_wconf 79' lang='lat' dir='ltr'><strong>textu</strong></span> <span class='ocrx_word' id='word_1_520' title='bbox 1575 2793 1746 2826; x_wconf 58' lang='lat' dir='ltr'><strong>cedd-43</strong></span> 
     </span>
    </p>
   </div>
  </div>
 </body>
</html>
