1966 3302
349 255 434 297 884
845 265 886 295 P.
919 264 1160 294 TERENTII
1193 264 1309 295 Arm

351 367 481 407 PAM.
512 363 730 406 Omnibus
752 362 900 403 modis
922 364 1053 404 miser
1075 376 1192 415 sum;
1221 376 1319 412 nec,
1343 362 1460 417 quid
1480 363 1738 416 agam,·scio
1756 378 1768 416 3

348 434 438 475 Tot
457 446 525 473 me
545 444 659 472 nunc
681 430 810 470 rebus
831 430 1038 471 miserum
1060 430 1287 471 concludit
1306 435 1444 484 pater.
1737 431 1795 472 80

347 501 500 543 Abibo
520 500 637 548 hinc,
659 511 860 551 praesens
882 498 1060 551 quando
1081 511 1320 552 promoveo
1343 511 1517 552 parum3

350 570 470 611 Nam
490 580 670 622 puerum
691 567 883 620 injussu,
907 567 1054 617 credo,
1076 580 1165 607 non
1185 567 1337 607 tollent
1356 580 1455 607 meo
1476 581 1487 618 ;

347 637 603 680 Praesertim
624 635 670 676 in
692 647 748 676 ea
767 648 814 675 re
837 648 936 676 cum
958 635 1016 676 sit
1034 634 1142 675 mihi
1164 634 1360 688 adjutrix
1382 646 1548 675 socrus.

349 707 436 748 LA.
469 703 639 756 Fugis‘?
671 702 790 743 hem!
822 715 905 743 nec
927 703 1162 756 quicquam
1184 702 1291 743 certi
1311 702 1550 756 respondes
1565 701 1701 743 mihi?

348 773 472 815 Num
493 771 572 812 tibi
591 770 766 811 videtur
787 783 887 810 esse
910 769 1028 823 apud
1050 770 1180 811 sese?
1213 770 1326 811 sine.
1739 769 1796 810 85

348 841 555 889 Puerum,
594 838 828 892 Phidippo,
864 838 967 879 mihi
1002 837 1134 890 cedo3
1165 850 1246 892 ego
1284 837 1414 878 alam.
1476 836 1624 878 PHID.
1662 837 1797 879 Max-

519 919 634 947 ume.

349 977 453 1018 Non
473 975 629 1016 mirum
649 973 753 1013 fecit
774 984 899 1022 uxor,
922 972 961 1012 si
980 972 1062 1013 hoc
1086 984 1201 1024 aegre
1221 972 1335 1013 tulit.

342 1097 512 1137 particeps,
524 1105 627 1127 necne.
673 1095 740 1126 ΡΑ.
764 1095 819 1126 Ea:
832 1093 970 1125 omnibus
983 1092 1126 1134 partibus
1140 1093 1233 1124 miser
1247 1102 1326 1131 sum,
1342 1102 1395 1124 nec
1407 1094 1481 1133 quid
1493 1103 1586 1133 agam
1596 1094 1677 1126 scio.-
1693 1097 1739 1126 ἰοί
1751 1104 1799 1126 me

346 1149 428 1171 mma:
440 1139 642 1180 petitionibus
661 1141 751 1177 urget
772 1141 802 1168 et
826 1137 995 1168 circumdat
1014 1139 1114 1177 pater.
1160 1136 1246 1167 Hinc
1261 1137 1432 1175 abscedam,
1456 1137 1696 1177 quandoquidem
1715 1147 1796 1177 proe-

345 1193 416 1213 sens
443 1192 552 1223 parum
581 1181 719 1223 proficio.
772 1181 858 1212 Nam
877 1189 1016 1220 puerum,
1039 1180 1140 1218 credo,
1168 1180 1235 1210 sine
1256 1188 1402 1210 consensu
1425 1182 1455 1210 et
1477 1180 1621 1211 mandato
1649 1189 1714 1211 meo
1736 1189 1799 1210 non

345 1227 464 1265 tollent,
480 1230 513 1256 ut
527 1225 670 1256 nutriant
686 1228 715 1255 et
731 1225 871 1260 educent,
886 1232 954 1253 cum
965 1222 1119 1263 praecz'pue
1133 1231 1238 1252 socrus
1252 1222 1423 1262 Myrrhina
1440 1223 1473 1252 in
1488 1232 1523 1253 ea
1538 1232 1572 1254 re
1593 1222 1670 1254 mihi
1674 1223 1799 1260 faveat,

344 1273 379 1299 ut
392 1279 460 1309 quoe
475 1269 553 1299 hunc
569 1269 779 1308 exponendum
790 1269 920 1297 censeat.
966 1266 1027 1296 LA.
1053 1265 1175 1303 Fugis?
1198 1265 1265 1295 hem
1277 1264 1292 1296 !
1313 1274 1368 1295 nec
1382 1265 1479 1295 ullum
1492 1268 1608 1296 certum
1621 1275 1800 1306 responsum

346 1312 424 1342 mihi
439 1312 564 1342 reddis?
586 1321 659 1341 num
675 1310 734 1341 tibi
748 1310 883 1349 videtur,
899 1308 1069 1348 Phidippe,
1086 1308 1266 1348 Pamphilus
1280 1308 1394 1339 mentis
1406 1317 1527 1348 compos
1537 1312 1622 1339 esse?
1663 1309 1739 1339 Sine
1751 1318 1798 1339 me

338 1355 457 1392 flrcere.
504 1355 642 1386 Puerum
668 1353 744 1384 mihi
768 1353 854 1382 trade
868 1363 878 1388 ‚·
902 1362 958 1390 ego
983 1351 1131 1382 nutriam.
1177 1351 1250 1382 Pa.
1273 1350 1419 1382 Libenter
1447 1350 1522 1381 dabo
1548 1351 1606 1382 tibi
1634 1351 1797 1389 infantem.

348 1397 422 1428 Non
445 1407 511 1429 rem
525 1397 699 1428 mirandam
715 1400 744 1427 et
760 1396 917 1426 insolitam
936 1394 1015 1432 fecit
1033 1403 1113 1424 uxor
1134 1393 1317 1434 Myrrhina,
1333 1394 1361 1424 si
1374 1404 1394 1424 a
1415 1393 1548 1424 moribus
1564 1394 1723 1435 Pamphili
1745 1394 1808 1431 :rb-⁷

961 1487 1200 1500 “moenam

345 1560 444 1600 ipsam
459 1562 512 1589 aut
538 1568 557 1589 e
573 1559 641 1590 Gu.
662 1561 691 1588 1.
715 1557 818 1588 Both.
836 1567 901 1597 quo
918 1556 1039 1597 judice
1061 1565 1188 1588 uxorem
1215 1560 1268 1587 est
1283 1565 1301 1587 e
1326 1556 1457 1596 ,gt—79
1481 1556 1674 1587 Omnimodz‘s
1695 1556 1798 1587 Both.

346 1605 431 1632 -80
455 1603 464 1619 ‘
483 1602 538 1632 Me
555 1602 620 1632 duo
636 1601 722 1632 Mss.
746 1600 928 1631 omittunt.⁷
951 1600 1050 1631 Boecl.
1075 1600 1132 1630 Tot
1147 1610 1194 1631 me
1205 1609 1284 1630 mmo
1309 1599 1353 1630 Ο.
1371 1600 1392 1630 l.
1408 1609 1432 1630 s.
1451 1599 1540 1640 apud
1559 1600 1618 1630 Fa.
1635 1604 1670 1631 et
1686 1605 1795 1631 vetus·

346 1646 450 1676 tiores
468 1644 557 1684 apud
576 1645 762 1675 Beut.—81
787 1643 888 1675 Adibo
911 1643 998 1674 GM.
1022 1642 1081 1673 sed
1099 1643 1180 1673 illud
1206 1641 1424 1682 probabitur,
1448 1643 1474 1672 si
1499 1642 1682 1674 contuleris
1707 1652 1797 1673 vers.

346 1692 400 1720 84.
426 1689 597 1719 Perl.—S2
622 1687 662 1718 In
679 1697 710 1718 o.
727 1686 749 1716 l.
765 1696 792 1717 s.
811 1691 846 1717 et
862 1685 1069 1717 Donatohic
1087 1690 1140 1716 est
1154 1686 1236 1716 ordo
1253 1684 1445 1721 verborum,
1460 1684 1581 1723 injussu
1604 1686 1712 1716 credo:
1736 1695 1798 1726 pro

346 1732 457 1762 tollent
472 1736 584 1761 autem
602 1730 759 1760 Donatus
776 1729 881 1760 habet
897 1729 991 1769 tollit,
1006 1734 1181 1768 corrupte,
1196 1732 1232 1758 ut
1248 1728 1378 1768 opinor,
1394 1737 1453 1768 pro
1469 1729 1568 1767 tollet,
1585 1728 1674 1769 quod
1693 1733 1747 1759 est
1762 1728 1797 1758 in

345 1774 444 1805 Bern.
462 1774 550 1814 quod
568 1772 646 1803 ideo
674 1773 789 1813 placet
811 1777 849 1803 ut
876 1772 1044 1802 referatur
1059 1772 1099 1802 ad
1119 1772 1313 1810 Lachetem,
1329 1771 1436 1811 cujus,
1452 1775 1575 1811 utpote
1599 1772 1664 1809 avi,
1679 1771 1712 1802 in
1731 1772 1794 1802 tol-

346 1817 447 1848 lendo
484 1826 591 1856 puero
622 1825 752 1846 summa
780 1819 933 1855 potestas
961 1819 1045 1845 erat.
1076 1814 1135 1845 Fa.
1181 1814 1301 1845 Nostri
1331 1823 1445 1844 omnes
1476 1813 1597 1851 injussu
1624 1815 1739 1850 credo,·
1760 1818 1797 1844 et

345 1860 450 1890 iidem
468 1859 584 1890 tollent.
629 1859 739 1890 Recte.
767 1863 959 1898 utrumque.
1006 1858 1123 1888 Tollent
1140 1857 1245 1887 Pater
1269 1860 1304 1887 et
1327 1857 1451 1887 Socer:
1476 1856 1538 1887 hoc
1555 1861 1698 1895 certum,
1719 1866 1795 1887 cum

346 1903 541 1941 Adjutricem
552 1911 669 1932 socrum
685 1901 832 1932 dixerit:
858 1910 941 1940 ergo
965 1900 998 1930 in
1024 1900 1196 1931 consilium
1214 1899 1256 1930 de
1271 1899 1327 1930 illa
1345 1909 1379 1930 re
1397 1901 1502 1929 ituros
1518 1908 1593 1930 esse
1608 1899 1795 1930 existimat.

346 1946 443 1978 Bent.
491 1945 590 1976 Credo
605 1944 722 1984 injussu
745 1954 805 1974 non
820 1943 929 1974 tollent
944 1943 1046 1974 Both.
1069 1943 1178 1973 tollent
1194 1951 1326 1983 quoque
1350 1942 1409 1972 Br.
1427 1942 1519 1972 Peri.
1542 1943 1626 1973 tollet
1643 1943 1722 1983 Bip.
1747 1943 1796 1973 in-

337 1989 426 2026 J'usso
442 1989 554 2019 EP.—
562 1990 602 2018 83
626 1988 718 2018 Socer
733 1985 849 2018 Guelf.
867 1989 984 2017 1.-86
1007 1985 1164 2025 Phidippe
1176 1995 1304 2024 puerum
1323 1985 1381 2020 Br,
1398 1984 1475 2015 mihi
1488 1985 1559 2015 cede
1574 1994 1659 2015 unus
1674 1994 1693 2015 e
1709 1985 1795 2016 Mss.

346 2032 436 2071 apud
454 2032 562 2062 Boecl.
579 2031 666 2061 alter
680 2041 711 2071 p.
729 2030 882 2069 Phidippe
897 2030 1035 2068 concede,
1053 2034 1086 2058 et
1102 2037 1182 2058 sane
1197 2029 1324 2058 concede
1339 2032 1390 2058 est
1408 2028 1454 2067 gl.
1472 2028 1505 2058 in
1522 2028 1581 2059 ΒΓ.
1595 2031 1631 2058 at
1646 2027 1680 2058 iu
1697 2032 1796 2059 textu

343 2076 472 2105 concede
489 2072 605 2105 Guelf.
623 2075 739 2104 2.-87
764 2073 885 2103 Mirum
897 2075 943 2102 est
958 2081 1037 2102 uxor·
1051 2081 1118 2101 mea
1134 2071 1193 2101 Br.
1219 2073 1227 2087 ‘
1243 2070 1369 2111 Aliqui,
1386 2075 1423 2100 ut
1438 2071 1552 2101 versui
1567 2070 1796 2110 consulerent,

344 2118 589 2158 impresserunt
605 2117 678 2146 sine
703 2115 901 2155 pronomine
926 2124 1015 2150 mea3
1039 2119 1157 2144 contra
1183 2118 1296 2144 tamen
1322 2113 1469 2144 omnium
1496 2113 1658 2144 librorum
1680 2112 1795 2146 fidem.

346 2170 418 2199 nos,
431 2170 471 2190 ea
485 2160 634 2190 dictione
645 2163 793 2197 retenta,
806 2159 853 2188 ita
868 2167 1000 2188 versum
1015 2161 1249 2196 sustentamus,
1262 2161 1374 2187 utmea
1386 2156 1420 2187 in
1431 2165 1529 2187 unam
1542 2156 1707 2196 syllabam
1722 2156 1796 2187 bre-

345 2212 420 2233 vem
434 2206 622 2240 contracto,
639 2202 788 2241 itemque
803 2202 857 2231 Ιιοο
869 2205 1042 2240 correpto,
1056 2201 1088 2230 in
1105 2204 1227 2239 quarta
1242 2199 1323 2230 sede
1339 2199 1383 2229 sit
1398 2198 1577 2239 dactylus!
1601 2200 1661 2231 Fa.
1683 2200 1692 2216 ‘
1709 2199 1796 2230 Uxor

345 2256 411 2276 mea
435 2246 531 2276 dedit
548 2245 708 2283 Faernus,
725 2254 766 2274 ex
785 2243 943 2282 omnium,
959 2249 995 2274 ut
1012 2243 1071 2282 ait,
1088 2243 1249 2273 librorum
1264 2242 1332 2272 fide
1349 2252 1356 2272 :
1382 2246 1418 2272 et
1435 2251 1549 2272 verum
1563 2245 1636 2281 est3
1659 2251 1736 2273 nam
1758 2247 1795 2274 et

345 2289 392 2318 sic
409 2289 513 2319 nostri
533 2288 694 2318 universi.
739 2286 804 2317 Sed
822 2287 886 2317 ista
899 2285 1193 2326 fidesjamdudum
1211 2285 1302 2325 apud
1315 2294 1368 2315 me
1384 2284 1534 2316 decoxit.
1561 2284 1650 2316 Uxor
1662 2294 1729 2316 mea
1744 2294 1796 2316 es-

346 2337 397 2362 set
410 2332 599 2371 Myrrhina.
623 2329 729 2370 Atqui
742 2339 795 2360 res
807 2329 880 2370 ipsa
895 2329 1059 2368 praedicat
1072 2328 1308 2359 Philumenam
1319 2327 1488 2368 Pamphili
1501 2327 1555 2358 hic
1568 2327 1713 2367 intelligi
1727 2340 1736 2367 ;
1759 2332 1796 2359 ut

344 2384 447 2414 supra
466 2384 493 2403 v.
510 2376 562 2404 73.
607 2374 615 2388 ‘
635 2373 814 2414 Sensitque
838 2371 923 2402 adeo
946 2381 1050 2402 uxor:
1075 2381 1152 2401 nam
1176 2371 1205 2401 ei
1223 2380 1326 2401 causa
1350 2370 1418 2401 alia
1435 2379 1511 2411 quae
1531 2369 1608 2409 fuit,
1623 2370 1793 2402 Quamob-

346 2426 416 2447 rem
443 2417 501 2447 abs
526 2422 559 2446 te
587 2415 736 2446 abiret?
783 2415 868 2446 Nam
890 2414 935 2445 ibi
959 2420 1054 2445 certe
1075 2415 1164 2444 Uxor
1186 2423 1251 2444 non
1275 2412 1452 2453 Myrrhina
1468 2418 1532 2452 est,
1547 2413 1606 2444 sed
1624 2413 1794 2444 Philume-

346 2469 406 2498 na3
431 2470 507 2490 cum
524 2459 626 2489 verba
642 2458 798 2489 Lachetis
815 2457 883 2488 sint
899 2458 940 2487 ad
957 2457 1183 2497 Pamphilum.
1230 2457 1320 2488 Quid
1337 2455 1428 2496 quod
1444 2455 1472 2486 si
1487 2456 1563 2487 Mea
1578 2456 1684 2496 legas,
1700 2457 1793 2487 nullo

348 2506 447 2541 pacto
473 2511 603 2532 versum
629 2501 706 2531 inde
738 2500 952 2531 constituas?
990 2500 1065 2530 Mea
1092 2500 1121 2530 si
1144 2500 1198 2530 hoc
1223 2509 1282 2538 aeg.
1307 2498 1441 2537 Faerni,
1464 2507 1574 2529 nonne
1598 2498 1705 2529 bellus
1739 2504 1794 2530 est

346 2544 584 2584 Auapaestus?'
602 2544 697 2574 Bunt.
722 2544 731 2560 ‘
747 2543 844 2574 Falso
857 2542 992 2573 additur
1007 2543 1105 2582 vulgo
1119 2552 1137 2572 a
1150 2541 1281 2572 Fae'rno
1296 2551 1375 2577 mea,
1391 2541 1485 2582 quasi
1500 2545 1592 2572 esset
1602 2541 1792 2581 Myrrhina,

346 2597 430 2617 uxor
448 2587 631 2627 l’hidippi3
656 2586 701 2616 cf.
719 2586 760 2617 ad
779 2596 809 2616 v.
825 2588 878 2617 89.
923 2585 990 2616 Sed
1005 2586 1174 2625 ingestum
1192 2589 1243 2615 est
1267 2590 1393 2624 praeter
1409 2593 1478 2614 rem
1496 2588 1531 2614 et
1547 2592 1678 2615 versum
1701 2594 1793 2622 mea;

346 2630 435 2669 quod
461 2640 534 2659 cum
562 2631 714 2667 Erasmo,
739 2629 880 2669 ejusque
903 2629 1054 2665 asseclis,
1076 2633 1111 2658 et
1135 2628 1207 2668 ipso
1230 2627 1343 2658 Bentl.
1367 2625 1543 2667 ejicimus:
1566 2626 1644 2667 Bip.
1668 2627 1677 2643 ‘
1692 2627 1791 2667 Ejeci

348 2673 612 2712 M‹›‹1‚tanquan'1
634 2672 790 2711 otiosum,
808 2676 843 2702 et
865 2672 975 2702 versui
1003 2680 1207 2711 repugnans,
1232 2670 1296 2701 nisi
1319 2679 1394 2701 cum
1422 2669 1597 2704 Goveano‚
1614 2679 1674 2710 pro
1704 2670 1792 2701 Uxor

1005 2762 1145 2793 NOTAE

475 2831 515 2858 79
540 2827 688 2858 omnibus
709 2829 804 2858 vitodis
826 2829 916 2858 miser
940 2827 1019 2867 sum]
1037 2827 1186 2873 Querela
1203 2826 1372 2868 Pamphili
1390 2825 1431 2858 ad
1449 2829 1671 2867 spectatores.
