1966 3302
271 217 360 258 742
766 227 805 256 P.
838 224 1078 256 'renem-11
1110 225 1229 256 Arm

268 322 385 363 Sane
405 297 488 362 ime
508 321 648 362 multo
670 320 853 374 propius
873 319 975 369 ibis,
993 323 1037 360 et
1056 320 1201 360 minor
1221 323 1289 360 est
1308 319 1480 361 erratio.

269 387 388 431 Scin'
411 387 592 437 Cratini,
614 387 744 445 hujus
767 388 888 439 ditis,
910 387 1065 429 aedes'l
1127 388 1219 430 DE.
1249 387 1370 429 Scio.
1430 387 1516 430 ΒΥ.
1538 386 1628 428 Ubi
1647 400 1724 430 eas

441 450 722 509 praeterieris,

269 523 343 564 Ad
364 524 590 564 sinistram
607 522 692 564 hac
712 526 833 563 recta
854 523 1033 580 platea:
1064 523 1140 564 ubi
1163 523 1218 565 ad
1240 523 1401 565 Dianae
1422 522 1611 571 veneris,

268 590 341 632 Ito
363 590 418 630 ad
440 589 665 631 dextram:
696 581 956 644 priusquam
978 589 1034 630 ad
1056 595 1227 644 portam
1247 591 1417 640 veniaS,
1440 587 1560 643 apud
1578 588 1728 642 ipsum

515 669 585 696 um

271 723 356 765 Est
375 657 580 782 pisiiiila,
617 725 660 764 et
695 723 990 764 exadvorsum
1026 724 1217 766 fabrica:
1249 724 1312 766 ibi
1344 728 1422 766 est.
1482 724 1573 765 DE.
1606 722 1728 774 Quid

444 792 507 832 ibi
526 791 671 832 facit?
1670 792 1728 833 45

273 860 358 901 SY.
389 858 597 900 Lectulos
617 859 661 899 in
683 859 778 900 sole
798 859 946 913 ilignis
966 859 1155 913 pedibus
1178 858 1411 901 faciundos
1434 840 1572 901 dedit.

273 928 365 969 DE.
398 926 489 968 Ubi
519 926 685 980 potetis
723 926 831 967 vos'l
892 927 981 968 SY.
1011 927 1132 969 Bene
1165 940 1286 969 sane.
1347 928 1438 970 DE.
1469 928 1558 970 Sed
1598 939 1729 970 cesso

444 994 501 1035 ad
521 1007 619 1035 eum
641 1007 834 1048 pergere.

273 1124 340 1146 sum
351 1125 362 1147 ε
384 1116 419 1146 in
441 1115 597 1156 porticum
611 1115 725 1147 iterum
739 1117 913 1154 regredere.
958 1115 1042 1147 Sane
1056 1116 1112 1148 hac
1137 1116 1378 1157 compendiosior
1393 1119 1439 1148 est
1454 1117 1517 1156 via,
1531 1120 1563 1149 et
1577 1115 1733 1159 difficilius

272 1169 292 1190 a
314 1158 366 1189 via
390 1160 564 1190 aberratur.
609 1159 718 1190 Scisne
740 1159 793 1189 uhi
817 1161 924 1190 domus
943 1159 1046 1200 posita
1073 1160 1198 1191 Cratini
1219 1160 1310 1199 hujus
1329 1159 1512 1200 locupletis?
1555 1160 1622 1191 DE.
1646 1159 1732 1191 Scio.

274 1200 338 1233 SY.
367 1201 429 1232 Ubi
453 1211 519 1232 eam
546 1201 722 1241 transieris,
743 1203 783 1232 ad
808 1202 966 1233 sinistram
995 1202 1041 1233 ito
1059 1212 1117 1243 per
1137 1206 1254 1233 rectam
1273 1203 1351 1233 hanc
1370 1204 1527 1242 plateam:
1549 1204 1669 1243 quando
1693 1203 1735 1232 ad

274 1243 393 1274 Dianae
407 1245 503 1275 cedem
518 1245 650 1284 veneris,
666 1244 769 1282 confer
785 1248 816 1275 te
831 1246 871 1276 ad
893 1246 1046 1283 dextram,
1069 1245 1249 1286 prinsquam
1263 1247 1303 1276 ad
1315 1249 1438 1285 portam
1452 1246 1537 1276 urbis
1556 1245 1732 1286 pervenias,

274 1288 356 1326 apud
371 1288 471 1327 ipsum
492 1288 590 1318 lacum
605 1290 651 1318 est
663 1287 832 1327 pistrinum
845 1298 987 1328 parvum,
1002 1291 1094 1328 alque
1110 1298 1150 1319 ex
1164 1289 1301 1329 opposito
1306 1287 1395 1326 fabri
1410 1288 1540 1326 lignarii
1555 1288 1676 1330 officina
1691 1287 1736 1318 ibi

275 1333 332 1361 est.
378 1330 445 1360 DE.
472 1331 555 1365 Quid
571 1330 614 1360 ibi
622 1329 707 1367 facit
723 1330 839 1361 Micio?
883 1332 943 1361 SY.
967 1330 1110 1361 Lectulos
1121 1331 1336 1361 discubitorios
1351 1341 1419 1362 cum
1433 1331 1554 1362 acernis
1557 1331 1687 1369 faleris,
1699 1331 1734 1360 in

275 1373 384 1411 quibus
399 1373 454 1403 sub
469 1374 531 1403 sole
546 1376 692 1413 coenetur,
706 1374 922 1404 construendos
945 1374 1068 1404 locavit.
1113 1375 1182 1405 DE.
1212 1373 1276 1405 Ubi
1290 1373 1406 1404 scilicet
1419 1374 1593 1414 potationes
1607 1373 1734 1405 celebre-

275 1415 340 1447 tis:
362 1416 490 1456 egregie
505 1420 602 1453 ρανίᾳ·
628 1417 680 1447 sed
702 1416 795 1447 nimis
808 1425 923 1456 moror,
937 1416 1097 1456 quominus
1111 1417 1151 1447 ad
1167 1427 1234 1448 eum
1253 1416 1314 1448 iter
1334 1426 1496 1457 peragam.
1543 1417 1606 1449 SY.
1628 1417 1734 1455 Perge

888 1511 1127 1523 eeeeeeeeeeee

278 1581 417 1614 videtur
432 1582 485 1614 vel
502 1581 667 1624 ἁμάρτημα
687 1580 870 1621 μνημονικὸν
884 1582 1079 1620 scribentis,
1104 1583 1158 1614 vel
1184 1592 1278 1614 error
1300 1582 1553 1621 Librariorum3
1577 1581 1655 1624 quia
1676 1581 1737 1616 lib.

277 1634 346 1656 vu.
365 1630 429 1666 est,
448 1626 487 1656 Id
508 1627 631 1666 quidem
645 1626 855 1666 angiportum.
879 1626 1074 1657 West.——210
1099 1626 1178 1657 Non
1195 1636 1280 1666 opus
1297 1636 1372 1657 cum
1389 1626 1479 1667 Guy.
1496 1627 1611 1666 legere
1627 1625 1736 1657 Sentio

278 1668 441 1707 hominem,
457 1669 509 1708 &a
535 1669 727 1699 West.—4l
751 1668 834 1699 Sane
858 1669 954 1699 multo
974 1678 1025 1709 pr.
1050 1669 1120 1707 hac,
1136 1672 1167 1699 et
1181 1669 1283 1700 minor
1295 1668 1339 1698 ibi
1355 1672 1401 1700 est
1417 1669 1532 1700 erratio
1548 1668 1736 1700 Both.--42

278 1710 367 1742 Scin'
384 1711 523 1750 Cratini,
541 1712 632 1750 hujus
646 1711 734 1750 ditis,
750 1711 846 1751 oedes]
870 1711 925 1742 Ita
941 1711 1125 1752 distinguo.
1169 1711 1205 1743 Si
1222 1712 1309 1742 enim
1327 1713 1336 1729 ‘
1350 1712 1450 1752 hujus
1463 1711 1473 1726 '
1495 1712 1537 1742 ad
1563 1715 1572 1728 ‘
1587 1711 1737 1742 Cratini’

278 1754 481 1791 referretur,
495 1754 583 1795 quod
601 1753 640 1784 fit
658 1754 771 1794 vulgo,
797 1763 936 1785 necesse
961 1760 1063 1790 esset,
1090 1754 1199 1795 digito
1227 1755 1407 1785 monstrari
1433 1764 1543 1795 posse,
1569 1754 1626 1795 qui
1648 1763 1737 1786 nunc

278 1797 396 1837 procul
413 1797 600 1828 habitabat.
646 1798 770 1828 Sensus
789 1797 892 1837 igitur
909 1801 982 1828 est:
1007 1797 1099 1829 Scin'
1116 1797 1206 1828 aedes
1222 1798 1353 1828 Cratini
1370 1797 1458 1828 illius
1475 1797 1608 1828 divitis?
1636 1797 1736 1828 West.

277 1840 340 1871 ΒΥ.
362 1844 397 1870 et
424 1839 503 1871 edd.
531 1849 607 1881 quae
635 1849 741 1880 penes
769 1849 828 1871 nos
855 1845 934 1870 sunt
959 1850 1026 1871 non
1054 1840 1268 1879 distinguunt
1285 1845 1363 1870 ante
1380 1850 1497 1871 vocem
1515 1839 1738 1870 ‘aedesJ—-ss

283 1881 442 1923 Templum
466 1889 545 1923 post
567 1883 576 1899 ‘
593 1883 717 1913 Dianae
729 1881 738 1896 '
763 1881 880 1914 Guelf.
907 1885 938 1913 3.
1002 1883 1286 1923 Supplementum
1313 1883 1524 1922 interpreti&
1562 1882 1737 1914 Peri—44

279 1925 415 1956 Portum
430 1924 546 1956 Guelf.
563 1928 595 1957 3.
611 1929 647 1956 et
662 1925 704 1956 ab
721 1925 830 1956 altera
853 1935 954 1956 manu
969 1925 1056 1956 illam
1073 1936 1134 1965 pro
1150 1926 1261 1964 ipsum.
1286 1925 1339 1957 Id.
1379 1925 1446 1956 Dat
1459 1926 1518 1956 Br.
1543 1925 1593 1955 Ito
1607 1925 1648 1955 ad
1663 1925 1738 1956 dex-

278 1972 379 1999 teram
401 1968 582 2008 prinsquam
596 1968 637 1998 acl
657 1971 782 2007 portam
795 1968 910 2000 venias.
926 1969 1007 2008 apud
1021 1969 1133 2008 ipsum,
1154 1969 1289 2007 &cu—45
1316 1969 1376 1998 Est
1391 1968 1528 2008 pistrilla
1543 1972 1572 1997 et
1588 1968 1741 1998 exadvor-

278 2020 347 2042 sum
362 2011 557 2051 estsabrica]
581 2011 704 2041 Nullus
720 2011 741 2041 l.
763 2021 789 2041 s.
804 2011 909 2041 habet
925 2011 1066 2041 verbum
1084 2015 1128 2042 est
1145 2010 1293 2042 secundo
1321 2011 1407 2042 loco.
1432 2011 1491 2042 Fa.
1539 2010 1662 2050 Neque
1679 2019 1738 2041 no-

281 2053 344 2085 stri
361 2053 486 2084 habent
502 2057 558 2084 est.
581 2053 683 2084 Bent.
728 2054 787 2085 Est
811 2054 956 2085 medium
974 2053 1055 2084 dant
1071 2054 1110 2085 Z.
1129 2054 1252 2094 Delph.
1269 2053 1348 2094 Bip.
1394 2054 1449 2084 Ex
1474 2054 1601 2084 adverso
1617 2051 1737 2084 Guelf.

280 2098 397 2127 1.-46
420 2097 525 2127 Multi
542 2096 627 2127 Mss.
644 2100 679 2127 et
693 2095 862 2137 impressi,
879 2106 955 2127 cum
972 2096 1047 2127 ΕΡ.
1069 2097 1204 2136 iligneis.
1250 2095 1304 2126 Ita
1334 2101 1369 2127 et
1398 2097 1459 2127 Pr.
1483 2096 1568 2127 Inst.
1584 2095 1738 2127 Gramm.

280 2139 339 2170 lib.
356 2148 397 2170 11.
414 2139 481 2169 Ms.
499 2138 592 2179 Lips.
608 2138 736 2177 iligneis
749 2139 879 2179 pedibus
893 2139 926 2170 in
942 2140 1014 2170 sole.
1059 2139 1115 2171 Jo.
1135 2139 1300 2177 Clericus,
1318 2138 1395 2170 Art.
1413 2138 1496 2171 Crit.
1512 2147 1570 2170 ιιι.
1589 2140 1618 2169 1.
1635 2140 1667 2169 6.
1684 2140 1739 2169 23.

281 2182 367 2222 legit
383 2182 530 2213 Lectulos
544 2181 612 2212 illic
626 2182 758 2221 salignis
770 2183 838 2222 ped.
854 2183 964 2213 West.
999 2182 1149 2222 Iligneis]
1166 2183 1264 2213 Bem.
1281 2181 1400 2220 ilignis.
1433 2182 1614 2222 Virgilius:
1630 2181 1640 2197 ⁴
1655 2180 1740 2211 Cur-

282 2229 413 2256 rentem
431 2224 542 2265 ilignis
564 2229 685 2265 potare
711 2224 886 2256 canalibus
914 2224 1061 2256 undam.'
1085 2225 1146 2256 Fa.
1191 2225 1311 2257 Nostri
1338 2234 1453 2255 omnes
1476 2223 1612 2260 iligneis.
1636 2222 1739 2254 Bent.

287 2267 409 2307 Illignis
425 2267 521 2298 Bem.
569 2267 713 2307 Illigneis
728 2267 812 2298 GM.
857 2267 988 2307 Ligneis
1004 2266 1121 2299 Guelf.
1148 2270 1178 2298 3.
1209 2268 1297 2299 Perl.
1343 2267 1475 2306 lligneis
1503 2267 1650 2297 Bia—4⁷
1678 2265 1741 2297 Ubi

278 2310 395 2350 potetis
409 2310 479 2350 vos]
497 2309 581 2341 Haec
599 2311 633 2341 in
649 2311 735 2342 Mss.
750 2311 920 2341 nonnullis
934 2311 1020 2351 Syro
1037 2310 1254 2348 tribuuntur3
1271 2309 1330 2340 sed
1348 2314 1382 2340 et
1399 2310 1431 2340 in
1450 2308 1649 2350 quibusdam
1667 2308 1739 2339 edi-

283 2348 445 2394 tionibus,
468 2353 502 2384 iu
519 2352 642 2394 quibus
669 2357 721 2384 est
743 2352 816 2386 EA.
832 2356 868 2384 et
892 2353 989 2385 Junt.
1035 2353 1145 2384 Iidem
1163 2353 1256 2384 Libri
1272 2353 1463 2394 sequentia,
1478 2352 1565 2383 Bene
1579 2360 1664 2390 sane,
1680 2351 1741 2382 tri-

937 2429 1082 2461 NOTAE

326 2494 367 2523 43
392 2491 443 2523 Aa
458 2491 576 2522 Diana>
595 2492 730 2533 veneris]
757 2492 812 2524 Sic
828 2493 983 2525 absolute
1038 2492 1124 2534 signi
1140 2492 1345 2534 aquaeductu
1369 2490 1610 2530 memorabilis,
1625 2492 1663 2521 ut
1680 2491 1739 2531 qui

284 2543 460 2581 dicebant,
477 2552 544 2573 non
562 2542 704 2574 addito‘
724 2543 910 2584 templum!
1038 2555 1057 2575 a
1088 2543 1348 2585 quadragesimo
1385 2541 1518 2573 milliari
1555 2541 1587 2571 in
1618 2540 1738 2572 urbem

325 2596 367 2624 44
390 2592 485 2632 Apud
500 2592 601 2631 ipsum
616 2593 730 2633 lacum]
756 2595 864 2625 Lacus
880 2594 983 2625 etiam
1038 2594 1143 2625 fuerit
1171 2593 1369 2633 perductus,
1386 2601 1489 2632 opere
1506 2595 1646 2622 arcuato
1663 2595 1738 2622 tan-

283 2647 363 2673 sunt
395 2642 614 2681 receptacula
646 2652 757 2683 aquae,
785 2643 827 2673 ad
855 2653 983 2684 aquan-
1039 2650 1083 2675 1ae
1124 2643 1329 2682 altitudinis,
1359 2647 1397 2674 ut
1429 2643 1460 2673 in
1497 2651 1613 2673 omnes
1644 2641 1740 2673 urbis

283 2691 375 2732 dum,
397 2695 456 2722 aut
478 2691 656 2721 lavandum
679 2691 849 2731 deductae,
867 2695 983 2734 quales
1038 2700 1169 2725 montes
1185 2692 1287 2724 facile
1300 2692 1575 2724 distribueretur.
1606 2691 1740 2722 Plinius

282 2743 381 2775 multi
397 2743 513 2774 Romae
538 2740 689 2783 fuerunt,
704 2747 741 2774 ut
758 2743 909 2785 Curtius,
934 2744 983 2775 iu·
1039 2745 1096 2776 lib.
1114 2752 1247 2775 xxxvx.
1264 2753 1340 2784 cap.
1355 2745 1407 2775 15.
