1966 3302
267 217 353 260 822
767 226 804 255 P.
834 221 1076 257 TERENTII
1111 221 1229 252 Anat

270 327 376 378 Quo
400 326 586 380 quisque
607 327 746 378 pacto
763 322 836 363 hic
858 322 994 363 vitam
1015 325 1258 361 vestrorum
1281 320 1465 373 exigat?
1539 282 1623 377 ’Ὗ

271 395 419 462 NJnito
439 394 598 434 melius
620 392 691 432 hic
711 404 809 445 quae
831 389 950 440 fiunt,
981 402 1114 443 quam
1142 388 1250 438 illic,
1286 389 1364 428 ubi
1399 401 1498 429 sum
1530 386 1724 437 assidue,

441 462 565 503 scio:
1241 484 1244 488 -
1669 455 1726 496 20

271 530 399 581 Ideo,
421 530 544 583 quia,
564 531 614 569 ut
634 526 841 571 vosmihi
862 525 982 566 domi
1002 524 1139 574 eritis,
1171 523 1358 578 proinde
1390 535 1470 576 ego
1489 535 1576 563 ero
1609 521 1728 591 sQa

441 597 563 638 foris.

271 664 551 719 Jampridem
583 662 786 716 equidem
815 660 980 711 audivi,
1017 659 1190 713 cepisse
1223 659 1375 700 odium
1407 655 1472 699 tui
1506 657 1729 700 Philume-

353 720 578 782 Ns“nam3
848 724 883 732 ‘⁸

274 801 549 854 Minimeque
581 798 693 840 adeo
725 796 906 848 mirum;
937 798 994 844 et,
1030 793 1150 860 ni'JLl
1182 793 1379 845 fecisset,
1411 793 1554 847 magis
1575 793 1731 835 mirum

444 868 572 909 foret.

274 937 364 981 Sed
383 950 472 978 non
493 934 664 977 credidi
680 933 810 983 adeo,
834 937 881 974 ut
903 932 1036 974 etiam
1058 936 1194 974 totam
1215 931 1328 972 hanc
1340 929 1507 973 odisset
1527 929 1732 972 domum:

276 1005 413 1058 Quod
436 1006 472 1045 si
496 1005 699 1053 scissem,
735 1003 810 1043 illa
829 1001 902 1043 hic
923 1006 1118 1042 maneret
1138 1000 1303 1055 potius,
1338 1003 1386 1041 tu
1412 999 1513 1040 hinc
1533 998 1646 1039 isses
1666 997 1734 1038 fo-

447 1086 534 1114 raS.
1675 1066 1734 1106 25

275 1142 336 1184 At
371 1141 486 1191 vide,
523 1152 654 1194 quam
681 1138 901 1201 iQegito
923 1137 1142 1191 aegritudo
1161 1136 1257 1178 haec
1279 1135 1416 1177 oritur
1435 1133 1542 1176 mihi
1573 1133 1655 1176 abs
1677 1136 1734 1183 te,

448 1209 664 1250 Sostrata,

278 1357 311 1378 co
326 1347 471 1387 ignorare
484 1345 618 1386 putatis,
631 1345 776 1386 quomodo
787 1344 904 1383 singuli
919 1344 953 1374 in
968 1342 1041 1374 urbe
1056 1342 1138 1373 domi
1154 1343 1250 1373 vitam
1265 1338 1464 1372 traducatis?
1498 1338 1616 1371 Melius
1630 1336 1739 1370 absens

278 1391 352 1429 scio,
369 1400 435 1430 quoe
449 1390 498 1421 hic
508 1390 594 1431 fiunt
612 1389 646 1418 in
663 1388 745 1427 urbe,
761 1398 849 1428 quam
863 1398 897 1418 ea
915 1397 981 1427 quae
998 1386 1087 1426 fiunt
1107 1386 1187 1426 ruri,
1202 1385 1254 1416 uhi
1270 1384 1411 1416 continue
1422 1392 1559 1424 Jnoesens
1572 1392 1642 1421 ago.
1688 1379 1737 1410 Ob

277 1443 344 1463 eam
360 1442 495 1470 causam,
517 1433 596 1472 quod
610 1431 711 1471 qualis
736 1432 801 1462 vita
825 1434 930 1461 vestra
953 1430 1035 1460 domi
1054 1431 1177 1468 agitur,
1193 1427 1266 1459 talis
1272 1427 1363 1466 suma
1378 1430 1407 1458 ct
1423 1425 1590 1458 oestz‘matio
1604 1433 1671 1455 mea
1691 1425 1740 1454 est

277 1476 357 1507 ruri.
400 1477 593 1507 Jumdudum
608 1473 765 1505 auditione
776 1474 898 1514 percepi
915 1472 1132 1503 Philumenam
1157 1481 1268 1502 nurum
1287 1474 1424 1502 nostram
1444 1468 1614 1509 concepisse
1636 1466 1739 1498 odium

279 1519 352 1556 tui;
374 1529 427 1549 nec
456 1520 545 1550 valde
565 1518 597 1548 id
624 1517 797 1547 mirandum
822 1520 889 1547 est.-
913 1516 974 1546 imo
996 1515 1058 1546 nisi
1084 1515 1131 1545 ita
1148 1514 1289 1553 fecisset,
1314 1513 1425 1552 majori
1445 1510 1649 1543 admiratione
1662 1511 1742 1541 esset

279 1563 431 1601 dignum:
453 1563 507 1592 sed
525 1571 585 1592 non
610 1560 644 1591 in
670 1560 809 1590 animum
830 1559 955 1597 induxi,
979 1568 1046 1589 eam
1060 1559 1135 1588 adeo
1154 1560 1335 1588 commotam
1354 1557 1468 1594 fuisse,
1482 1557 1515 1585 ut
1531 1553 1627 1585 etium
1641 1555 1741 1584 totam

279 1606 357 1636 lumc
365 1604 527 1643 familiam
539 1604 606 1634 odio
622 1603 757 1634 haberet.
794 1602 883 1637 Quod
898 1602 926 1633 si
942 1603 979 1632 de
995 1601 1050 1632 hac
1064 1610 1099 1632 re
1113 1600 1339 1637 certiorfactus
1345 1600 1491 1639 fuissem,
1506 1597 1561 1628 illa
1575 1596 1609 1627 in
1620 1596 1676 1626 hac
1689 1595 1744 1625 do-

280 1658 329 1678 mo
354 1650 568 1688 permaneret;
593 1650 628 1678 tu
646 1646 739 1684 foras
764 1646 891 1676 dimissa
908 1645 1038 1683 suisseS.
1083 1644 1147 1676 Sed
1171 1644 1342 1678 considera,
1364 1651 1454 1683 quam
1476 1641 1543 1672 sine
1568 1648 1662 1670 causa
1677 1637 1742 1669 hoec

282 1691 378 1722 animi
392 1691 532 1722 molestia
548 1690 625 1721 mila*
640 1699 680 1720 ex
703 1693 734 1720 te
755 1689 852 1720 nascit
858 1698 906 1729 ur,
931 1688 1087 1719 Sostrata.
1129 1687 1198 1718 Rus
1212 1687 1245 1718 in
1257 1686 1412 1728 proedium
1426 1685 1466 1716 ad
1480 1683 1681 1716 habitandum
1696 1689 1743 1712 me

891 1804 1129 1817 eeeeaeaeeoeato

285 1899 439 1938 Repone,
453 1900 491 1928 ut
505 1895 628 1938 passim
648 1895 739 1935 Egon
753 1895 944 1936 corripitur,
960 1895 1063 1935 Egon.
1091 1896 1137 1926 Tu
1153 1895 1275 1936 inquam
1289 1894 1413 1926 mulier.
1448 1895 1640 1926 Beut.-—18
1663 1892 1746 1925 Sen-

284 1943 341 1980 tis,
357 1941 490 1980 opinor,
508 1949 606 1981 qnam
624 1939 829 1970 inconcinne
855 1939 922 1969 ruri
950 1938 1171 1977 posteriorem
1200 1943 1312 1978 acuat,
1334 1937 1438 1969 crebro
1464 1942 1579 1968 autem
1597 1936 1628 1967 in
1643 1936 1743 1968 Thesi

284 1986 402 2015 lateat.
448 1983 525 2014 Duo
543 1982 647 2013 nostri
666 1982 887 2012 vetustissimi
912 1991 988 2012 cnm
1015 1991 1081 2012 uno
1104 1991 1145 2012 ex
1172 1981 1297 2020 Regiis,
1321 1981 1373 2012 An
1389 1981 1461 2020 quia
1477 1980 1546 2011 ruri
1561 1989 1626 2011 esse
1640 1978 1745 2010 crebro

283 2028 375 2058 soleo.
401 2027 504 2058 Bent,
547 2035 612 2057 esse
627 2024 733 2056 crebro
760 2025 816 2057 ΒΓ.
832 2025 926 2055 Peri.
944 2025 1007 2055 Bo.
1052 2024 1170 2055 nescire
1184 2033 1232 2054 me
1248 2024 1333 2055 GM.
1360 2025 1507 2065 glossam
1535 2023 1626 2063 sapit
1651 2021 1746 2054 Peri.

285 2077 322 2101 et
339 2079 420 2101 sane
436 2079 483 2101 me
498 2078 559 2109 pro
577 2069 620 2109 gi.
641 2069 786 2098 Bru—19
810 2068 982 2107 Quisquam
1002 2071 1092 2107 pacto
1109 2068 1194 2098 Mss.
1210 2067 1276 2097 duo
1294 2067 1401 2099 ssoecl.
1446 2066 1544 2097 Bem.
1560 2068 1746 2097 vestrarum.

285 2114 347 2144 Fa.
391 2113 448 2144 Sic
475 2118 510 2143 et
538 2112 604 2142 duo
623 2110 1012 2150 Mendiani,1·estrurum:
1036 2110 1143 2141 ceteri
1170 2120 1285 2140 omnes
1308 2113 1492 2145 vestrorum,
1515 2114 1620 2149 atque
1640 2108 1746 2139 etiarn

284 2157 451 2187 Donatus.
497 2156 624 2192 Recte3
649 2154 658 2170 ‘
676 2152 896 2185 Vestrornm’
921 2163 981 2193 pro
1003 2154 1012 2170 ‘
1030 2152 1213 2191 Vestrum:
1238 2158 1275 2183 ut
1297 2158 1365 2184 tam
1394 2162 1516 2189 mares,
1532 2161 1631 2193 quam
1649 2149 1745 2182 femi-

285 2209 346 2230 nas
363 2198 558 2229 concludat.
589 2198 689 2229 Bent.
743 2199 915 2227 vostrarum
933 2196 1097 2236 Bip.--20
1121 2196 1177 2227 Sic
1194 2196 1253 2227 Fa.
1270 2195 1388 2234 dedit3
1413 2201 1448 2226 et
1463 2195 1510 2226 sic
1527 2194 1635 2226 codd.
1679 2193 1746 2224 Sed

286 2246 382 2273 recte
397 2243 553 2273 Muretus
578 2240 627 2270 illi
653 2239 805 2280 proillio,
824 2249 921 2270 versu
938 2240 1013 2280 ipso
1037 2244 1262 2280 exposcente.
1308 2240 1353 2270 Et
1378 2238 1508 2270 frustra
1532 2244 1598 2276 est,
1623 2236 1680 2277 qui
1702 2246 1746 2267 ex

288 2285 414 2316 Plauto
431 2280 638 2324 patrocinari
657 2284 728 2314 vult
746 2288 812 2313 tarn
828 2286 947 2322 aperto
963 2287 1089 2314 errato.
1119 2282 1210 2313 Bent.
1250 2282 1298 2312 illi
1313 2281 1415 2313 Both.
1428 2286 1464 2312 et
1479 2281 1602 2321 probat
1614 2279 1748 2310 Fabrie.

288 2329 374 2359 Post
387 2328 450 2358 scio
467 2327 499 2357 in
525 2325 641 2356 Guelf.
656 2329 687 2356 2.
705 2329 905 2366 sequuntur,
932 2325 959 2355 si
987 2330 1078 2356 recte
1098 2325 1237 2364 legerim
1263 2325 1348 2360 hanc,
1374 2325 1412 2355 de
1437 2324 1521 2354 vobis
1545 2332 1651 2354 curam
1675 2331 1748 2362 ago,

287 2371 404 2411 quales
429 2380 483 2400 vos
508 2369 634 2400 habitus
658 2378 805 2409 superque
831 2372 932 2399 vester
954 2369 1026 2399 erit.
1071 2368 1157 2400 Quae
1175 2366 1278 2397 verba
1301 2377 1375 2398 esse
1400 2377 1460 2408 pro
1485 2367 1530 2407 gl.
1555 2367 1636 2397 satis
1659 2364 1750 2396 exis-

289 2414 371 2446 timo
401 2412 565 2443 habenda.
604 2412 689 2443 Perl.
737 2412 782 2442 Et
809 2420 888 2441 sane
923 2411 982 2442 ΒΓ.
1010 2420 1073 2450 pro
1101 2411 1145 2450 gl.
1183 2414 1191 2427 ‘
1207 2410 1250 2440 de
1288 2410 1384 2441 vobis
1421 2419 1536 2441 curam
1570 2407 1749 2439 nabeo!—

289 2459 327 2486 21
355 2457 486 2496 Ideoque
499 2453 616 2486 Guelf.
633 2457 663 2485 1.
679 2455 813 2494 adeoque
828 2458 862 2484 ut
880 2454 982 2485 Both.
1001 2453 1074 2484 Ideo
1089 2453 1162 2493 quia
1183 2452 1192 2470 ‘
1204 2451 1418 2484 Leidensium
1437 2462 1535 2491 unus,
1550 2453 1600 2484 M.
1617 2455 1652 2482 et
1670 2450 1750 2482 Hui.

289 2499 422 2539 legunt.
471 2498 526 2529 Ita
553 2502 587 2528 et
609 2502 743 2529 veteres
765 2496 921 2538 quaedam
937 2497 1118 2527 editiones.
1163 2496 1219 2527 Tr.
1254 2496 1339 2532 Ideo,
1361 2497 1452 2536 quod.
1497 2495 1533 2527 Si
1558 2503 1637 2525 vero
1653 2494 1749 2533 legas

290 2542 375 2582 quia,
400 2540 543 2571 habebit
571 2540 623 2571 hic
651 2550 769 2571 versus
799 2540 971 2570 honestam
1003 2538 1257 2570 excusationem
1288 2539 1496 2570 curiositatis
1523 2538 1556 2568 in
1587 2536 1751 2573 Lachete,

291 2592 396 2625 quare
413 2584 501 2614 scire
520 2584 614 2621 velit,
630 2593 696 2624 qua
713 2582 844 2613 ratione
863 2583 964 2612 vitam
984 2592 1070 2613 uxor
1095 2591 1170 2613 cnm
1187 2591 1274 2612 nuru
1298 2581 1388 2612 domi
1410 2581 1564 2621 exigant,
1581 2580 1661 2620 qnia
1684 2579 1749 2610 sci-

292 2628 373 2658 licet
389 2627 430 2656 ab
448 2635 562 2656 earnm
580 2625 823 2656 consuetudine
851 2626 1038 2656 domestica
1057 2624 1204 2665 pendeat
1221 2633 1280 2655 sua
1297 2623 1388 2655 fama
1404 2623 1508 2655 foris!
1535 2622 1632 2654 Wese.
1654 2622 1751 2653 Unus

293 2679 335 2700 ex
351 2669 487 2704 nostris,
499 2669 576 2698 mihi
593 2669 682 2699 eritis
697 2669 790 2699 domi.
819 2668 929 2705 Alter,
947 2669 1029 2698 domi
1046 2667 1229 2698 mihieritis.
1275 2667 1353 2698 Hoc
1369 2672 1464 2698 recte
1480 2678 1487 2697 ε
1512 2666 1639 2707 quippe
1655 2664 1752 2696 Domi

294 2713 327 2742 in
344 2712 414 2742 ictu
432 2720 507 2742 esse
527 2710 653 2748 debet,
678 2715 713 2742 et
731 2712 880 2741 nltimam
896 2712 1015 2750 passim
1033 2710 1186 2750 corripit.
1210 2711 1307 2741 Bent.
1348 2710 1447 2741 Fama
1460 2709 1554 2740 delet
1568 2708 1752 2740 Goveanus

295 2754 463 2795 probante
482 2754 536 2784 Fr.
567 2753 701 2784 Fabi-ic.
718 2764 773 2792 pro
789 2755 887 2784 Fama
905 2764 934 2784 v.
953 2751 1103 2791 osor-is?
1126 2752 1225 2784 Lind.
1265 2753 1305 2784 In
1330 2753 1385 2784 Br.
1403 2751 1554 2789 adforis?
1577 2756 1629 2781 est
1644 2751 1750 2790 scrip·

296 2804 365 2829 tum
383 2797 429 2829 sic
447 2800 455 2813 ⁶
471 2796 522 2828 vel
534 2795 646 2833 ;’—25
673 2796 759 2827 Hinc
775 2801 909 2828 numeret
928 2797 975 2828 M.
1001 2796 1082 2836 potis
1099 2796 1166 2827 Ms.
1192 2796 1284 2837 Lips.
1308 2794 1538 2837 suprascripto
1552 2798 1681 2835 potens,·
1703 2793 1753 2824 hic
