1966 3302
277 230 360 271 812
767 246 806 275 P.
838 233 1077 278 'FERENTM
1114 249 1231 280 Arm

283 335 343 375 Ut
364 336 561 390 colloqui
577 350 751 379 mecum
773 354 858 382 una
879 349 1032 395 posset
1050 357 1060 394 ;
1099 344 1323 395 Parmeno,

277 402 395 443 Perii
414 403 422 443 !
454 404 560 457 quid
581 418 660 457 ego
684 407 786 458 egi?
818 409 861 448 in
884 410 1000 462 quod
1023 424 1090 451 me
1112 413 1283 466 conjeci
1302 413 1494 455 malum?

278 470 382 510 'Non
404 476 556 524 potero
578 472 660 513 hoc
681 473 809 525 ferre,
830 475 1046 518 Parmeno
1066 493 1075 520 :
1109 480 1218 532 perii
1239 481 1391 522 miser!

277 538 423 578 Prin..
455 538 518 580 At
546 544 590 581 te
625 542 685 582 Di
715 543 915 599 Deaeque
948 547 1165 599 perduint,
1202 562 1300 590 curn
1332 549 1448 590 istoc
1484 549 1603 600 odio,
1638 549 1724 592 La·

449 607 578 649 ches!

278 671 400 713 PAR.
433 673 496 714 Ut
518 675 573 716 ad
594 690 740 729 pauca
761 678 951 729 redeam,
973 693 1154 722 uxorem
1176 682 1356 725 deducit
1376 684 1569 725 domum.
1668 684 1725 726 60

276 739 424 781 Nocte
446 742 520 783 illa
542 744 682 796 prima
704 746 914 798 virginem
934 762 1025 788 non
1050 750 1220 801 attigit;

276 806 390 858 Quae
412 816 653 854 consecuta
672 818 737 854 est
753 827 841 854 nox
864 829 979 867 eam,
1000 818 1134 858 nihilo
1158 819 1313 871 magis.

274 875 418 917 PH11..
452 877 570 928 Quid
594 880 659 920 ais
678 881 687 922 Ξ
720 895 819 923 cum
842 883 1009 937 virgine
1031 883 1406 928 una'adolescens
1427 889 1628 930 cubuerit

275 942 384 984 Plus
405 951 551 998 potus,
573 947 649 988 illa
671 962 720 989 se
742 951 958 992 abstinere
976 957 1026 994 ut
1047 955 1274 1006 potuerit?

277 1010 378 1052 Non
401 1014 634 1055 verisimile
656 1015 795 1068 dicis;
827 1032 907 1059 nec
926 1033 1075 1060 verum
1097 1022 1300 1063 arbitror.
1493 1015 1513 1066 ἶ
1665 1025 1726 1067 65

276 1079 396 1119 PAR.
428 1079 575 1122 Credo
597 1083 658 1124 ita
683 1085 818 1126 videri
841 1087 948 1137 tibi3
982 1101 1080 1129 nam
1103 1102 1232 1130 nemo
1256 1090 1311 1131 ad
1334 1096 1377 1132 te
1401 1092 1536 1140 venit,

415 1175 450 1199 ἡ,

272 1230 355 1266 aliis,
371 1231 442 1262 solis
456 1232 544 1264 nobis
560 1243 622 1265 esse
638 1236 761 1275 licebat,
777 1240 812 1267 ut
826 1238 1031 1276 cogitationes
1044 1249 1117 1271 suus
1142 1241 1217 1271 »vilei
1238 1250 1386 1281 exponere
1401 1242 1500 1273 verbis
1513 1243 1592 1272 clam
1603 1244 1705 1281 posset
1714 1251 1727 1278 ,·

273 1273 440 1314 Parmeno,
453 1276 593 1316 perditus
607 1288 686 1314 sum,
701 1279 823 1311 dicebat
834 1291 845 1317 ,·
868 1282 942 1321 quid
957 1292 1013 1320 ego
1022 1282 1088 1320 feci
1103 1283 1294 1315 assentiendo
1309 1285 1357 1315 his
1368 1284 1581 1325 sponsalibus?
1601 1285 1636 1314 in
1647 1286 1728 1332 quoii

270 1317 477 1354 infortunium
492 1330 538 1350 me
550 1321 743 1362 proecipitem
757 1324 847 1354 dedi?
869 1335 928 1354 non
943 1329 1046 1364 potero
1062 1327 1192 1357 tolerare
1203 1327 1289 1357 istud
1304 1329 1429 1368 malum,
1447 1329 1610 1366 Parmeno,
1624 1328 1728 1367 perdi-

271 1362 320 1389 tus
334 1369 401 1391 sum
416 1362 538 1400 infelix.
583 1363 656 1395 Pu.
679 1366 724 1396 At
753 1369 782 1396 te
799 1367 859 1398 Dii
883 1367 1020 1407 Deoeque
1045 1371 1190 1408 perdant,
1217 1370 1345 1409 Laches,
1369 1381 1436 1402 cum
1456 1370 1588 1402 instanti
1613 1373 1680 1407 lua,
1696 1373 1728 1400 et

271 1404 396 1434 molesta
412 1406 588 1436 sedulitate.
634 1407 699 1438 ΡΑ.
749 1409 792 1440 Ut
803 1412 910 1450 paucis
925 1411 1024 1442 verbis
1035 1412 1205 1443 orationem
1221 1413 1386 1452 absolvam,
1401 1413 1587 1454 Pamphilus
1600 1421 1728 1461 uxorem

271 1446 355 1476 ducit
381 1448 413 1477 in
443 1449 562 1478 domum
588 1453 763 1489 paternam.
811 1454 910 1483 Nocte
941 1453 996 1483 illa
1025 1455 1127 1493 prima
1158 1456 1377 1487 Philumenam
1405 1457 1437 1487 in
1466 1460 1533 1487 toro
1563 1466 1623 1486 non
1649 1459 1727 1486 atli-

269 1488 321 1526 git
333 1500 344 1525 ;
366 1490 466 1521 altera
480 1493 632 1530 sequenti,
648 1503 685 1524 ne
699 1495 800 1533 magis
821 1496 939 1536 quidem
955 1497 1079 1536 attigit.
1126 1498 1196 1529 PH.
1222 1500 1306 1534 Quid
1328 1499 1394 1530 ais?
1439 1499 1622 1531 Adolescens
1647 1498 1728 1546 solus

267 1541 337 1561 cum
363 1543 424 1563 una
447 1533 571 1573 virgine
581 1536 651 1576 plus
674 1538 764 1567 solito
782 1543 875 1578 potus
896 1539 1048 1579 cubuerit,
1070 1543 1100 1571 et
1115 1541 1153 1571 ab
1171 1541 1234 1579 ejus
1249 1546 1352 1573 tamen
1366 1542 1558 1583 amplexibus
1573 1541 1727 1572 abstinere

270 1583 336 1605 sese
349 1575 402 1606 ille
414 1577 550 1615 potuerit
562 1589 574 1615 ;
597 1589 656 1610 non
672 1590 742 1610 vero
753 1586 987 1613 consentaneum
1001 1586 1030 1614 et
1041 1583 1197 1623 probabile
1212 1584 1271 1624 ais,
1288 1594 1381 1625 neque
1396 1586 1429 1616 id
1443 1595 1549 1616 verum
1564 1594 1627 1615 esse
1639 1586 1726 1624 puto.

270 1616 337 1648 ΡΑ.
365 1618 463 1650 Credo
480 1622 509 1650 te
522 1622 569 1652 ita
586 1622 742 1663 judicare,
757 1634 842 1655 nemo
857 1627 938 1656 enim
954 1629 983 1657 te
1004 1627 1157 1668 convenit,
1172 1627 1234 1658 nisi
1250 1628 1379 1668 cupidus
1394 1632 1534 1660 amator:
1558 1629 1610 1659 ille
1625 1628 1731 1659 nolens

882 1742 1119 1755 eeeeeeeeeeee

270 1815 357 1845 enim
384 1815 527 1854 primam
552 1818 705 1857 corripit.
731 1820 828 1851 Bent.
851 1831 950 1862 quem
976 1823 1130 1863 sequitur
1147 1822 1249 1853 Both.
1275 1826 1310 1853 et
1337 1822 1384 1853 sic
1410 1821 1581 1853 GM.—58
1607 1821 1728 1871 Nostrl

269 1868 398 1897 omnes,
418 1859 492 1889 Non
513 1864 620 1900 potero
636 1861 726 1900 ferre
738 1863 810 1894 hoc:
834 1865 922 1904 quod
953 1870 1061 1896 metro
1084 1866 1302 1896 commodius.
1326 1865 1420 1896 Bent.
1447 1875 1546 1906 quem
1573 1870 1728 1905 sequntur

272 1901 372 1932 Both.
391 1906 426 1932 et
451 1902 497 1932 sic
521 1903 578 1935 Br.
597 1905 688 1935 Perl.
715 1915 800 1937 unus
824 1907 890 1939 Ms.
907 1908 995 1948 apud
1028 1909 1134 1939 ssoecl.
1151 1908 1206 1938 hoc
1224 1908 1314 1946 ferre
1341 1909 1465 1946 malum,
1482 1907 1548 1939 duo
1575 1907 1639 1938 hoec
1665 1917 1727 1958 pro

271 1945 425 1975 hoa—59
447 1945 487 1976 In
512 1946 738 1979 Mss.ete‹1d.
764 1949 838 1980 aliis
864 1955 917 1980 est
942 1951 989 1981 Di
1011 1952 1133 1991 «lemque
1155 1961 1268 1981 omnes.
1316 1951 1528 1991 Elegantiam
1556 1957 1590 1981 et
1621 1950 1728 1982 artifi-

271 1987 358 2018 cium
374 1988 488 2028 aperit
503 1989 672 2029 Donatus,
686 2001 752 2032 quo
773 1993 880 2032 magis
895 1992 1033 2024 inficete
1049 1995 1079 2024 Ιι.
1094 2004 1122 2024 v.
1141 1994 1304 2034 expungit
1321 1994 1411 2034 Guy.
1440 1993 1540 2025 West.
1563 1994 1615 2041 EJ‘
1632 1994 1729 2025 Bem.

271 2037 306 2060 et
323 2031 493 2061 nonnullis
514 2032 587 2062 aliis
609 2033 719 2071 libris,
744 2035 883 2075 legimus
910 2037 995 2073 isto;
1016 2042 1092 2067 sunt
1116 2041 1150 2067 et
1173 2036 1290 2077 aliqui,
1319 2036 1375 2076 qui
1406 2046 1466 2076 pro
1489 2038 1650 2076 perduint,
1671 2036 1728 2067 ha-

273 2073 356 2104 bent
371 2074 526 2114 perdant:
549 2085 629 2106 sane
645 2076 719 2107 libri
744 2078 862 2117 scripti
880 2079 948 2110 Do.
966 2085 1023 2109 aut
1041 2079 1180 2110 verbum
1207 2089 1273 2110 non
1289 2079 1429 2118 habent,
1444 2084 1502 2109 aut
1518 2079 1645 2110 habent
1657 2089 1730 2120 per-

271 2117 369 2152 tlant‚·
394 2127 459 2155 qua
486 2118 633 2149 lectione
659 2129 774 2151 versus
801 2121 928 2160 optime
951 2128 1106 2153 constat:
1134 2127 1191 2153 aut
1214 2122 1361 2162 perduint
1386 2122 1419 2152 in
1443 2121 1631 2162 spondeum
1648 2132 1727 2171 con-

272 2159 486 2189 trahendum.
504 2160 563 2192 Fa.
589 2161 682 2192 Bene
701 2168 765 2203 est,
781 2164 869 2203 quod
888 2166 1016 2195 monuit
1036 2166 1095 2195 Fa.
1114 2166 1293 2206 plerosque
1312 2164 1437 2195 Donati
1457 2165 1603 2213 scriptos
1630 2164 1732 2214 Codi-

272 2211 330 2232 ces
354 2211 420 2232 non
436 2202 560 2234 habere
586 2204 725 2235 verbum
741 2206 896 2246 perduint.
943 2208 1093 2238 Praestat
1117 2218 1210 2243 sane,
1227 2212 1264 2239 ut
1289 2207 1535 2238 subaudiatur:
1560 2216 1659 2238 nimis
1678 2217 1729 2239 ιη-

271 2244 416 2275 humane
430 2245 606 2285 profertur
622 2247 664 2278 ab
682 2257 734 2288 ea,
751 2259 826 2290 qnae
843 2259 909 2280 non
927 2250 1013 2281 irata
1029 2251 1084 2289 sit,
1098 2260 1207 2292 neque
1225 2250 1335 2281 animo
1352 2255 1530 2281 commota.
1576 2250 1730 2290 Repone,

272 2288 316 2317 At
334 2291 363 2318 te
379 2287 412 2318 di
437 2289 562 2329 deoeque
587 2300 655 2320 cum
671 2293 723 2321 tuo
747 2293 826 2323 istoc
840 2293 921 2332 odio,
938 2293 1065 2324 Laches.
1112 2294 1201 2324 Vide
1225 2293 1267 2324 ad
1285 2293 1412 2324 Heaut.
1429 2301 1480 2323 ιν.
1499 2295 1532 2324 6.
1547 2294 1578 2323 7.
1602 2294 1622 2341 ‘⁴
1640 2293 1727 2324 Cum

271 2334 331 2360 tuo
347 2330 412 2361 isto
430 2330 590 2363 invento!
637 2334 698 2364 Vel
716 2334 763 2365 sic
782 2334 924 2367 fortasse
941 2342 995 2367 est
1020 2336 1222 2375 legendum:
1247 2336 1291 2367 At
1306 2339 1338 2366 te
1353 2335 1385 2366 di
1406 2334 1644 2384 deaequesanznt
1660 2345 1729 2367 cum

268 2372 328 2403 isto
344 2374 426 2412 odio,
443 2373 571 2404 Laches.
589 2379 626 2406 ut
643 2376 757 2408 Plaut.
783 2378 887 2410 Most.
905 2388 946 2409 11.
959 2382 990 2410 3.
1007 2381 1059 2410 33.
1106 2379 1114 2395 ‘
1132 2379 1176 2409 Di
1194 2385 1226 2410 te
1243 2379 1384 2419 deaeque
1397 2387 1511 2409 omnes
1525 2376 1637 2426 fuxint
1650 2387 1728 2410 cum

271 2415 357 2446 istoc
374 2416 507 2447 omine!
535 2418 543 2434 ‘
561 2418 686 2449 Faxint
699 2418 706 2431 '
722 2421 887 2451 occultius
910 2421 943 2451 id
972 2427 1078 2456 notat,
1095 2422 1185 2462 quod
1211 2422 1220 2438 ‘
1239 2421 1407 2452 Perduint
1420 2420 1428 2433 '
1445 2425 1606 2469 apertius.
1634 2420 1729 2453 Bent.

271 2458 414 2489 Perdant
430 2459 517 2489 male
532 2460 633 2491 Bent.
645 2462 785 2500 omittit,
800 2467 835 2494 et
851 2469 970 2495 contra
987 2465 1082 2495 Bem.
1101 2464 1261 2495 rescribit
1277 2465 1362 2495 istoc.
1382 2463 1532 2504 ssip.1ste
1549 2462 1590 2494 A.
1605 2463 1643 2494 C.
1657 2473 1728 2504 per-

272 2502 349 2531 dant
366 2501 438 2531 EP.
458 2502 711 2542 Both.per‹1u2·nt
724 2505 764 2535 B.
779 2506 837 2536 ΒΓ.
849 2511 882 2537 at
898 2507 999 2538 Bent.
1013 2507 1163 2547 sequitur
1178 2507 1269 2538 Peri.
1302 2508 1382 2538 Cum
1394 2506 1470 2537 istoc
1479 2506 1546 2536 dolo
1559 2505 1728 2554 Bodhfio-

273 2544 323 2574 die
340 2549 417 2583 post
431 2544 499 2574 odio
510 2545 625 2576 Guelf.
646 2549 761 2578 1.-60
785 2548 835 2579 Ad
848 2559 946 2589 pauca
968 2553 1003 2580 ut
1018 2550 1159 2589 jubetur
1175 2560 1192 2580 a
1207 2559 1316 2580 versu.
1334 2549 1411 2588 Bip.
1427 2549 1474 2579 sic
1491 2548 1592 2579 Both.
1608 2553 1729 2580 tacite.

273 2588 357 2617 —63
383 2586 490 2617 Codd.
508 2587 643 2628 qnidam
655 2590 861 2631 concubuerit,
872 2592 991 2624 Boend.
1010 2592 1083 2623 EA.
1095 2593 1289 2623 concubuerit
1300 2593 1484 2622 adolescens.
1510 2591 1618 2622 W‘est.
1631 2590 1729 2622 abest

272 2628 412 2660 cubuerit
429 2639 448 2659 a
462 2629 578 2660 Guelf.
596 2634 626 2662 3.
651 2632 723 2671 quid
734 2635 987 2672 agis-—cubuerit
1003 2636 1120 2674 legunt
1136 2636 1220 2666 Mss.
1243 2636 1276 2665 in
1290 2635 1456 2665 Priscian.
1470 2642 1522 2665 lx.
1535 2643 1566 2672 p.
1580 2635 1658 2682 4⁶⁴2
1671 2633 1726 2666 ed.

274 2668 476 2702 Kn-em.‘-6-1
503 2673 597 2704 Beni.
613 2675 761 2712 geminat
778 2677 960 2708 dictionem
976 2688 1019 2717 se,
1034 2683 1071 2708 ut
1088 2683 1121 2708 ot
1139 2688 1252 2708 versun
1276 2677 1430 2718 requirit.
1448 2677 1506 2725 Fa.
1541 2676 1660 2724 Nostri
1684 2686 1730 2708 se.

275 2715 378 2745 Bent.
415 2714 489 2745 Sese
504 2715 574 2746 illac
590 2717 666 2757 Rip.
688 2722 780 2756 potus
795 2723 825 2749 et
839 2719 911 2750 illac
926 2721 1026 2751 Both.
1048 2724 1138 2761 potus
1152 2724 1204 2751 sed
1221 2721 1274 2752 illa
1289 2721 1368 2751 Hel.
1392 2729 1456 2750 sese
1470 2719 1525 2768 illa
1541 2719 1616 2767 ij.
1634 2719 1729 2752 Peri.

273 2762 306 2787 ut
326 2756 460 2788 Fabric.
482 2768 515 2788 se
538 2758 632 2789 illac:
657 2761 714 2789 sed
733 2762 887 2800 plerique
912 2764 994 2794 mss.
1011 2765 1097 2794 male
1113 2764 1196 2804 potis
1208 2774 1238 2793 se
1253 2763 1318 2798 illa,
1333 2763 1389 2793 alii
1405 2765 1539 2802 potuisse
1554 2762 1621 2809 illa,
1639 2766 1728 2793 teste

274 2799 407 2831 editore
437 2801 580 2832 (jantab.
613 2803 698 2842 potis
726 2804 784 2836 ΒΓ.
814 2805 899 2837 GM.
924 2816 954 2836 se
970 2806 1024 2837 illa
1051 2807 1195 2838 ss»·.-65
1220 2807 1328 2845 Neque
1352 2814 1457 2836 verum
1478 2808 1582 2836 nostri
1598 2813 1728 2836 omneS.
