1966 3302
401 215 823 247 HEAUTON'HMOR.
856 214 964 245 ACT.
998 213 1063 243 1v.
1097 213 1164 243 sc.
1197 213 1270 242 111.
1483 201 1566 243 621

114 315 272 356 Senem
293 315 505 353 vostrum.
546 309 632 351 SY.
656 309 815 358 Immo,
838 312 886 349 ut
904 311 1024 350 recta
1043 308 1119 349 via
1138 320 1230 348 rem
1251 310 1394 348 narret
1416 306 1570 347 ordine

284 391 473 420 omnem.
534 376 617 416 Cn.
651 376 769 417 Hem
788 376 797 415 !

114 445 250 489 Satin’
272 458 410 486 sanus
431 457 496 493 eS,
519 446 593 484 aut
614 443 823 483 sobrius?
855 446 902 482 tu
925 442 1100 495 quidem
1114 442 1238 482 illum
1256 441 1387 494 plane
1404 441 1572 494 prodis.

114 513 237 555 Nam
257 513 334 566 qui
353 511 428 553 ille
450 510 610 564 poterit
630 522 728 550 esse
749 509 793 549 in
814 512 909 549 tuto
927 509 945 549 ’ἱ
977 508 1049 549 dic
1071 509 1191 549 mihi.
1516 508 1573 548 30

116 580 198 621 SY.
230 579 352 621 Huic
374 577 575 632 equidem
596 577 783 619 consilio
804 577 1000 630 palmam
1022 576 1107 617 do:
1136 576 1208 616 hic
1246 588 1315 616 me
1343 574 1575 628 magnifice

288 646 437 695 effero,

119 713 209 765 Qui
227 713 315 754 vim
329 716 498 753 tantam
520 712 564 751 in
581 723 665 759 me,
681 714 722 750 et
736 712 1001 763 potestatem
1017 708 1205 750 habeam
1222 712 1356 750 tantae
1379 709 1576 758 astutiae‚

121 781 242 823 Vera
262 780 452 821 dicendo
481 783 533 820 ut
559 791 639 819 eos
661 778 816 818 ambos
836 776 1013 826 fallam;
1044 781 1107 826 ut,
1130 789 1227 817 cum
1249 781 1393 817 narret
1415 788 1549 817 senex

119 848 287 891 Voster
322 852 487 898 nostro,
527 846 660 888 istam
704 858 805 887 esse
857 845 1047 886 amicam
1099 846 1235 898 gnati,
1289 857 1378 885 non
1427 843 1578 885 credat

291 919 452 956 tamen.

122 981 206 1023 Cr..
235 980 301 1022 At
320 982 433 1023 enim
457 994 581 1035 spem
610 981 726 1021 istoc
753 984 888 1033 pacto
921 992 1093 1020 rursum
1127 979 1382 1032 nuptiarum
1403 990 1578 1019 omnem

294 1049 456 1104 eripis:
1522 1045 1580 1086 35

122 1116 258 1166 Nam,
286 1117 390 1157 dum
410 1117 599 1157 amicam
617 1116 727 1156 hanc
747 1128 891 1156 meam
913 1128 1010 1156 esse
1033 1114 1200 1165 credet,
1228 1127 1316 1155 non
1337 1113 1581 1154 committet

294 1183 445 1225 filiam.

125 1251 195 1293 Tu
215 1250 422 1301 fortasse,
444 1250 548 1305 quid
567 1263 636 1291 me
656 1250 749 1301 fiat,
773 1251 901 1304 parvi
921 1249 1099 1305 pendis,
1123 1249 1227 1290 dum
1249 1249 1315 1290 illi
1336 1250 1553 1290 consulas.

124 1404 226 1427 senem
246 1398 384 1426 vestrum
406 1395 621 1426 Chremetem?
665 1394 726 1425 ΞΥ.
754 1393 839 1428 Quin
861 1393 968 1433 potius
991 1403 1046 1432 ego
1066 1395 1145 1432 volo,
1158 1395 1194 1423 ut
1209 1402 1279 1423 vere
1295 1396 1325 1423 et
1338 1392 1404 1423 sine
1418 1392 1587 1423 diverticu-

127 1439 167 1470 lis
180 1437 338 1468 verborum
351 1447 426 1476 rem,
441 1442 476 1468 ut
487 1441 557 1469 acta
572 1441 629 1477 est,
642 1440 807 1468 recenseat.
853 1436 914 1466 CL.
938 1436 1033 1476 Hem,
1047 1438 1165 1467 satisne
1178 1445 1262 1465 sanae
1277 1436 1390 1466 mentis
1401 1440 1450 1466 es?
1472 1446 1512 1465 an
1528 1445 1588 1466 non

127 1478 331 1512 temulentus?
357 1482 451 1511 Certe
465 1484 501 1511 tu
514 1481 621 1520 prodis
638 1480 856 1520 Clitiphonem.
903 1479 987 1510 Nam
1003 1480 1148 1518 quomodo
1169 1478 1286 1518 poterit
1302 1478 1352 1508 ille
1367 1488 1431 1509 esse
1446 1481 1545 1518 tutus,
1559 1478 1589 1508 si

124 1527 217 1563 pater
231 1522 294 1560 ejus
306 1523 430 1563 negotia
443 1522 631 1554 resciverit?
653 1523 703 1553 dic
719 1522 805 1552 mihi.
851 1521 912 1552 ΞΥ.
940 1521 1033 1552 Certe
1047 1522 1119 1552 hiric
1134 1531 1199 1551 meo
1221 1524 1388 1551 commento
1401 1520 1520 1561 primas
1534 1522 1589 1551 de-

118 1566 191 1604 fero
203 1576 215 1603 ;
240 1566 278 1595 de
288 1565 344 1595 hac
358 1575 391 1596 re
406 1566 483 1596 mihi
503 1566 619 1605 placeo,
635 1569 665 1595 et
680 1565 846 1604 triumpho,
869 1564 921 1604 qai
936 1563 1063 1595 habeam
1084 1566 1267 1603 potestatem
1283 1566 1381 1594 tantae
1394 1564 1542 1594 versutiae
1558 1567 1588 1594 et

122 1607 261 1646 fraudis,
276 1611 312 1637 ut
323 1609 449 1639 dicendo
465 1617 538 1638 vera
558 1609 611 1638 hos
625 1608 728 1638 ambos
743 1616 828 1638 senes
850 1606 1011 1647 decipiam.
1064 1607 1109 1637 Ut
1125 1607 1244 1646 quando
1259 1610 1359 1636 vester
1374 1606 1590 1644 DIenedemus,

129 1650 212 1681 dicet
238 1653 343 1681 nostro
361 1651 517 1681 Chremeti
542 1651 635 1681 istam
653 1651 842 1681 Bacchidem
867 1659 932 1680 esse
956 1649 1086 1680 amicam
1104 1649 1302 1688 Clitiphonis,
1328 1651 1429 1679 tamen
1446 1648 1591 1679 Chremes

131 1694 246 1724 nullam
264 1692 358 1732 fidem
375 1693 468 1723 dictis
491 1693 576 1723 illius
598 1692 755 1724 adhibeat.
802 1692 863 1723 CL.
888 1691 950 1723 Sed
975 1696 1056 1722 certe
1083 1701 1190 1722 rursus
1205 1691 1317 1722 adimis
1333 1692 1411 1722 mihi
1425 1690 1481 1721 hoc
1503 1692 1591 1722 modo

131 1745 250 1767 omnem
263 1744 346 1776 spem
361 1736 540 1776 nuptiarum
554 1735 726 1775 Antiphilae
734 1746 746 1771 ‚·
767 1744 838 1765 nam
852 1735 924 1764 dum
946 1735 1010 1773 ipse
1028 1734 1174 1764 Chremes
1188 1735 1292 1764 credet
1306 1733 1384 1764 hanc
1400 1733 1593 1764 Bacchidem

132 1788 152 1808 a
167 1788 214 1809 me
230 1778 342 1813 amari,
357 1788 417 1809 non
431 1779 534 1808 tradet
548 1779 626 1808 mihi
634 1778 737 1819 filiam
752 1787 838 1808 suam
853 1787 992 1808 uxorem.
1038 1777 1185 1808 Fortasse
1199 1780 1244 1815 tu,
1260 1775 1350 1816 Syre,
1366 1785 1476 1816 parum
1489 1785 1593 1814 curas,

133 1820 274 1862 quidfiet
289 1821 327 1852 de
340 1830 400 1857 me,
414 1821 487 1852 dum
501 1822 589 1852 modo
607 1821 772 1861 provideas
801 1819 986 1859 Clitiphoni.
1030 1819 1089 1851 ΞΥ.
1116 1819 1202 1855 Quid
1217 1819 1364 1861 (malum)
1385 1822 1515 1859 putasne
1537 1828 1593 1858 per

743 1933 981 1949 ‘conectet-e&

136 2018 167 2045 et
181 2015 299 2045 vellete
313 2023 458 2046 uxorem:
482 2025 545 2047 esse
569 2015 647 2046 hanc
672 2016 709 2047 C.
733 2016 835 2048 Bent.
879 2016 974 2047 Hanc
996 2015 1178 2046 Bacchidem
1204 2014 1290 2046 dicas
1317 2023 1380 2046 esse
1407 2012 1595 2053 Clitiphonis

139 2056 256 2088 Guelf.
283 2060 313 2089 3.
337 2056 383 2088 cf.
405 2058 496 2088 infra
518 2062 550 2089 5.
575 2061 627 2090 19.
648 2058 722 2089 haec
739 2058 814 2090 fere
829 2058 989 2090 ead—27
1014 2058 1117 2098 Vulg.
1142 2058 1322 2089 continue:
1349 2058 1394 2088 Et
1416 2057 1552 2087 scilicet.
1566 2080 1574 2087 .
1589 2080 1597 2088 .

138 2099 225 2140 Syro
242 2100 368 2131 rectius
385 2101 430 2130 Et
445 2100 615 2140 tribuitur,
632 2102 788 2141 pergenti
804 2103 982 2142 imperare.
1006 2101 1103 2132 Both.
1147 2101 1157 2118 ‘
1173 2101 1272 2131 Bern.
1289 2109 1399 2131 orare:
1424 2099 1511 2140 quod
1528 2109 1597 2130 ma-

137 2143 188 2181 gis
205 2141 342 2173 videtur
358 2143 560 2174 convenire:
586 2152 652 2174 non
666 2145 757 2174 enim
776 2150 873 2175 tanta
890 2154 943 2175 res
958 2148 1030 2174 erat
1047 2148 1084 2174 ut
1099 2153 1220 2182 magna
1231 2143 1319 2174 mole
1333 2151 1472 2183 precum
1489 2141 1597 2182 impe-

141 2184 262 2215 tranda
278 2189 390 2216 esset:
415 2185 474 2215 sed
491 2195 592 2224 orare,
607 2195 724 2216 versus
743 2187 829 2217 ratio
855 2196 920 2218 non
947 2186 1114 2225 admittit,
1131 2186 1195 2217 nisi
1222 2186 1313 2226 legas
1340 2195 1428 2216 orare
1451 2188 1597 2225 patrem.⁵

139 2236 214 2267 qnae
239 2227 420 2258 collocatio
443 2228 546 2258 etiam
568 2238 609 2259 ex
634 2228 723 2259 libro
745 2229 873 2269 scripto
897 2229 970 2260 est!
994 2229 1053 2260 Fa.
1098 2230 1107 2245 ‘
1122 2228 1157 2259 Si
1174 2238 1262 2259 orare
1285 2228 1470 2265 adsciscis;
1494 2227 1598 2258 etiam

139 2269 203 2300 hoc
217 2269 318 2300 modo
335 2269 461 2310 poteris
480 2280 488 2300 :
513 2271 559 2301 Et
572 2271 688 2302 scilicet
695 2271 765 2310 jam
786 2282 833 2303 me
846 2273 939 2311 voles,
955 2273 1009 2302 hoc
1020 2274 1143 2311 patrem
1156 2281 1246 2302 orare
1259 2274 1295 2302 ut
1311 2272 1399 2302 celet.
1442 2268 1511 2301 Sed
1528 2279 1597 2300 om-

140 2321 201 2342 nes
217 2312 326 2343 nostri
342 2311 492 2344 exorare!
517 2313 706 2346 Bent.—2s
730 2315 831 2346 Both.
855 2314 967 2345 Senem
989 2314 1130 2353 omittit,
1153 2318 1188 2344 et
1205 2324 1266 2353 pro
1282 2317 1316 2344 at
1336 2313 1418 2354 legit
1434 2314 1494 2343 uti.
1540 2312 1598 2343 In-

140 2359 294 2395 ter-rogat
320 2355 379 2388 ΒΓ,
409 2359 486 2395 post
506 2359 654 2387 vostrum.
678 2357 783 2397 Vulg.
809 2367 927 2388 omnem
951 2356 1221 2387 omittitur.—-29
1245 2357 1370 2387 Prodis.
1397 2355 1470 2386 Vox
1491 2356 1598 2395 magis

141 2397 363 2437 Terentiana,
393 2407 491 2438 quam
518 2408 595 2438 quae
623 2409 642 2429 a
666 2399 724 2431 Fa.
749 2409 792 2430 ex
818 2400 914 2430 Bem.
943 2404 978 2430 et
1005 2399 1080 2430 aliis
1108 2398 1315 2437 defenditur,
1339 2398 1454 2437 perdis.
1490 2398 1600 2430 West.

140 2443 150 2456 ¹
169 2440 288 2471 Nostri
314 2449 430 2471 omnes
451 2441 576 2480 prodis.-
609 2441 698 2482 quod
723 2443 831 2473 multo
857 2440 1002 2473 melius!
1036 2442 1133 2473 Bent.
1178 2442 1294 2472 Perdis
1320 2441 1399 2481 Bip.
1428 2440 1600 2480 Delon.—

143 2484 185 2512 30
209 2483 365 2513 Senarius
391 2482 445 2513 hic
463 2483 660 2523 intervenit,
675 2484 753 2525 quia
769 2485 884 2516 statim
903 2485 944 2515 ad
962 2484 1054 2515 aliud
1079 2493 1234 2514 versuum
1265 2493 1370 2524 genus
1395 2483 1600 2514 transiturus

144 2529 218 2556 erat
232 2525 348 2565 Syrus.
394 2525 456 2555 Vir
471 2525 575 2565 igitur
589 2526 757 2565 eruditus,
775 2528 830 2568 qui
847 2527 925 2558 hinc
940 2526 1030 2558 forte
1047 2526 1216 2558 excidisse
1233 2531 1333 2567 putat
1356 2526 1411 2556 hoc
1436 2525 1464 2556 si
1481 2524 1603 2565 fecero,

143 2571 182 2598 ut
197 2567 251 2598 hic
267 2576 384 2598 versus
402 2577 462 2607 par
477 2568 538 2599 fiat
553 2569 786 2608 sequentibus,
801 2574 871 2601 tota
887 2570 940 2600 via
957 2570 1095 2600 erravit.
1118 2569 1217 2599 Bent.
1264 2570 1273 2586 ‘
1291 2569 1372 2599 Par.
1390 2568 1444 2599 ed.
1461 2577 1505 2599 ee.
1520 2577 1602 2607 sero,

144 2610 258 2640 nescio
274 2609 388 2641 unde!
409 2610 583 2642 Peri—31
607 2611 709 2643 Both.
734 2612 821 2643 Huic
839 2612 1056 2651 quidem...hoc
1079 2614 1225 2642 rna—32
1247 2611 1375 2642 Nescio
1402 2620 1443 2641 an
1470 2610 1601 2642 Auctor

145 2652 292 2692 dederit,
311 2656 432 2684 tantam
446 2653 581 2685 astatiae.
618 2654 694 2684 vim
712 2658 853 2693 tantam,
870 2659 906 2685 et
919 2659 1126 2695 potestatem
1141 2658 1280 2684 tantam.
1305 2654 1402 2684 Bent.
1447 2653 1455 2669 ‘
1472 2654 1602 2684 Verum

146 2694 311 2726 divinavit
325 2695 439 2726 Rem:
464 2696 649 2726 Both—34
673 2696 713 2727 In
742 2697 835 2728 Bem.
852 2698 1028 2728 venustior
1043 2697 1223 2727 collocatio
1239 2700 1303 2731 est,
1328 2706 1392 2727 esse
1410 2695 1515 2726 istam.
1539 2696 1600 2727 Fa.

147 2735 204 2767 Ita
217 2737 294 2777 Bip.
310 2737 404 2769 Peri.
421 2738 523 2768 Bent.
550 2738 673 2778 Delph.
690 2739 876 2770 Rom—35
900 2739 1000 2770 Bodl.
1024 2739 1148 2770 Boend.
1176 2748 1252 2770 cum
1279 2739 1352 2769 EA.
1369 2738 1443 2769 ΕΡ.
1460 2738 1601 2778 aliisque

148 2789 265 2811 omnem
280 2779 357 2811 mihi
371 2790 397 2811 e.
425 2780 529 2812 West.
574 2780 630 2812 Ita
647 2781 706 2812 ΒΓ.
724 2786 760 2814 et
775 2782 892 2816 Guelf.
905 2784 1022 2815 3.-37
1040 2783 1127 2814 Mss.
1140 2786 1176 2814 et
1188 2781 1273 2813 editi
1289 2781 1446 2822 quidam:
1466 2780 1550 2816 Quia
1567 2782 1602 2811 de
