1966 3302
305 228 392 271 820
802 239 843 267 P.
874 237 1115 268 TEREN'rn
1151 238 1268 269 Arm

305 335 384 376 So.
418 335 495 376 Me
519 334 738 384 miseram,
767 347 867 388 quae
887 348 1021 386 nunc,
1053 336 1340 389 quamobrem
1361 347 1559 387 accuser,
1585 336 1760 378 nescio!

479 403 566 444 LA.
599 403 742 444 Hem!

303 465 374 512 Tu
395 471 573 512 nescis?
635 471 711 512 So.
745 469 862 520 Non,
882 470 945 511 ita
965 484 1032 511 me
1055 470 1113 511 Di
1133 471 1245 511 bene
1267 474 1431 521 ament,
1450 471 1511 512 mi
1533 471 1710 513 Laches
1730 473 1740 514 1

304 538 466 593 ltaque
497 552 586 580 una
615 539 727 580 inter
757 552 842 580 nos
873 552 1005 592 agere
1036 543 1210 580 aetatem
1238 539 1383 580 liceat.
1443 539 1530 580 LA.
1562 539 1623 580 Di
1643 540 1764 582 mala

476 606 740 660 prohibeant
758 606 766 646 !
1705 608 1762 649 10

303 675 382 716 So,
417 673 584 728 Meque
619 674 701 715 abs
737 678 779 715 te
813 673 1028 715 immerito
1049 687 1149 716 esse
1171 677 1447 724 accusatam,
1470 673 1759 728 postmodum

473 743 706 784 rescisces.
766 742 854 784 LA.
886 742 1006 784 Scio.

296 857 412 888 dubito.
439 857 497 889 So.
515 858 543 888 Ο
555 867 601 888 me
611 856 765 896 infelicem
775 855 790 887 l
804 865 871 895 quae
880 865 961 887 nunc
970 855 1090 896 ignoro,
1100 866 1161 896 qua
1171 857 1209 887 de
1224 865 1317 887 causa
1331 866 1412 887 nunc
1426 855 1559 888 maritus
1570 865 1617 888 me
1629 860 1762 889 accuset.

297 901 362 932 LA.
387 898 496 931 Hem!
517 905 551 932 tu
566 903 683 931 nescis?
717 900 775 931 So.
799 900 873 930 Non
886 899 1036 939 equidem,
1052 899 1098 930 ita
1112 899 1171 929 Dii
1187 899 1264 930 mihi
1278 899 1343 930 sint
1357 899 1501 940 propitii,
1517 900 1562 931 mi
1572 902 1760 941 conjuxmo-

296 943 400 983 bisque
412 945 576 974 concedant
587 953 647 974 una
659 943 756 974 vitam
766 945 877 974 ducere
887 942 1111 981 longissimam.
1137 943 1199 973 LA.
1213 942 1273 973 Dii
1283 942 1410 973 meliora
1421 942 1529 982 velint,
1542 945 1572 974 et
1582 946 1664 976 mala
1672 953 1760 974 aver-

296 990 377 1019 tant.
422 987 482 1019 So.
499 987 612 1028 Meque
628 987 711 1017 nullo
727 996 789 1017 meo
813 985 922 1017 merito
936 985 1064 1025 posthac
1081 995 1099 1015 α
1122 989 1152 1016 te
1167 988 1340 1016 accusatam
1356 995 1527 1025 cognosces.
1572 986 1638 1019 LA.
1663 987 1761 1018 Nullo

910 1072 948 1083 ee

294 1147 362 1170 non
379 1137 468 1169 belle
485 1136 702 1169 conveniunt.
733 1136 801 1168 Sed
819 1137 908 1168 aliud
927 1138 1073 1170 dederat
1090 1138 1236 1179 Auctor,
1253 1138 1298 1169 Εἰ
1312 1139 1396 1178 ludo,
1411 1137 1440 1169 si
1454 1139 1520 1169 ulla
1534 1137 1578 1169 sit
1593 1138 1762 1179 magistra,

293 1183 373 1214 hanc
387 1191 453 1213 esse
462 1181 543 1212 satis
557 1183 639 1212 certo
649 1182 723 1211 scio.
774 1182 827 1211 De
840 1180 917 1212 ludo
929 1182 1040 1213 nullus
1052 1181 1188 1213 dubitat
1200 1193 1209 1221 3
1234 1181 1276 1212 de
1289 1182 1454 1222 magistra
1466 1181 1644 1212 dubitandi
1658 1191 1760 1213 causa

294 1225 383 1256 bona
399 1229 495 1255 erat:
520 1233 561 1255 an
588 1224 745 1264 cuiqnam
770 1225 949 1264 Magistrae
975 1225 1217 1266 obtemperare
1243 1225 1395 1264 vellent;
1419 1234 1461 1256 an
1475 1222 1759 1266 omnesaequales

293 1278 370 1299 esse
387 1268 539 1306 mallent,
555 1271 614 1297 aut
630 1266 865 1308 πολυκοιρανίαν
878 1267 1110 1299 instituerent.
1135 1268 1233 1300 Bene.
1266 1277 1366 1309 quem
1384 1267 1538 1309 sequitur
1552 1267 1654 1299 Both.
1669 1271 1700 1299 et
1713 1267 1758 1299 ad

292 1311 396 1342 finem
412 1319 500 1341 vers.
517 1310 703 1350 praeeuntis
721 1316 774 1341 est
790 1311 823 1341 in
842 1311 1031 1351 Delph.-9
1057 1312 1131 1342 Non
1146 1321 1232 1342 unus
1249 1321 1268 1341 e
1285 1311 1396 1342 Boecl.
1413 1310 1564 1350 omittit;
1585 1310 1686 1348 alter,
1696 1321 1759 1342 non

293 1358 443 1392 servato,
459 1353 534 1385 bene
550 1353 697 1392 omittit;
716 1352 901 1394 Argentor.
917 1352 979 1384 non
993 1354 1041 1385 z'ta
1057 1355 1100 1385 mz'
1115 1354 1161 1385 dii
1173 1357 1275 1385 ament
1288 1354 1424 1385 Laches.-
1442 1354 1495 1384 ‘in
1509 1353 1662 1385 omnibus
1674 1354 1759 1386 Mss.

292 1407 360 1429 non
378 1400 557 1438 comparet
572 1406 645 1435 non,
659 1406 849 1438 quanquam
867 1398 939 1427 sine
956 1398 1054 1428 metri
1078 1398 1201 1428 damno
1227 1397 1346 1428 abesse
1371 1396 1514 1438 nequit.’
1539 1396 1642 1428 West.
1676 1396 1758 1428 Non

291 1440 366 1472 fere
382 1440 534 1471 invenias
551 1439 685 1476 librum,
704 1440 737 1470 in
755 1450 821 1481 quo
838 1440 882 1471 sit
899 1440 996 1476 bene;
1029 1440 1088 1471 sed
1107 1450 1170 1472 nec
1195 1438 1285 1472 Don.
1304 1450 1377 1471 eam
1403 1440 1519 1476 habet,
1547 1449 1615 1480 qua
1642 1439 1758 1471 demta

291 1483 468 1525 oportebit
482 1487 674 1514 sustentare
692 1493 836 1520 versum,
853 1484 909 1524 qui
927 1488 979 1514 est
992 1483 1154 1520 senarius,
1168 1485 1221 1514 vel
1236 1483 1449 1524 applicando·
1461 1483 1491 1514 ei
1507 1482 1661 1514 ultimam
1679 1492 1756 1524 par—

293 1527 431 1558 ticulam
450 1535 566 1557 versus
584 1525 824 1566 praecedentis,
839 1528 891 1557 vel
909 1526 1131 1566 producendo
1146 1527 1370 1566 posteriorem
1387 1526 1549 1567 syllabam
1564 1526 1598 1556 in
1611 1525 1670 1556 ita.
1695 1526 1756 1558 Fa.

293 1571 348 1602 Me
362 1570 517 1608 miseram,
544 1579 612 1610 (μα’
639 1579 729 1610 nunc,
755 1569 953 1610 quamobrem
973 1579 1107 1608 accuser,
1123 1570 1236 1601 nescio.
1282 1569 1380 1606 Hem,
1401 1570 1448 1600 Tu
1463 1568 1582 1600 nescis?
1607 1569 1693 1604 Non,
1710 1568 1758 1600 ita

289 1624 337 1645 me
353 1614 515 1649 diament,
531 1613 575 1643 mz'
591 1612 722 1644 Laches.
766 1612 823 1644 Sic
851 1622 968 1644 versus
995 1613 1175 1644 constituit
1201 1613 1259 1644 Fa.
1285 1621 1427 1653 quorum
1452 1611 1633 1652 posteriori
1657 1611 1757 1643 deest

291 1656 441 1697 syllaba;
479 1665 578 1697 quam
595 1655 724 1686 frustra
749 1655 805 1687 ille
834 1666 976 1697 pensare
994 1656 1121 1692 studet,
1141 1657 1193 1687 vel
1218 1655 1422 1696 applicando
1438 1655 1494 1686 vel
1519 1654 1755 1695 producendo.

291 1699 362 1730 Cur
377 1705 490 1731 autem
509 1699 630 1730 senarii
647 1698 680 1729 hi
704 1699 793 1730 inter
811 1699 1023 1740 septenarios
1039 1700 1194 1738 veniunt,
1210 1700 1303 1730 nulla
1319 1698 1362 1730 de
1378 1707 1493 1737 causa,
1517 1707 1592 1730 cum
1608 1701 1755 1729 metrum

292 1752 359 1773 non
376 1747 495 1783 postea
511 1742 733 1773 immutetur?
757 1743 913 1783 Repone,
929 1743 986 1773 Me
1002 1742 1146 1774 miseram
1161 1752 1229 1783 quoe
1245 1752 1326 1773 nunc
1342 1741 1536 1783 quamobrem
1551 1750 1688 1780 accuser,
1701 1750 1754 1772 ne-

288 1786 362 1817 scio.
408 1786 471 1816 LA.
498 1785 593 1824 Hem,
609 1788 643 1816 tu
658 1785 802 1816 nescias?
844 1786 904 1818 So.
928 1786 982 1816 Ita
996 1796 1043 1816 me
1058 1786 1092 1816 di
1112 1787 1185 1817 bene
1200 1788 1314 1820 ament,
1331 1785 1374 1816 mi
1388 1784 1517 1815 Laches.
1563 1784 1626 1815 Est
1641 1787 1755 1823 septe-

288 1829 402 1860 narius
419 1839 494 1860 cum
519 1829 689 1866 clausula3
714 1834 751 1859 ut
769 1829 905 1869 passim.
951 1829 1084 1860 Nescius
1100 1830 1188 1869 lego,
1203 1838 1264 1869 pro
1282 1828 1407 1858 Nescis.
1454 1827 1600 1867 Semper
1615 1826 1754 1858 enimin

288 1872 497 1913 repetitione
514 1880 556 1902 ex
572 1871 767 1902 Indicativo
781 1871 1043 1912 Subjnnctivum
1060 1871 1202 1903 faciunt.
1258 1871 1348 1902 Illud
1363 1875 1476 1901 autem
1494 1870 1567 1900 Non
1584 1874 1718 1910 septem
1734 1877 1754 1901 e

288 1917 413 1947 nostris
429 1915 613 1946 omittunt:
639 1914 713 1945 bene
736 1919 805 1945 tres
820 1919 950 1945 tantum
966 1915 1106 1946 habent.
1155 1914 1320 1945 Nimirum
1338 1914 1418 1944 olim
1435 1914 1524 1944 inter
1541 1917 1754 1944 correctores

287 1959 342 1990 liic
359 1958 466 1990 factio
482 1962 569 1989 erat.
616 1958 684 1990 Qui
706 1958 779 1988 Non
805 1957 837 1988 in
866 1962 998 1989 textum
1026 1958 1235 1997 asciverunt,
1256 1956 1403 1997 jubente
1433 1956 1507 1996 ipso
1525 1965 1624 1986 versu
1642 1955 1753 1996 ejece-

288 2006 368 2033 runt
385 2002 476 2033 bene:
501 2004 621 2032 contra
639 2000 761 2042 quibus
781 2001 855 2032 Non
872 2001 1089 2042 displicebat,
1106 2009 1222 2032 versus
1240 2000 1351 2040 gratia
1369 2003 1574 2039 receperunt
1588 1998 1670 2030 bene.
1696 1998 1752 2030 In-

289 2049 343 2076 ter
370 2045 499 2086 priores
517 2044 676 2075 Donatus
694 2047 790 2075 erat:
826 2048 835 2061 ‘
854 2044 948 2075 Non.-
972 2044 1020 2075 ita
1035 2054 1082 2075 me
1103 2044 1136 2074 cli
1160 2043 1279 2083 ament]
1303 2040 1682 2078 Animadvertendum:
1705 2042 1755 2072 in-

287 2088 376 2129 quit,
398 2088 407 2105 ‘
426 2093 560 2119 veteres
577 2097 643 2118 non
659 2087 767 2117 minus
784 2086 975 2126 εὐφημισμὸν
999 2088 1031 2117 in
1056 2087 1180 2127 verbis,
1196 2096 1298 2127 qnam
1327 2083 1506 2125 κακόφατον
1532 2084 1752 2123 neglexisse.’

287 2131 365 2162 Hoc
382 2130 459 2162 ideo
476 2133 631 2169 annotat,
646 2129 725 2171 quia
744 2129 893 2171 junctim
922 2130 995 2170 quis
1020 2128 1144 2160 efferre
1163 2129 1282 2170 possit,
1304 2128 1313 2145 ‘
1333 2130 1408 2161 Non
1425 2129 1474 2159 ita
1491 2137 1543 2158 me
1560 2128 1594 2158 di
1611 2127 1752 2159 ament.'

286 2174 355 2205 Sed
372 2175 399 2205 si
417 2175 490 2206 Non
505 2173 571 2204 huc
584 2173 724 2204 inducas
739 2186 747 2212 3
769 2173 872 2203 etiam
889 2173 979 2204 aliud
996 2173 1172 2211 neglexerit
1184 2171 1383 2203 Terentius.
1429 2171 1498 2205 Qui
1516 2171 1604 2201 enim
1621 2170 1662 2201 ad
1680 2175 1688 2188 ⁴
1701 2171 1752 2201 Tu

287 2216 442 2249 nescias’
472 2216 657 2256 respondet
680 2219 688 2233 ‘
707 2215 809 2251 Non,'
832 2215 921 2247 idem
950 2216 1035 2247 dicit
1060 2215 1149 2256 quod
1174 2215 1183 2232 ί
1201 2214 1304 2246 Scio.’
1337 2215 1436 2246 Bent.
1473 2223 1573 2254 quem
1599 2213 1752 2254 sequitur

285 2260 389 2292 Both.
404 2260 413 2277 ‘
426 2259 490 2290 Be.
504 2259 634 2290 delenti
647 2269 708 2290 non
725 2259 903 2290 assentior.
928 2259 1019 2290 Nam
1037 2258 1225 2299 responsio,
1241 2268 1314 2298 quoe
1333 2267 1394 2298 pei·
1409 2256 1496 2287 ‘non’
1513 2255 1688 2296 efferatur,
1701 2256 1752 2287 in-

287 2303 509 2344 terrogationi
532 2302 541 2318 ‘
560 2306 596 2333 tn
613 2302 747 2341 nescis,'
765 2302 885 2333 Latine
910 2311 978 2332 non
1005 2305 1183 2342 congruet.
1229 2300 1345 2341 Atque
1362 2300 1436 2331 We.
1451 2309 1512 2330 non
1528 2300 1562 2330 in
1580 2299 1646 2329 suis
1662 2299 1748 2331 Mss-

286 2355 352 2377 non
369 2345 476 2377 vidit!
500 2345 589 2376 Perl.
634 2345 722 2376 Bene
738 2345 868 2376 omittit
884 2345 942 2376 Br.
987 2344 996 2362 ‘
1010 2345 1063 2376 Ita
1078 2354 1125 2375 me
1143 2345 1190 2375 Di
1206 2344 1279 2374 bene
1294 2346 1397 2374 ament
1411 2343 1426 2374 ,Ι
1449 2342 1492 2373 mi
1507 2341 1641 2382 Laches]
1664 2342 1750 2374 Ha’c

286 2389 411 2420 absunt
427 2399 445 2419 a
461 2389 516 2419 Tr.
542 2388 692 2419 Faernus
710 2393 825 2419 autem
843 2387 942 2427 dicit,
960 2397 1025 2419 non
1043 2386 1115 2418 fere
1133 2387 1274 2417 inveniri
1292 2386 1426 2422 librum,
1443 2385 1477 2416 in
1500 2394 1566 2426 quo
1582 2385 1626 2415 sit
1642 2385 1749 2416 dictio

286 2432 383 2468 bene‚·
406 2431 466 2462 sed
481 2440 543 2462 nec
563 2432 736 2462 Donatum
753 2440 826 2461 eam
843 2430 981 2461 habere.
1027 2431 1091 2461 Est
1107 2435 1220 2461 antem
1238 2430 1270 2460 in
1289 2429 1336 2460 M.
1352 2428 1411 2459 sed
1428 2433 1465 2459 et
1482 2428 1596 2467 reperi
1612 2428 1644 2458 in
1663 2427 1748 2459 Hul.

288 2474 377 2506 unde
394 2478 431 2506 et
446 2474 628 2506 ediderunt
644 2473 764 2512 Aldus,
780 2474 829 2505 St.
857 2474 982 2514 aliique
1010 2478 1113 2504 aetate
1135 2470 1325 2513 suppares.'
1365 2471 1554 2503 W‘est.—10
1576 2471 1680 2510 Atque
1701 2470 1750 2502 ita

287 2517 405 2549 Guelf.
421 2520 452 2549 3.
470 2527 531 2558 pro
546 2527 607 2548 una
625 2517 684 2548 Br.
701 2517 842 2548 exhibet
856 2526 926 2547 var.
943 2517 1020 2548 lect.
1037 2516 1210 2547 hana—ll
1229 2516 1306 2546 Esse
1323 2514 1418 2545 deest
1436 2515 1469 2545 in
1486 2513 1639 2544 omnibus
1655 2513 1746 2553 apud

287 2560 394 2591 Boecl.
416 2560 524 2591 ‘Libri
539 2560 676 2601 quidam
691 2561 850 2600 postmodo
867 2559 1080 2600 praeferunt.'
1097 2559 1194 2590 West.
1229 2558 1326 2588 Beni.
1342 2560 1411 2598 post
1424 2557 1511 2588 modo
1527 2556 1645 2594 habet,
1661 2560 1697 2587 nt
1711 2561 1748 2588 et

286 2604 396 2643 exigit
411 2613 546 2642 versus;
570 2603 603 2634 in
621 2613 687 2644 quo
702 2607 862 2643 correpta
878 2607 1033 2633 extrema
1048 2602 1145 2642 liujus
1162 2600 1322 2632 dictionis
1337 2599 1482 2640 syllaba,
1495 2604 1533 2630 ut
1549 2599 1640 2640 apud
1662 2598 1747 2641 Ovi-

286 2646 391 2684 dium,
411 2649 420 2662 ⁴
438 2646 524 2677 Post
542 2646 640 2677 modo
658 2647 685 2677 si
700 2655 822 2686 perges
836 2646 858 2676 :'
893 2650 946 2676 est
973 2650 1168 2687 anapaestus
1185 2645 1218 2675 in
1236 2649 1344 2675 sexta.
1378 2643 1438 2674 Fa.
1493 2642 1611 2673 Nostri
1628 2651 1746 2673 omnes

287 2689 447 2720 mendose
461 2691 664 2729 postmodum.
711 2689 779 2720 Sed
798 2688 887 2719 aliud
904 2693 1045 2729 specta:
1070 2697 1230 2729 quorsum
1257 2687 1410 2727 pertinet
1437 2684 1520 2716 illud
1542 2684 1639 2716 Scio?
1674 2684 1746 2716 Aut

288 2732 456 2773 quomodo
472 2733 560 2762 irato
577 2733 648 2762 seni
665 2732 848 2762 convenit?
873 2732 947 2772 quis
963 2742 1029 2762 non
1048 2731 1163 2762 videat
1186 2732 1194 2747 ‘
1212 2731 1259 2761 Te
1278 2728 1466 2760 immerito'
1487 2728 1677 2759 orationem
1694 2728 1745 2759 in·

285 2775 409 2806 clioare
423 2775 434 2804 ?
473 2775 625 2814 Repone,
644 2779 680 2804 ut
694 2775 855 2806 Sostratae
872 2775 935 2805 lioc
952 2775 1066 2813 detur,
1084 2775 1197 2814 Meque
1212 2773 1267 2803 abs
1284 2775 1313 2803 te
1328 2771 1475 2803 inmerito
1491 2780 1555 2802 esse
1570 2773 1744 2802 accusatam

285 2819 444 2857 postmodo
459 2817 616 2853 rescisces,
630 2818 703 2848 scio.
750 2822 757 2834 ‘
774 2817 873 2848 Scio'
898 2827 974 2850 cum
1001 2817 1196 2848 Indicativo
1221 2820 1398 2857 sequente,
1415 2819 1451 2845 ut
1470 2813 1616 2854 passim:
1643 2813 1744 2845 Adel.

287 2871 337 2892 iv.
357 2864 384 2891 1.
402 2864 452 2891 10.
473 2860 568 2892 ‘Jam
586 2861 650 2891 hnc
665 2865 831 2899 recurret,
849 2865 901 2891 sat
917 2860 1011 2892 scio.²
1051 2860 1147 2891 Bent.
1165 2869 1263 2900 quem
1282 2857 1434 2899 sequitur
1448 2857 1549 2889 Both.
1569 2856 1742 2898 improbat
