1966 3302
339 229 452 270 1014-
832 236 872 268 e.
903 237 1144 268 TERENrn
1179 237 1296 269 Arm

340 335 402 377 Ut
422 335 565 390 possis
586 346 686 375 cum
705 333 780 375 illa
797 346 809 385 3
838 346 890 374 ne
911 336 955 374 te
977 334 1238 376 adolescens
1260 335 1418 376 mulier
1438 335 1662 391 defatiget.

339 404 470 446 NAU.
506 402 705 451 Faciam,
728 405 780 442 ut
795 401 955 456 jubes:
988 402 1066 443 sed
1088 416 1232 444 meum
1254 403 1395 445 virum
1415 404 1497 445 abs
1527 408 1570 446 te
1589 406 1711 446 exire
1731 404 1794 447 vi-

510 469 608 511 deo.
667 469 827 511 CHRE.
860 469 1009 511 Hem!
1042 470 1282 525 Demipho,

338 539 367 581 J
371 552 440 580 am
460 538 524 579 illi
546 537 697 579 datum
718 543 786 579 est
806 539 1065 591 argentum?
1128 540 1219 581 DE.
1252 538 1415 583 Curavi
1435 540 1571 583 illico.
1631 539 1805 582 CHRE..

514 605 693 647 Nollem
714 606 883 647 datum.

341 675 459 718 Hei!
510 673 639 715 video
660 687 867 715 uxorem:
901 687 1029 728 paene
1050 673 1151 728 plus
1173 688 1306 730 quam
1328 680 1400 717 sat
1420 680 1525 718 erat.
1585 676 1679 719 DE.
1710 675 1801 718 Cur

511 742 662 792 nolles,
685 741 871 783 Chreme
887 743 904 783 2

342 808 501 852 cium.
532 808 561 850 J
566 822 637 850 am
657 814 790 851 recte.
851 810 941 851 DE.
965 809 1085 861 Quid
1106 811 1184 852 tu?
1205 810 1369 865 ecquid
1389 811 1569 853 locutus
1591 824 1693 853 cum
1713 810 1802 853 ista

512 891 576 928 es,
599 879 886 932 quamobrem
910 878 1024 920 hanc
1045 879 1282 920 ducimus?
1745 880 1802 920 15

343 947 501 989 CHRE.
535 946 762 1001 Transegi.
824 947 917 989 DE.
940 946 1065 997 Quid
1085 947 1148 988 ait
1169 947 1379 989 tandem?
1438 946 1600 990 CHRE.
1622 945 1803 989 Abduci

519 1027 607 1056 non
627 1019 785 1068 potest.
845 1015 937 1057 DE.
971 1015 1080 1066 Qui,
1100 1028 1188 1056 non
1208 1017 1388 1070 potest?

345 1163 488 1198 Quanam
511 1160 654 1194 ratione?
699 1163 770 1194 DE.
798 1162 895 1194 Parce
926 1162 998 1200 libi,
1020 1173 1134 1203 quaeso,
1162 1166 1192 1194 et
1214 1163 1334 1194 consule
1356 1161 1476 1195 viribus
1498 1161 1574 1198 tuis,
1598 1163 1633 1192 ut
1656 1170 1724 1192 cum
1748 1159 1806 1192 hac

344 1206 468 1237 Phanio
482 1207 584 1238 valeas
600 1207 695 1247 loqui,
710 1216 747 1237 ne
759 1205 895 1237 vincaris
906 1206 1026 1244 defessa
1041 1217 1060 1237 α
1067 1207 1181 1245 juvene
1197 1207 1335 1238 muliere.
1370 1206 1466 1238 NAU.
1491 1204 1620 1237 Faciam
1633 1207 1668 1235 ut
1682 1213 1785 1235 mones
1795 1213 1807 1234 .·

342 1250 396 1280 sed
411 1259 509 1280 meum
523 1249 625 1281 virum
649 1250 842 1281 Chremetem
859 1249 948 1280 video
972 1250 1082 1288 egredi
1105 1249 1221 1280 aedibus
1236 1249 1311 1280 tuis.
1356 1249 1424 1280 CH.
1449 1248 1545 1287 Hem,
1562 1247 1730 1288 Demipho,
1735 1246 1807 1286 jam

343 1296 507 1331 argentum
537 1296 732 1324 numeratum
761 1295 807 1324 est
831 1292 1037 1324 Phormioni?
1081 1292 1147 1323 DE.
1175 1292 1292 1323 Curavi
1314 1291 1474 1330 confestim
1495 1292 1544 1322 illi
1571 1291 1807 1322 numerandum.

345 1336 414 1367 CH.
440 1336 561 1367 Nollem
576 1335 767 1374 hocfactum.
793 1336 873 1376 Hei,
893 1335 1047 1376 conspicio
1063 1345 1202 1367 uxorem.
1228 1335 1315 1367 Pene
1327 1336 1429 1376 plura,
1439 1345 1530 1376 quam
1543 1344 1613 1375 quae
1627 1344 1702 1374 opus
1716 1335 1807 1364 erant

343 1379 462 1410 locutus
476 1388 552 1410 sum.
593 1379 658 1410 DE.
683 1380 750 1411 Cur
764 1380 859 1410 nolles
870 1380 979 1410 datum
993 1382 1168 1418 argentum,
1188 1379 1340 1410 Chreme?
1378 1378 1447 1410 Cn.
1471 1377 1625 1409 Minime:
1640 1376 1711 1415 jam
1726 1379 1808 1407 recle

337 1421 473 1459 factum.
517 1423 586 1453 DE.
614 1422 699 1458 Quid
715 1425 749 1454 tu
771 1422 865 1461 egisti
880 1423 961 1462 apud
977 1421 1070 1452 istam
1077 1420 1262 1460 foemz'nam?
1283 1421 1391 1462 ecquid
1405 1421 1519 1453 dixisti
1532 1429 1666 1457 causam,
1680 1421 1809 1460 propter

344 1474 446 1504 quam,
461 1465 539 1496 hanc
554 1466 641 1496 domo
657 1469 762 1497 nostra
777 1465 906 1503 ejectam
921 1466 959 1496 ad
977 1465 1194 1496 Phormionem
1209 1464 1370 1496 ducimus?
1408 1465 1478 1497 CH.
1496 1464 1568 1495 Hoc
1583 1462 1710 1504 perfeci.
1735 1462 1807 1492 DE.

349 1508 434 1542 Quid
449 1508 526 1539 dicit
549 1509 695 1540 tandem?
740 1509 807 1541 CH.
831 1508 954 1540 Abduci
969 1508 1006 1539 ab
1023 1507 1203 1549 Antiphone
1218 1518 1279 1539 non
1301 1510 1417 1549 potest.
1459 1508 1530 1539 DE.
1556 1507 1662 1542 Quare
1676 1515 1737 1537 non
1752 1514 1808 1545 po-

961 1614 1197 1626 eeeeeeeeeeee

350 1708 443 1739 Peri.
461 1717 538 1739 cum
557 1707 693 1739 Ruhnk.
718 1708 759 1738 ad
775 1707 881 1740 Rutu.
899 1706 986 1748 Lup.
1004 1716 1046 1739 11.
1063 1718 1097 1748 p.
1115 1709 1255 1738 94.-10
1281 1704 1484 1737 Ostenderem
1497 1711 1555 1743 ego
1567 1700 1673 1734 Both.
1695 1701 1812 1740 Parce,

348 1749 451 1791 sodes]
487 1751 611 1782 Nescio
635 1750 716 1792 quid
744 1760 890 1791 nuperos
918 1750 1082 1791 quosdam
1101 1750 1251 1782 editores
1266 1748 1423 1788 moverit,
1440 1750 1478 1778 ut
1492 1746 1568 1777 haec
1585 1745 1689 1776 verba
1705 1744 1810 1775 Chre-

349 1794 432 1825 meli
451 1794 662 1834 tribuerent3
686 1804 762 1835 quae
780 1794 814 1824 in
831 1794 917 1825 Mss.
935 1793 1054 1825 Leidd.
1071 1794 1232 1835 quinque,
1256 1792 1307 1824 M.
1335 1791 1429 1831 Lips.
1453 1790 1511 1822 Tr.
1528 1789 1572 1820 G.
1588 1788 1671 1819 Wit.
1687 1786 1810 1818 Boend.

350 1836 408 1868 sed
426 1843 461 1868 et
478 1838 511 1874 in
534 1837 738 1868 editionibus
755 1837 952 1877 Juntarum,
970 1835 1064 1876 Anii,
1081 1837 1167 1868 Rob.
1184 1835 1363 1876 stephani,
1382 1832 1553 1871 Frobenii,
1570 1836 1605 1862 et
1631 1830 1682 1861 his
1704 1830 1812 1861 multo

351 1880 614 1920 antiquioribus,
632 1879 742 1911 Aaou.
757 1880 884 1911 Venet.
901 1880 1006 1911 Tarv.
1023 1881 1095 1911 aliis
1108 1879 1314 1920 Demiphoni
1331 1881 1425 1909 recte
1443 1875 1660 1911 tribuuntur3
1681 1878 1714 1903 et
1732 1882 1810 1914 quae

352 1933 414 1954 nee
431 1923 665 1964 Interpretum
681 1924 872 1965 quisquam,
887 1922 976 1964 quod
994 1923 1111 1963 sciam,
1129 1923 1228 1954 aliter
1253 1931 1288 1952 se
1314 1919 1481 1961 reperisse
1498 1917 1596 1949 dicit.
1623 1917 1808 1950 West,.--ll

351 1967 396 1999 Et
413 1967 468 1997 bic
486 1976 599 1997 versus
615 1966 696 1997 vitio
713 1966 866 2005 laborat;
891 1966 955 1996 nisi
970 1966 1147 1997 adulescens
1164 1964 1297 1996 tertiam
1315 1963 1491 2003 corripere
1507 1960 1625 2002 possit.
1638 1958 1812 2009 ‘Repouffi

356 2009 401 2040 Ut
422 2010 520 2050 possis
534 2019 602 2040 cum
623 2010 699 2046 illa;
720 2019 759 2040 ne
774 2010 949 2040 adulescens
963 2009 1075 2039 mulier
1091 2013 1120 2040 te
1136 2007 1269 2047 fatiget.
1293 2007 1395 2037 Rent.
1420 2013 1519 2046 quem
1551 2006 1706 2044 sequitur
1729 2001 1811 2050 Bip.

351 2053 360 2069 ⁸
376 2053 472 2083 Bona
489 2062 566 2093 pars
584 2052 669 2083 Mss.
689 2057 724 2083 et
740 2051 821 2083 edd.
838 2057 916 2092 post
933 2052 1007 2083 ΕΡ.
1031 2052 1193 2091 defetigel,
1210 2049 1311 2092 pauci
1327 2046 1507 2087 adsaliget.'
1529 2046 1639 2077 west.
1685 2044 1812 2082 Defetz-

349 2099 403 2135 get
421 2096 530 2127 Zeun.
546 2096 650 2127 Both.
674 2095 683 2112 ‘
702 2100 785 2127 vett.
801 2094 882 2125 libb.
898 2094 1076 2134 adfetiget.'
1101 2094 1285 2125 Lind.-12
1299 2093 1308 2109 ‘
1324 2090 1467 2130 Faciam]
1491 2089 1560 2121 Hic
1577 2098 1673 2119 novae
1691 2087 1812 2136 Scenae

351 2139 484 2170 initium
501 2144 553 2170 est
567 2139 599 2170 in
614 2137 711 2170 Wit.'
737 2138 833 2169 West.
858 2143 894 2168 at
910 2138 989 2178 Bip.
1017 2137 1060 2169 ad
1086 2137 1182 2175 Hem,
1204 2138 1213 2153 ‘
1227 2136 1319 2168 Hinc
1337 2144 1433 2166 novae
1449 2142 1560 2164 scenae
1578 2131 1711 2179 initium
1728 2128 1816 2179 faci-

353 2191 426 2212 mus
441 2181 461 2212 :’
486 2186 522 2213 et
536 2182 584 2213 sic
603 2181 705 2213 Both.
741 2182 794 2212 Ex
810 2184 841 2212 te
863 2179 980 2212 Guelf.
1001 2183 1118 2212 3.—-13
1144 2181 1230 2211 Num
1248 2188 1307 2220 pro
1322 2177 1393 2216 jam
1409 2175 1526 2209 Gueif.
1544 2178 1573 2206 l.
1608 2174 1683 2205 Ilico
1705 2182 1816 2203 curavi

353 2224 470 2257 Guelf.
487 2227 618 2256 3.-13.
637 2227 675 2255 14
699 2225 758 2256 Br.
776 2225 883 2255 datum
899 2224 928 2255 ei
948 2223 952 2266 Ι
979 2224 1172 2256 Video.-l5
1201 2222 1285 2259 Quin
1296 2220 1346 2261 tu]
1363 2220 1457 2252 Alias
1474 2217 1570 2255 Quid.
1587 2218 1734 2266 EF·-¹⁶
1748 2215 1816 2247 Ab-

354 2268 441 2308 duci]
465 2268 520 2299 Ita
537 2267 628 2299 edidi
654 2277 697 2298 ex
721 2268 806 2298 Mss.
829 2267 950 2299 Leidd.
968 2268 1129 2309 quinque,
1146 2267 1203 2297 Tr.
1225 2265 1273 2297 M.
1290 2265 1370 2296 Wit.
1388 2262 1512 2294 Boend.
1529 2261 1572 2292 G.
1590 2261 1681 2299 Lips.
1698 2258 1759 2307 sed
1778 2263 1815 2290 et

355 2311 456 2342 editis
473 2310 778 2352 praestantissimis.
823 2311 864 2342 In
881 2310 955 2341 aliis
972 2315 1037 2350 est,
1049 2309 1185 2342 Adduci.
1230 2306 1411 2341 Quomodo
1423 2304 1600 2346 scripsisse
1610 2303 1814 2334 Terentium

356 2354 531 2394 probabile
547 2359 633 2394 erat,
650 2354 678 2384 si
694 2353 850 2394 Antipho
865 2353 958 2384 cordi
975 2357 1106 2384 tantum
1123 2352 1245 2383 fuisset
1261 2350 1403 2383 Phanio.
1449 2349 1551 2380 Nunc
1575 2346 1653 2388 quia
1668 2349 1814 2394 uterque

359 2397 495 2438 utrique
512 2397 606 2428 cordi
624 2401 710 2438 erat,
734 2397 899 2428 Phanium
915 2396 1038 2428 Abduci
1054 2406 1119 2427 non
1137 2395 1262 2436 potuit,
1278 2394 1351 2425 sub.
1369 2392 1507 2431 marito,
1522 2390 1590 2429 vel,
1605 2399 1647 2438 ex
1671 2387 1815 2419 aedibus.

364 2440 460 2472 West.
517 2441 593 2481 Qui,
606 2450 667 2471 non
687 2439 803 2480 potest]
841 2440 898 2471 Ita
921 2440 1006 2471 Mss.
1033 2439 1156 2471 Leidd.
1183 2442 1338 2479 quatuor,
1351 2436 1430 2467 Wit.
1447 2434 1492 2466 G.
1510 2433 1562 2464 M.
1581 2433 1676 2472 Lips.
1693 2429 1815 2477 Boend.

359 2483 425 2514 Sed
439 2487 473 2514 et
490 2483 574 2514 editi
593 2483 879 2524 praestantissimi.
923 2483 965 2514 In
983 2483 1057 2514 aliis
1073 2487 1136 2520 est,
1164 2481 1272 2517 Quid?
1293 2490 1352 2511 non
1367 2481 1489 2519 potest?
1512 2477 1614 2524 prius
1626 2473 1741 2506 iaudat
1757 2472 1814 2503 Ri-

361 2525 447 2563 vius,
464 2531 584 2566 utpote
599 2536 763 2566 responso
780 2526 899 2557 melius
916 2526 1099 2557 cohaerens.
1128 2525 1230 2557 West.
1289 2523 1352 2558 Qui
1374 2531 1435 2553 non
1457 2521 1556 2551 Bem.
1572 2519 1667 2549 Vict.
1683 2517 1762 2547 Bas.
1780 2520 1816 2546 et

362 2571 517 2611 plerique
535 2570 625 2610 apud
642 2570 745 2601 Bent.
791 2570 800 2586 ⁴
815 2570 922 2605 Quid?
944 2579 1004 2600 non
1020 2570 1065 2600 V.
1082 2570 1133 2600 C.’
1156 2567 1251 2598 Lind.
1299 2566 1383 2602 Quid
1408 2574 1468 2595 non
1489 2564 1592 2605 potest
1613 2557 1728 2592 Gueif.
1741 2560 1816 2590 1.-

1015 2677 1047 2709 Ν
1053 2677 1155 2709 0Τέὶέ

404 2767 442 2795 10
468 2764 536 2802 Ego
552 2763 757 2803 ostenderem]
776 2762 1057 2795 Connectendum
1111 2764 1226 2802 pacto,-
1252 2765 1322 2792 tum
1339 2757 1578 2800 supplendum,
1594 2764 1643 2787 res
1665 2763 1748 2786 meas
1761 2754 1817 2785 ad-

361 2815 450 2847 istud
469 2818 521 2845 est
538 2823 613 2844 cum
632 2821 671 2843 eo
695 2814 783 2855 quod
803 2814 967 2856 sequitur,
1001 2825 1059 2854 '1¹1⁰
1114 2815 1295 2845 ministrare
1312 2812 1417 2844 sciam.
