1966 3302
501 202 918 237 HEAu'rouvmoR.
948 202 1058 233 AcT.
1079 202 1124 231 v.
1156 201 1224 232 sc.
1258 202 1313 231 11.
1540 189 1627 232 655

176 305 231 353 In
250 306 438 347 mentem
457 302 599 344 venit:
629 313 821 354 namque
836 299 1110 348 adolescens,
1134 310 1270 351 quam
1289 295 1467 337 minima
1486 295 1531 337 in
1549 309 1630 350 spe

350 373 459 413 situs
483 370 578 420 erit,

175 441 290 483 Tam
308 439 518 481 facillime
538 438 676 491 patris
698 449 852 491 pacem
874 436 918 476 in
938 435 1061 487 leges
1085 433 1288 476 conficiet
1310 444 1429 472 suas.
1574 431 1632 471 45

177 508 323 550 Etiam
338 506 452 549 haud
472 505 582 556 scio,
605 518 659 546 an
675 516 858 544 uxorem
879 502 1037 554 ducat3
1070 515 1124 543 ac
1145 501 1256 554 Syro
1277 498 1382 540 nihil
1403 497 1573 551 gratiae.

176 636 219 667 lis
233 637 384 667 commode
404 635 469 666 haec
492 633 640 672 cogitatio
662 635 794 663 mentem
809 630 916 668 subiit,
939 627 1074 670 mihique
1100 629 1189 659 valde
1216 627 1302 658 istud
1327 624 1489 657 consilium
1510 626 1608 664 placet
1621 634 1634 660 ;

177 679 436 719 namquejavenis
449 680 564 718 quanto
584 676 682 707 minus
700 674 765 714 spei
778 685 809 705 se
825 673 934 704 habere
950 672 1118 705 simulabit,
1136 671 1210 708 fore
1225 674 1259 702 ut
1273 679 1329 710 pro
1337 668 1410 709 filio
1426 667 1613 698 admittatur
1621 676 1634 702 ;

178 725 264 752 tanto
269 722 400 760 fac-ilius
414 730 516 761 pacem
530 719 625 750 inibit
639 728 706 749 cum
722 718 796 748 bono
810 720 900 756 patre
914 715 963 746 his
979 714 1204 746 conditionibus
1219 722 1293 753 quas
1306 713 1380 743 dure
1395 710 1525 741 voluerit
1533 710 1634 752 filius.

177 765 221 796 Et
229 765 367 803 sortasse
381 763 539 803 continget
552 765 587 793 ut
604 761 739 802 Clitipho
753 769 880 792 uxorem
894 760 986 790 ducat
999 769 1010 796 ‚·
1034 757 1114 789 nihil
1129 761 1230 788 tumen
1243 755 1363 796 gratia>
1378 754 1527 785 habeatur
1542 752 1634 794 Syro.

785 854 964 866 omem-e
967 853 1006 864 ee

178 934 258 975 Bip.
289 944 412 966 novam
437 933 582 965 Seenam
607 931 872 972 incipiunt.--44
896 930 956 961 Fa.
972 938 1035 970 ope
1064 927 1199 960 Codicis
1231 925 1392 958 Bembini
1418 924 1524 965 legit:
1551 924 1636 955 Nam

178 987 269 1018 quam
283 978 456 1009 adolescens
470 976 602 1007 maxime
616 985 669 1016 spe
684 975 762 1006 silus
778 974 850 1006 erit.
888 973 1071 1013 Explicans
1087 971 1125 1003 τὸ
1139 971 1229 1010 situs,
1246 970 1428 1001 derelictus
1441 979 1449 1006 3
1476 967 1635 998 laudante

178 1021 304 1061 Pareo,
328 1025 363 1052 et
379 1021 421 1051 P.
436 1019 601 1050 victorio.
647 1018 737 1058 Gny.
752 1019 799 1049 ita
816 1022 930 1048 servat
945 1016 1141 1053 lectionem,
1157 1020 1193 1045 ut
1209 1019 1320 1045 tamen
1338 1012 1431 1043 malit
1449 1011 1542 1048 citus,
1559 1011 1590 1041 h.
1604 1020 1634 1042 e.

178 1069 308 1095 motus:
334 1073 449 1094 verum
479 1066 636 1093 neutrum
662 1062 751 1101 sapit
776 1060 909 1100 genium
933 1059 1060 1091 Comici
1088 1058 1205 1088 nostri.
1240 1056 1341 1088 W'est.
1389 1055 1530 1094 Namque
1559 1054 1636 1084 adu·

179 1108 292 1138 lacem
316 1116 405 1147 quam
428 1105 563 1137 maxime
583 1105 617 1135 in
637 1114 689 1144 spe
712 1104 791 1134 situs
818 1103 891 1134 erit.
939 1102 1042 1133 Hunc
1060 1110 1194 1132 versum
1222 1100 1325 1130 habet
1349 1103 1531 1128 contextus
1557 1096 1637 1127 libri

180 1150 339 1181 Bembini
356 1150 429 1180 sine
445 1149 596 1180 dictione
611 1157 724 1187 quam3
746 1156 821 1187 quae
839 1153 952 1176 tamen
970 1150 1006 1176 nt
1022 1145 1134 1175 sensui
1153 1142 1354 1179 necessaria,
1378 1140 1503 1172 deinde
1521 1149 1638 1179 snper-

179 1193 298 1225 addita
313 1197 388 1224 est:
413 1201 476 1233 ego
493 1196 528 1222 et
545 1200 585 1222 ex
605 1191 690 1221 libro
707 1190 835 1230 scripto
852 1189 933 1220 satis
957 1189 1106 1229 antiqno,
1131 1192 1166 1217 et
1194 1196 1236 1217 ex
1262 1186 1394 1216 ratione
1423 1192 1552 1221 versus,
1577 1192 1638 1222 pro

179 1245 321 1277 namque,
337 1245 409 1266 nam
424 1244 514 1275 quam
528 1235 627 1273 lego:
654 1233 854 1273 particulam
879 1241 960 1262 vero
986 1232 1031 1271 in,
1054 1232 1101 1261 ita
1129 1234 1334 1269 exposcente
1357 1236 1468 1265 sensu,
1485 1225 1638 1265 detraho,

180 1285 219 1310 ut
236 1281 294 1318 sit,
313 1289 386 1310 nam
400 1288 491 1318 quam
505 1278 681 1308 adulescens
696 1285 836 1306 maxume
857 1285 909 1315 spe
924 1276 1004 1306 situs
1019 1274 1090 1304 erit.
1134 1274 1222 1304 Sane
1248 1272 1336 1302 lianc
1360 1270 1542 1301 lectionem
1571 1278 1637 1299 non

180 1322 329 1353 habebat
356 1331 375 1352 a
401 1320 567 1362 principio
590 1320 676 1350 liber
701 1319 910 1349 Bembinus:
936 1317 995 1348 sed
1024 1317 1123 1347 aliam
1146 1315 1327 1356 quandam,
1350 1318 1387 1344 ut
1414 1322 1456 1343 ex
1485 1312 1638 1351 vestigiis

181 1364 257 1405 ejus
273 1364 403 1395 abrasae
421 1363 590 1403 conjicere
608 1362 700 1399 licet,
723 1362 825 1401 longe
841 1366 877 1392 et
893 1361 934 1392 ab
951 1361 1023 1399 hac,
1048 1364 1083 1390 et
1099 1359 1141 1389 ab
1155 1368 1195 1389 ea
1213 1368 1287 1399 quae
1304 1361 1357 1388 est
1377 1356 1409 1386 in
1437 1355 1511 1386 aliis
1532 1355 1639 1393 libris,

181 1408 367 1440 diversam:
391 1416 450 1437 nos
460 1411 576 1437 tamen
592 1406 690 1445 hane,
716 1415 814 1445 quam
830 1414 931 1444 supra
950 1403 1132 1444 posuimus,
1147 1411 1223 1443 quae
1240 1401 1289 1431 illi
1304 1400 1433 1430 abrasae
1452 1398 1640 1429 substituta

181 1449 261 1490 fuit,
285 1455 323 1482 ut
338 1449 463 1482 ceteris
487 1449 722 1489 antiquiorem,
743 1453 778 1478 et
808 1447 850 1478 ab
875 1446 964 1478 Aldo
989 1446 1060 1486 jani
1086 1451 1276 1485 receptam,
1300 1443 1409 1474 secuti
1435 1450 1560 1481 sumus,
1584 1441 1641 1472 de-

181 1498 306 1533 tracto,
327 1496 367 1524 ut
392 1502 496 1533 snpra
520 1491 679 1530 diximus,
700 1491 746 1529 in,
770 1495 913 1531 propter
939 1499 1082 1520 sensnm.
1108 1489 1167 1519 Fu.
1213 1488 1252 1518 1η
1278 1489 1410 1518 mentera
1439 1484 1542 1514 venit.-
1567 1493 1640 1514 nam

181 1546 272 1577 quam
286 1537 462 1568 adulescens
477 1535 611 1566 maxime
626 1544 678 1574 spe
693 1534 771 1564 situs
785 1534 858 1571 erit,
886 1534 958 1564 Tam
975 1532 1137 1570 facillume
1151 1530 1253 1571 patris
1275 1539 1379 1570 pacem
1404 1528 1437 1558 in
1463 1528 1546 1565 leges
1570 1537 1642 1557 con-

173 1579 268 1621 ficiet
284 1589 366 1611 suas.
414 1579 522 1609 Etiam
536 1578 610 1608 haut
626 1578 702 1615 scio,
723 1586 763 1607 an
784 1586 911 1607 uxorem
937 1577 1041 1613 ducat,
1065 1584 1101 1605 ac
1117 1574 1196 1614 Syro
1219 1573 1264 1604 nil
1289 1572 1416 1612 gratiae.
1461 1570 1518 1600 Sic
1544 1569 1641 1600 dedit

184 1623 266 1660 Fa.;
283 1623 342 1653 sed
358 1630 490 1653 versum
508 1621 653 1661 priorem
671 1620 718 1650 sic
737 1619 864 1650 habent
881 1619 988 1651 nostri
1005 1617 1167 1655 universi,
1184 1616 1223 1647 In
1239 1619 1371 1647 mentem
1386 1613 1470 1645 venit
1482 1624 1492 1643 .·
1515 1622 1645 1653 namque

183 1666 361 1697 adulescens
373 1674 464 1706 quam
477 1665 512 1695 in
527 1664 655 1695 minima
667 1673 718 1703 spe
732 1663 813 1693 silus
828 1663 900 1693 erit.
946 1661 988 1692 In
1016 1661 1126 1691 verbis
1153 1669 1282 1699 magnae
1308 1663 1386 1689 sunt
1415 1656 1582 1695 tenebrae,
1606 1657 1640 1686 in

184 1709 358 1740 sententia
374 1707 531 1747 majores.
576 1706 749 1738 Paulatim
766 1714 806 1735 ex
824 1705 889 1736 illis
906 1703 1113 1745 erependum
1130 1702 1226 1733 nobis
1244 1707 1307 1735 est.
1352 1700 1413 1741 Spe
1435 1700 1527 1738 situs,
1550 1698 1642 1740 quod

185 1751 319 1784 Faiirno
345 1750 486 1792 placuit,
518 1759 580 1790 pro
608 1747 839 1788 ‘derelictus,’
863 1748 935 1779 sine
962 1747 1120 1787 exemplo
1152 1750 1216 1785 est,
1239 1750 1275 1776 et
1299 1754 1366 1774 non
1394 1743 1520 1783 placet.
1564 1742 1641 1773 Nee

183 1794 361 1826 ferendum
388 1798 442 1824 est
471 1792 556 1824 illud
584 1792 724 1833 Guyefi,
747 1791 810 1831 Spe
836 1792 929 1830 citus,
963 1791 996 1821 id
1023 1795 1086 1828 est,
1118 1794 1243 1828 motus,
1273 1787 1441 1828 dejectus,
1466 1785 1641 1825 depulsus.

184 1837 276 1869 Illud
292 1837 464 1868 Facillume
480 1836 552 1866 sine
568 1835 670 1866 dubio
685 1835 880 1866 mendosum
897 1837 969 1873 est;
995 1833 1083 1875 quod
1110 1836 1145 1862 et
1168 1841 1283 1862 versus
1301 1832 1372 1871 ipse
1388 1828 1516 1860 indicat
1531 1838 1540 1866 ς
1564 1837 1642 1858 nam

183 1880 220 1911 in
234 1880 354 1912 mediis
369 1879 528 1911 Iambicis
545 1879 635 1910 nulla
651 1887 765 1917 causa,
783 1878 874 1908 nullo
890 1886 996 1915 more,
1020 1875 1227 1907 'Procliaicus
1245 1873 1441 1905 intervenit.
1487 1872 1642 1910 Repono,

186 1923 225 1954 In
241 1927 372 1955 mentem
387 1923 490 1954 venit:
515 1931 644 1962 namque
659 1921 834 1952 adulescens
849 1931 940 1961 quam
953 1920 986 1950 in
1002 1919 1128 1950 minima
1152 1928 1204 1958 spe
1227 1918 1305 1948 situs
1331 1916 1404 1951 erit,
1430 1915 1505 1946 Tam
1521 1914 1644 1956 difficil-

186 1966 266 1998 lame
277 1966 380 2008 patris
392 1975 498 2006 pacem
512 1965 543 1996 in
561 1966 644 2004 leges
657 1964 798 2005 conficiet
813 1974 897 1995 suas.
944 1963 1051 1993 Etiam
1067 1961 1141 1992 haut
1157 1960 1220 1992 scio
1235 1969 1313 1991 anne
1328 1968 1454 1990 uxorem
1469 1959 1584 1988 ducat:
1608 1967 1645 1988 ac

185 2009 269 2050 Syro
282 2009 329 2040 nil
341 2010 469 2048 gratiae.
511 2008 601 2039 Anne
616 2007 744 2039 liabent
759 2007 866 2037 nostri
888 2005 1052 2045 universi,
1075 2014 1139 2035 non
1167 2014 1224 2035 an:
1248 2012 1313 2044 quo
1341 2006 1444 2042 pacto
1471 2000 1644 2031 lambiens

186 2053 255 2090 sit3
278 2052 470 2090 etidcirco,
487 2056 525 2082 ut
541 2051 633 2091 prior
649 2059 783 2091 quoque
802 2049 970 2080 iambicus
984 2049 1039 2084 sit,
1063 2056 1200 2078 necesse
1214 2051 1275 2078 est.
1320 2046 1412 2085 Ergo
1429 2049 1543 2074 recte:
1568 2044 1644 2074 Tam

185 2095 381 2137 difficillume.
406 2095 509 2126 Bent.
555 2094 565 2110 ⁶
579 2093 802 2124 Restituimus
819 2102 899 2125 sane
917 2101 1012 2122 suum
1028 2090 1205 2130 Terentio,
1228 2099 1294 2130 quo
1307 2088 1333 2119 is
1350 2087 1458 2118 adhuc
1476 2086 1582 2117 cai-uit
1599 2086 1644 2117 ob

183 2138 319 2179 injurias
337 2137 548 2168 librariorum
566 2141 602 2168 et
617 2136 824 2167 criticorum.
870 2135 1028 2174 Vestigia
1055 2133 1126 2164 veri
1154 2137 1267 2164 tamen
1293 2130 1426 2172 praebet
1449 2131 1524 2161 cod.
1545 2129 1643 2160 Rem.

188 2180 307 2212 Ceteri
323 2180 454 2220 longius
471 2180 674 2210 aberrarunt
690 2178 893 2210 invertendo
907 2187 1037 2218 namque
1051 2178 1101 2207 ad.
1118 2186 1207 2216 quam
1223 2175 1351 2206 *minima
1365 2175 1398 2204 in
1414 2183 1465 2213 spe
1479 2173 1556 2203 situs
1571 2173 1644 2203 erit.

187 2224 247 2255 Fa.
264 2222 401 2265 quidem
417 2233 458 2253 ex
472 2223 569 2253 Beni.
590 2222 689 2253 aliam
707 2222 802 2252 elicit
818 2221 1022 2253 lectionem:
1047 2225 1082 2251 et
1099 2219 1240 2260 exponit
1256 2219 1336 2249 situs
1360 2226 1420 2257 per
1447 2215 1646 2253 derelictus,

188 2267 279 2308 quod
295 2266 449 2307 precario
475 2265 605 2296 dictum
629 2264 756 2295 nemini
783 2265 924 2305 placuit.
969 2263 1102 2294 Satisne
1130 2271 1210 2292 vero
1235 2270 1335 2292 sanus
1359 2264 1413 2290 est
1440 2259 1645 2289 Bentleius?

187 2311 246 2352 qni
261 2309 428 2341 derelicto
445 2308 579 2340 tandem
595 2308 657 2339 hoc
673 2318 785 2347 versu,
808 2307 940 2338 invadit
953 2306 986 2337 in
1003 2315 1073 2347 seq.
1096 2305 1173 2337 Tam
1187 2304 1386 2347 difficillume.
1429 2301 1525 2332 Talia
1541 2301 1646 2332 audet

187 2358 352 2384 sexcenta
377 2361 519 2392 magnus
543 2351 714 2382 nonnullis
742 2351 842 2382 Bent,
887 2350 928 2381 In
958 2353 1074 2380 nostro
1102 2348 1228 2379 tuendo
1255 2347 1410 2377 nolumus
1436 2345 1529 2384 longi
1556 2353 1645 2375 esse.

188 2395 323 2429 Quibus
340 2405 455 2426 sensus
473 2399 525 2426 est
540 2395 623 2433 veri,
640 2394 809 2435 judicent.
856 2393 966 2424 Versu
993 2402 1065 2433 seq.
1091 2392 1255 2422 malumus
1283 2390 1382 2421 Tanto
1407 2388 1450 2419 ob
1478 2391 1647 2425 metrum;

187 2447 299 2480 neque
315 2438 404 2468 ratio
420 2439 496 2469 Lat.
514 2437 681 2477 impedit!
709 2437 784 2477 Rip.
812 2445 888 2478 quae
913 2435 1067 2474 exhibet,
1090 2444 1162 2465 nam
1186 2444 1244 2475 quo
1270 2433 1441 2463 adolescens
1455 2439 1598 2461 nmxume
1613 2431 1646 2460 in

187 2491 240 2522 spe
264 2481 405 2513 solicitus
432 2481 504 2519 erit,
529 2481 626 2512 Tanto
640 2480 805 2518 facillime.
850 2479 952 2510 Both.
978 2488 1068 2518 quam
1096 2477 1128 2507 in
1154 2487 1206 2517 spe
1232 2476 1292 2506 erit
1319 2475 1453 2506 minuma
1469 2474 1561 2503 situs.
1606 2473 1646 2503 In

186 2524 315 2556 mintium
333 2525 390 2554 ΒΥ.
412 2524 452 2555 Ζ.
470 2524 650 2554 Peru—45
667 2522 720 2553 Al.
739 2523 816 2553 Tam
827 2522 983 2560 facillime
999 2521 1066 2551 boui
1080 2520 1192 2560 patris.
1226 2520 1323 2550 Tanto
1340 2517 1428 2558 quod
1447 2521 1499 2546 est
1516 2516 1549 2546 in
1566 2515 1647 2556 Bip.

188 2567 360 2608 improbat
376 2567 469 2598 Peri.
514 2566 616 2597 Botli.
632 2566 715 2606 legit
734 2566 810 2596 Tam
822 2565 926 2605 patris
940 2574 1044 2605 pacem
1062 2563 1226 2601 facillume
1253 2560 1394 2602 conficiet
1419 2560 1452 2590 iu
1468 2560 1549 2598 leges
1563 2568 1647 2589 suas.

188 2613 275 2642 -46
297 2611 362 2641 Ms.
386 2609 488 2641 Bodl.
511 2609 583 2639 Hoc
607 2609 682 2646 scio,
704 2618 782 2639 anne
806 2618 837 2639 u.
864 2608 896 2637 d.
922 2611 1095 2647 corrupte.
1124 2606 1223 2638 West.
1268 2604 1407 2644 Aliquot
1437 2602 1530 2641 libri,
1560 2601 1649 2632 inter

189 2662 272 2693 quos
284 2653 379 2685 Rem.
393 2662 458 2683 non
475 2652 600 2683 habent
616 2652 816 2692 particulam
830 2660 879 2690 ne,
893 2651 963 2680 sine
975 2659 1041 2691 qua
1059 2658 1175 2680 versus
1191 2652 1243 2679 est
1256 2647 1460 2681 trochaicum,
1477 2650 1515 2675 ut
1532 2644 1649 2675 ceteri.

190 2696 249 2727 Fa.
294 2695 402 2736 Atqui
419 2705 534 2726 omnes
549 2694 654 2726 nostri
671 2704 771 2726 anne:
794 2699 827 2724 et
845 2698 951 2725 recte.
975 2694 1072 2724 Bent.
1117 2692 1210 2723 Anne
1231 2690 1357 2721 habent
1374 2688 1458 2720 GM.
1476 2688 1533 2718 ssr.
1581 2687 1649 2717 lm-

190 2739 314 2778 probat
331 2739 408 2779 Bip.
425 2748 501 2779 quae
519 2747 577 2778 pro
593 2748 630 2769 ac
643 2747 684 2768 ex
709 2737 786 2768 edd.
813 2737 934 2777 priscis
959 2735 1073 2766 reddit
1095 2739 1140 2766 at.
1185 2734 1309 2773 ‘Vulg.
1339 2732 1446 2762 Etiam
1470 2730 1551 2760 haud
1575 2730 1650 2765 scio,

189 2781 278 2812 male
293 2781 452 2813 audiente
469 2780 594 2820 scriba,
616 2785 652 2812 ut
671 2780 744 2812 Etsi
769 2779 850 2811 haud
865 2783 1074 2820 permutaret
1103 2787 1178 2810 curn
1195 2777 1330 2808 Elsiam
1353 2774 1416 2815 (sic
1443 2774 1532 2805 enim
1556 2773 1648 2811 vulg.
