1966 3302
588 228 801 259 nncYRAE
838 229 944 259 Aer.
977 229 1049 259 111.
1081 227 1148 257 Sc.
1183 228 1213 257 1.
1540 218 1624 259 837

166 323 346 366 Accede
382 323 584 378 propius.
666 324 808 365 Hem!
851 322 1104 365 sensistin'?
1187 323 1319 363 PA'M.
1353 320 1460 362 Noli
1495 321 1625 362 fabu-

342 392 487 432 lai-ier.

169 458 257 499 Pro
282 459 490 513 Jupiter!
521 460 752 499 clamorem
782 457 927 499 audio.
989 457 1113 498 PAR.
1145 457 1263 497 Tute
1295 457 1525 510 loqueris:
1557 469 1625 497 me

340 531 477 568 vetas.

168 593 270 634 MY.
298 593 436 646 Tace,
457 594 655 643 obsecro,
676 606 774 634 mea
795 596 942 646 gnata.
992 591 1122 633 PAM.
1154 592 1317 633 Matris
1340 605 1430 634 vox
1450 592 1548 633 visa
1567 590 1624 633 'st

336 662 622 704 Philumenae.

168 727 336 771 Nullus
359 742 468 770 sum.
518 729 641 770 PAR.
665 727 755 778 Qui
778 728 912 768 dum'?
962 727 1033 768 ΡΑ
1044 738 1091 768 Μ.
1114 726 1259 767 Perii!
1308 727 1431 767 PAR.
1454 726 1621 777 Quam-

335 797 512 837 obrem?
573 797 702 838 PAM.
737 794 906 836 Nescio
929 794 1048 849 quod
1070 806 1277 846 magnum
1298 793 1465 833 malum

161 863 383 914 Profecto,
418 864 651 914 Parmeno,
688 877 758 904 me
797 863 930 904 celas.
1005 861 1129 902 PAR.
1162 860 1359 902 Uxorem
1393 860 1618 901 Philume-

331 944 434 972 nam
1559 929 1617 969 40

156 1058 197 1089 ad
209 1060 322 1090 ostium
335 1070 425 1091 attres
437 1060 563 1101 propius
575 1061 712 1091 admove.
758 1060 851 1091 PAR.
876 1059 971 1099 Hem,
987 1059 1092 1099 ecquid
1106 1058 1279 1090 audivisti?
1324 1059 1423 1089 ΡΑΜ.
1450 1057 1524 1088 Noli
1538 1065 1614 1095 gur-

158 1101 234 1132 rire.
279 1103 378 1142 Proh,
397 1104 548 1144 Jupiter!
570 1103 821 1141 vociferationem
849 1103 950 1134 audio.
994 1102 1085 1133 PAR.
1111 1103 1158 1132 Tu
1179 1103 1254 1142 ipse,
1284 1102 1453 1142 Pamphile,
1469 1100 1615 1140 loqueris,

158 1147 191 1174 et
205 1145 288 1185 loqui
311 1156 358 1176 me
370 1146 532 1187 prohibes?
576 1147 680 1176 MYR.
710 1147 819 1177 Vocem
830 1147 984 1185 supprime
1002 1145 1194 1181 Philumena,
1209 1155 1246 1175 ue
1267 1145 1320 1175 hoc
1329 1144 1451 1182 sactum
1467 1145 1613 1173 rescisca-

159 1189 221 1218 tur.
269 1189 365 1219 ΡΑΜ.
389 1189 472 1219 Puto
488 1199 533 1219 me
547 1188 700 1220 audivisse
711 1199 812 1219 vocem
830 1189 1005 1229 Myrrhina?
1021 1189 1130 1219 num-is
1148 1189 1348 1219 Plzilmnenoe.
1384 1188 1434 1217 De
1450 1196 1495 1216 me
1509 1189 1613 1216 actum

158 1233 204 1260 est
234 1232 353 1262 misero.
398 1232 488 1262 PAR.
515 1232 580 1261 Cur
603 1233 640 1261 de
664 1236 694 1263 te
716 1236 818 1262 actum
841 1234 909 1262 est?
954 1231 1051 1261 PAM.
1081 1231 1163 1266 Quia
1185 1231 1288 1261 (lolore
1308 1231 1463 1268 confectus
1484 1239 1551 1259 sum
1573 1229 1615 1258 ad

157 1277 286 1305 mortem
302 1284 406 1314 usque.
450 1274 541 1305 PAR.
567 1274 667 1309 Quam
682 1275 718 1304 ob
733 1278 876 1305 causam?
920 1274 1019 1305 PAM.
1043 1275 1155 1304 Nescio
1181 1275 1259 1313 quod
1271 1283 1367 1312 grave
1383 1272 1515 1303 exitium
1537 1270 1616 1301 mihi

157 1318 320 1348 occultant.
367 1318 458 1349 PAR.
487 1317 622 1348 Uxorem
637 1321 721 1348 tuam
738 1318 953 1348 Philumenam
966 1317 1122 1357 pavidam,
1137 1318 1238 1347 nescio
1254 1317 1327 1357 quid
1340 1316 1462 1346 horrere
1479 1314 1566 1354 mali,
1582 1317 1614 1344 et

764 1417 1002 1429 eeeeeeeeeeee

157 1495 239 1526 noni
254 1495 462 1526 tribuuntur.
503 1495 603 1528 West.
654 1496 694 1527 In
718 1495 804 1527 Mss.
832 1495 955 1527 nostris
982 1503 1133 1535 personae
1155 1494 1203 1524 ita
1227 1493 1494 1533 distinguuntur,
1511 1491 1611 1524 ΡΑΜ.

157 1542 235 1570 tace.
282 1540 372 1570 PAR.
396 1539 550 1579 trepidari
560 1539 658 1570 sentio
673 1542 706 1570 et
725 1539 856 1574 cursari,
873 1541 925 1579 dyc.
963 1539 1060 1569 ΡΑΜ.
1087 1539 1232 1577 agedum,
1246 1538 1298 1576 ἔμ’.
1343 1536 1438 1566 PAR.
1460 1536 1527 1566 hem
1542 1545 1611 1566 sen-

155 1581 250 1612 sistin
261 1585 274 1612 ?
296 1581 404 1613 ssoecl.
418 1582 475 1622 qui
490 1586 602 1613 tamen
617 1582 682 1612 alio
698 1582 773 1612 loco
791 1587 940 1613 testatur
958 1591 1059 1612 unum
1077 1589 1094 1610 e
1112 1581 1196 1611 Mss.
1213 1580 1280 1610 suis
1296 1580 1455 1609 omittere
1469 1587 1612 1618 prorsum

156 1629 193 1654 et
210 1625 352 1655 alterum
370 1625 483 1664 legere
499 1634 634 1656 rursum.
679 1625 778 1655 ΡΑΜ.
791 1635 944 1665 prorsum,
955 1627 1007 1665 83¹0.
1053 1624 1279 1654 Personarum
1294 1622 1496 1652 varietatem
1515 1625 1612 1653 notat

155 1667 215 1697 ΒΓ.
231 1677 290 1698 suo
301 1667 310 1684 ‘
321 1667 372 1697 vel
385 1668 581 1708 Pamphilus
596 1667 614 1707 3'
637 1668 670 1698 in
685 1673 779 1698 textu
795 1668 946 1704 exhibet,
961 1668 1050 1698 PAR.
1066 1667 1143 1697 hem.
1168 1666 1265 1696 ΡΑΜ.
1278 1666 1350 1705 quid
1360 1665 1415 1695 hoc
1426 1668 1492 1696 est?
1515 1664 1608 1696 PAR.

156 1713 245 1746 tace5
272 1710 744 1750 Trepidari...ageclum...PAM.
765 1711 828 1742 nola?
850 1711 922 1748 fab.
947 1717 982 1741 et
1009 1710 1056 1740 sic
1088 1708 1243 1739 Gifanius
1266 1708 1308 1738 ad
1335 1709 1470 1738 Lucret.
1498 1707 1608 1738 Indic.

154 1762 187 1784 v.
203 1753 299 1787 Plus,
316 1757 463 1792 excepto
481 1754 569 1794 quod
583 1753 623 1783 ad
640 1753 741 1784 finem
760 1755 806 1784 sie
824 1753 971 1789 ordinat,
987 1753 1086 1783 ΡΑΜ.
1100 1752 1180 1782 hem.
1199 1751 1290 1781 PAR.
1305 1750 1485 1781 sensistin’?
1509 1750 1610 1781 PAM.

152 1796 217 1826 noli
221 1795 294 1834 sub.
325 1795 335 1812 ‘
351 1795 422 1835 Age
436 1797 508 1826 dum
521 1798 562 1827 ad
578 1796 666 1834 fores
679 1797 788 1828 accede
800 1796 936 1836 propius.
982 1796 1074 1826 PAR.
1097 1795 1176 1832 hem,
1190 1793 1369 1833 sensistine]
1393 1793 1480 1823 Haec
1498 1793 1611 1823 onmia

153 1837 329 1878 adscripta
346 1843 423 1869 sunt
439 1838 473 1869 in
490 1839 586 1869 Bem.
604 1839 826 1869 Parmenonis
841 1848 992 1879 personae
1008 1849 1015 1869 :
1042 1838 1074 1868 in
1092 1847 1132 1867 eo
1149 1843 1261 1868 tamen
1280 1846 1339 1876 pro
1355 1836 1611 1875 acce‹le‚1egitur

152 1882 272 1916 accedo,
297 1885 332 1912 et
358 1891 420 1921 pro
434 1881 610 1920 sensistine,
633 1882 792 1920 sensistin,
816 1882 905 1922 qnod
925 1881 1094 1922 posterius
1112 1880 1145 1910 in
1162 1879 1314 1911 omnibus
1330 1879 1426 1909 libris
1443 1884 1496 1909 est
1511 1888 1520 1908 ε
1555 1882 1611 1910 est

152 1927 264 1954 autem
280 1934 339 1963 age
349 1926 432 1963 dum,
446 1934 511 1955 vox
526 1934 561 1955 se
578 1924 688 1964 ipsum
705 1925 870 1956 hortantis
887 1925 928 1956 ad
946 1922 1183 1964 exequendum
1200 1922 1283 1952 erile
1299 1920 1521 1952 mandatum.'
1547 1921 1609 1953 Fa.

152 1968 162 1983 ‘
183 1967 301 1998 Nostri
315 1966 443 1998 accede!
466 1968 569 1999 Bent.
603 1968 612 1985 ‘
628 1968 765 1998 Rursum
779 1977 933 2008 prorsum.
969 1967 1054 1998 Haec
1068 1966 1159 1996 varie
1177 1967 1337 2005 leguntur
1353 1966 1387 1995 in
1405 1964 1512 1994 Codd.
1526 1964 1612 1994 Mss.

153 2014 190 2040 et
205 2009 396 2048 impressis:
433 2009 563 2041 Sursum
586 2019 750 2049 prorsum:
775 2012 912 2041 Rursum
927 2020 1050 2041 orsum:
1077 2010 1193 2039 Orsum
1206 2017 1328 2038 sursum
1342 2018 1352 2038 .·
1375 2007 1506 2038 Sursum
1521 2008 1610 2037 deor-

151 2062 220 2082 sum
230 2062 373 2092 prorsum
384 2062 394 2082 .·
417 2051 549 2083 Sursum
564 2062 687 2083 rursum
701 2056 863 2093 prorsum.'
876 2054 982 2084 West.
1011 2053 1155 2083 Horsum
1168 2061 1289 2081 sursum
1305 2051 1346 2080 B.
1369 2060 1472 2081 orsum
1487 2059 1610 2081 sursum

153 2095 233 2125 Hel.
256 2104 377 2125 sursum
390 2104 528 2133 prorsum
543 2095 582 2126 C.
600 2100 634 2126 et
652 2095 750 2127 Lind.
771 2106 893 2127 sursum
913 2097 1054 2127 deors-um
1071 2095 1138 2126 Gu.
1156 2097 1186 2125 1.
1210 2094 1335 2124 horsum
1358 2101 1492 2124 rursum.
1516 2092 1610 2124 PAR.

148 2147 292 2177 prorsum
306 2139 448 2176 agedum.
474 2137 593 2168 Gueif.
611 2140 641 2169 1.
664 2148 785 2169 sursum
802 2140 943 2169 deorsum
966 2137 1083 2169 Guelf.
1100 2139 1217 2168 3.-37
1241 2134 1332 2167 Pro!
1359 2136 1488 2175 Jupiter
1517 2135 1612 2175 Myr-

153 2180 259 2211 rhinae
285 2180 405 2211 tribuit
419 2180 569 2211 Palmer.
586 2180 608 2211 l.
626 2190 657 2211 c.
703 2181 743 2211 In
760 2182 857 2212 Bem.
875 2187 911 2212 et
926 2181 1018 2212 Vict.
1034 2186 1087 2211 est
1102 2179 1231 2210 audivi:
1256 2184 1292 2210 ut
1311 2183 1345 2209 et
1361 2179 1468 2218 exigit
1483 2187 1613 2209 versus.

153 2223 213 2254 Fa.
260 2223 380 2254 Nostri
399 2233 578 2263 perperam
593 2224 698 2254 audio.
722 2224 825 2254 Bent.
856 2224 975 2255 Audivi
990 2223 1200 2264 probabilem
1212 2222 1393 2252 lectionem
1411 2222 1474 2251 Be.
1492 2231 1612 2259 parum

152 2266 217 2296 sibi
231 2272 391 2297 constans
406 2266 565 2306 reliquit;
590 2265 636 2297 cf.
654 2265 762 2296 Andr.
778 2276 802 2298 1.
817 2269 850 2297 4.
867 2270 898 2297 1.
923 2267 1100 2297 Perl.—38
1122 2265 1267 2297 Quidam
1287 2265 1373 2295 Mss.
1399 2268 1434 2295 et
1461 2263 1538 2294 edd.
1556 2264 1611 2295 hic

150 2319 270 2340 novam
289 2318 425 2340 scenam
443 2309 622 2349 incipiunt.
662 2309 764 2339 IVest.
810 2314 845 2339 et
862 2310 910 2339 sic
938 2309 1016 2339 Hei.
1030 2318 1090 2339 vox
1105 2318 1141 2338 ea
1157 2312 1202 2338 est
1218 2308 1408 2337 Rom-39
1432 2307 1527 2337 ΡΑΜ.
1543 2308 1611 2337 uul-=

151 2353 199 2383 lus
209 2362 277 2383 sum
293 2351 441 2382 Palmer.
459 2352 481 2382 1.
493 2360 523 2383 c.
540 2351 613 2391 quid
629 2352 701 2382 dum
718 2352 783 2382 duo
801 2352 885 2382 Mss.
902 2361 919 2382 e
937 2352 1043 2382 Eoeci.
1060 2357 1096 2381 et
1112 2351 1158 2381 sic
1174 2348 1290 2381 Guelf.
1308 2352 1339 2380 3.
1358 2350 1429 2389 quia
1442 2350 1524 2389 perii
1541 2359 1615 2380 om-

150 2404 209 2425 nes
225 2395 310 2425 Mss.
326 2394 417 2434 apud
434 2394 542 2425 Boecl.
571 2396 580 2411 ‘
597 2395 686 2434 Lips.
703 2394 800 2424 Bodl.
818 2394 861 2426 G.
879 2394 952 2425 ΕΡ.
971 2395 1039 2425 ΕΤ.
1056 2393 1225 2435 quomodo
1247 2398 1282 2422 et
1298 2392 1460 2424 Dacieria
1484 2392 1613 2432 edidit;

150 2447 343 2478 quanquam
358 2446 420 2467 nec
436 2437 692 2477 sensumjuvat,
708 2441 742 2467 et
758 2446 891 2468 versum
914 2437 1069 2478 impedit,
1086 2446 1148 2467 nec
1168 2436 1282 2466 stilum
1298 2436 1542 2465 Terentianum
1560 2445 1612 2466 sa-

151 2479 223 2520 pit.’
251 2479 351 2511 West.
380 2481 390 2498 ‘
412 2479 525 2520 Aliqui
540 2479 629 2519 iibri,
644 2481 733 2510 inter
749 2489 832 2520 quos
851 2480 948 2511 Bem.
973 2490 1039 2510 non
1057 2478 1276 2518 habeutquia,
1289 2478 1377 2518 quod
1395 2487 1458 2507 nec
1475 2487 1612 2510 sensum

143 2524 254 2564 juvat,
269 2529 304 2554 et
321 2522 466 2562 impedit
481 2532 627 2562 versum,
642 2532 741 2563 quem
761 2532 818 2553 uos
835 2523 897 2553 hoc
913 2522 1012 2553 modo
1037 2522 1242 2559 ordinamus,
1256 2526 1291 2551 ut
1311 2522 1353 2551 sit
1372 2524 1504 2551 tetram.
1522 2520 1611 2551 Iam-

150 2566 217 2597 bic.
234 2567 415 2597 acatalect.
446 2566 562 2596 Nullus
576 2574 653 2596 sum.
699 2566 791 2596 Pan.
819 2566 872 2604 qui
888 2564 987 2596 dum?
1032 2565 1132 2595 ΡΑΜ.
1156 2564 1250 2604 perii.
1295 2564 1388 2594 PAR.
1406 2563 1610 2603 quamobrem.

149 2608 251 2639 ΡΑΜ.
266 2609 367 2639 nescio
382 2609 461 2648 quod
476 2617 621 2647 maguum
634 2609 760 2638 malum.
786 2608 844 2638 Fa.
888 2608 930 2638 In
945 2608 1068 2638 nostris
1085 2608 1173 2637 maie
1197 2605 1290 2647 quia!
1314 2606 1416 2637 Beut.
1463 2606 1534 2646 quia
1550 2606 1611 2638 Br.

150 2651 320 2682 GM.—4o
344 2652 400 2682 Me
415 2652 506 2681 celas.
552 2650 605 2680 Ita
623 2652 654 2680 iu
672 2651 758 2680 Mss.
778 2650 899 2681 Leidd.
923 2654 1090 2691 quatuor:
1119 2650 1152 2680 in
1171 2650 1302 2689 quinto,
1318 2649 1439 2679 Boena.
1458 2654 1492 2679 et
1510 2649 1611 2681 Bodi.

151 2693 207 2724 Me
221 2694 335 2725 celant.
363 2693 453 2735 quod
471 2692 628 2724 defendit
644 2693 834 2723 Palmerius
852 2693 872 2724 1.
890 2703 919 2723 c.
967 2692 1073 2734 Atqui
1092 2693 1260 2723 neminem
1277 2691 1380 2722 etiam
1400 2697 1611 2723 vonveuerat

152 2736 363 2776 Pamphilus,
379 2745 441 2767 nec
459 2741 632 2776 parentes,
652 2746 712 2766 nec
729 2745 877 2772 uxorem,
895 2744 956 2765 nec
975 2745 1122 2774 soceros,
1148 2741 1325 2775 postquam
1352 2744 1510 2774 egressus
1535 2740 1609 2765 erat

151 2789 170 2810 e
192 2779 282 2809 navi.
325 2779 475 2811 Videtur
499 2783 611 2811 autem
636 2779 726 2809 solus
752 2779 922 2810 Parmeno
948 2778 1107 2810 incusari.
1135 2778 1304 2820 quomodo
1332 2777 1492 2808 contiuuo
1518 2778 1608 2818 post,
