<?xml version="1.0" encoding="UTF-8"?>
<!DOCTYPE html PUBLIC "-//W3C//DTD XHTML 1.0 Transitional//EN"
    "http://www.w3.org/TR/xhtml1/DTD/xhtml1-transitional.dtd">
<html xmlns="http://www.w3.org/1999/xhtml" xml:lang="en" lang="en">
 <head>
  <title>
</title>
<meta http-equiv="Content-Type" content="text/html;charset=utf-8" />
  <meta name='ocr-system' content='tesseract 3.04.00' />
  <meta name='ocr-capabilities' content='ocr_page ocr_carea ocr_par ocr_line ocrx_word'/>
</head>
<body>
  <div class='ocr_page' id='page_1' title='image "./pubterentiiafric02tereuoft/pubterentiiafric02tereuoft_0135.png"; bbox 0 0 1966 3302; ppageno 0'>
   <div class='ocr_carea' id='block_1_1' title="bbox 410 232 1579 275">
    <p class='ocr_par' dir='ltr' id='par_1_1' title="bbox 410 232 1579 275">
     <span class='ocr_line' id='line_1_1' title="bbox 410 232 1579 275; baseline -0.002 0"><span class='ocrx_word' id='word_1_1' title='bbox 410 242 833 275; x_wconf 70' lang='lat' dir='ltr'>HEAUTONTIMOR.</span> <span class='ocrx_word' id='word_1_2' title='bbox 865 241 975 272; x_wconf 78' lang='lat' dir='ltr'>Ac&#39;r.</span> <span class='ocrx_word' id='word_1_3' title='bbox 1007 241 1075 271; x_wconf 83' lang='lat' dir='ltr'>rv.</span> <span class='ocrx_word' id='word_1_4' title='bbox 1108 241 1178 272; x_wconf 84' lang='lat' dir='ltr'>sc.</span> <span class='ocrx_word' id='word_1_5' title='bbox 1212 243 1278 272; x_wconf 73' lang='grc' dir='ltr'>ιν.</span> <span class='ocrx_word' id='word_1_6' title='bbox 1495 232 1579 274; x_wconf 71' lang='grc'><strong>625</strong></span> 
     </span>
    </p>
   </div>
   <div class='ocr_carea' id='block_1_2' title="bbox 120 334 1579 719">
    <p class='ocr_par' dir='ltr' id='par_1_2' title="bbox 120 334 1579 460">
     <span class='ocr_line' id='line_1_2' title="bbox 120 334 1579 392; baseline -0.005 -8"><span class='ocrx_word' id='word_1_7' title='bbox 120 342 239 384; x_wconf 86' lang='lat' dir='ltr'>BAc.</span> <span class='ocrx_word' id='word_1_8' title='bbox 270 339 422 392; x_wconf 67' lang='lat' dir='ltr'>Quid?</span> <span class='ocrx_word' id='word_1_9' title='bbox 472 340 556 382; x_wconf 86' lang='lat' dir='ltr'>SY.</span> <span class='ocrx_word' id='word_1_10' title='bbox 583 337 914 381; x_wconf 84' lang='lat' dir='ltr'>Transeundum</span> <span class='ocrx_word' id='word_1_11' title='bbox 933 349 1052 377; x_wconf 88' lang='lat' dir='ltr'>nunc</span> <span class='ocrx_word' id='word_1_12' title='bbox 1075 335 1158 377; x_wconf 87' lang='lat' dir='ltr'>tibi</span> <span class='ocrx_word' id='word_1_13' title='bbox 1180 335 1237 377; x_wconf 85' lang='lat' dir='ltr'>ad</span> <span class='ocrx_word' id='word_1_14' title='bbox 1261 334 1579 377; x_wconf 81' lang='lat' dir='ltr'><strong>Menedemum</strong></span> 
     </span>
     <span class='ocr_line' id='line_1_3' title="bbox 293 410 795 460; baseline -0.006 -11"><span class='ocrx_word' id='word_1_15' title='bbox 293 411 376 458; x_wconf 90' lang='lat' dir='ltr'>est,</span> <span class='ocrx_word' id='word_1_16' title='bbox 399 410 443 448; x_wconf 87' lang='lat' dir='ltr'>et</span> <span class='ocrx_word' id='word_1_17' title='bbox 463 411 542 448; x_wconf 81' lang='lat' dir='ltr'>tua</span> <span class='ocrx_word' id='word_1_18' title='bbox 563 418 740 460; x_wconf 83' lang='lat' dir='ltr'>pompa</span> <span class='ocrx_word' id='word_1_19' title='bbox 791 433 795 437; x_wconf 86' lang='lat'><em>-</em></span> 
     </span>
    </p>

    <p class='ocr_par' dir='ltr' id='par_1_3' title="bbox 121 470 1577 597">
     <span class='ocr_line' id='line_1_4' title="bbox 121 470 1577 524; baseline -0.005 -5"><span class='ocrx_word' id='word_1_20' title='bbox 121 476 187 519; x_wconf 93' lang='lat' dir='ltr'>Eo</span> <span class='ocrx_word' id='word_1_21' title='bbox 221 475 494 518; x_wconf 83' lang='lat' dir='ltr'>traducenda</span> <span class='ocrx_word' id='word_1_22' title='bbox 523 479 601 515; x_wconf 86' lang='lat' dir='ltr'>est.</span> <span class='ocrx_word' id='word_1_23' title='bbox 661 474 780 514; x_wconf 86' lang='lat' dir='ltr'>BAc.</span> <span class='ocrx_word' id='word_1_24' title='bbox 812 472 957 523; x_wconf 82' lang='lat' dir='ltr'>Quam</span> <span class='ocrx_word' id='word_1_25' title='bbox 989 484 1078 512; x_wconf 87' lang='lat' dir='ltr'>rem</span> <span class='ocrx_word' id='word_1_26' title='bbox 1115 472 1223 524; x_wconf 78' lang='lat' dir='ltr'>agis,</span> <span class='ocrx_word' id='word_1_27' title='bbox 1252 471 1434 513; x_wconf 75' lang='lat' dir='ltr'>scelus?</span> <span class='ocrx_word' id='word_1_28' title='bbox 1496 470 1577 511; x_wconf 88' lang='grc' dir='ltr'>ΞΥ.</span> 
     </span>
     <span class='ocr_line' id='line_1_5' title="bbox 295 539 891 597; baseline -0.007 -13"><span class='ocrx_word' id='word_1_29' title='bbox 295 543 479 597; x_wconf 71' lang='lat' dir='ltr'>Egone?</span> <span class='ocrx_word' id='word_1_30' title='bbox 511 546 741 594; x_wconf 84' lang='lat' dir='ltr'>argentum</span> <span class='ocrx_word' id='word_1_31' title='bbox 762 539 891 589; x_wconf 89' lang='lat' dir='ltr'>cudo,</span> 
     </span>
    </p>

    <p class='ocr_par' dir='ltr' id='par_1_4' title="bbox 122 605 1579 719">
     <span class='ocr_line' id='line_1_6' title="bbox 122 605 1579 663; baseline -0.006 -9"><span class='ocrx_word' id='word_1_32' title='bbox 122 611 257 663; x_wconf 83' lang='lat' dir='ltr'>Quod</span> <span class='ocrx_word' id='word_1_33' title='bbox 277 611 356 652; x_wconf 88' lang='lat' dir='ltr'>tibi</span> <span class='ocrx_word' id='word_1_34' title='bbox 377 611 490 651; x_wconf 91' lang='lat' dir='ltr'>dem.</span> <span class='ocrx_word' id='word_1_35' title='bbox 549 609 668 650; x_wconf 85' lang='lat' dir='ltr'>BAc.</span> <span class='ocrx_word' id='word_1_36' title='bbox 700 607 896 659; x_wconf 84' lang='lat' dir='ltr'>Dignam</span> <span class='ocrx_word' id='word_1_37' title='bbox 927 620 997 648; x_wconf 91' lang='lat' dir='ltr'>me</span> <span class='ocrx_word' id='word_1_38' title='bbox 1033 609 1181 660; x_wconf 79' lang='lat' dir='ltr'>putas,</span> <span class='ocrx_word' id='word_1_39' title='bbox 1213 619 1349 660; x_wconf 83' lang='lat' dir='ltr'>quam</span> <span class='ocrx_word' id='word_1_40' title='bbox 1387 605 1549 646; x_wconf 83' lang='lat' dir='ltr'>illudas</span> <span class='ocrx_word' id='word_1_41' title='bbox 1562 607 1579 645; x_wconf 69' lang='lat'>‘2</span> 
     </span>
     <span class='ocr_line' id='line_1_7' title="bbox 293 677 792 719; baseline -0.008 0"><span class='ocrx_word' id='word_1_42' title='bbox 293 678 377 719; x_wconf 87' lang='lat' dir='ltr'>SY.</span> <span class='ocrx_word' id='word_1_43' title='bbox 410 677 512 718; x_wconf 93' lang='lat' dir='ltr'>Non</span> <span class='ocrx_word' id='word_1_44' title='bbox 531 680 598 718; x_wconf 84' lang='lat' dir='ltr'>est</span> <span class='ocrx_word' id='word_1_45' title='bbox 617 680 792 718; x_wconf 86' lang='lat' dir='ltr'>temere.</span> 
     </span>
    </p>
   </div>
   <div class='ocr_carea' id='block_1_3' title="bbox 61 740 1581 803">
    <p class='ocr_par' dir='ltr' id='par_1_5' title="bbox 61 740 1581 803">
     <span class='ocr_line' id='line_1_8' title="bbox 61 740 1581 803; baseline -0.005 -14"><span class='ocrx_word' id='word_1_46' title='bbox 61 801 73 803; x_wconf 14' lang='grc' dir='ltr'><strong>ξ</strong></span> <span class='ocrx_word' id='word_1_47' title='bbox 122 746 243 789; x_wconf 81' lang='lat' dir='ltr'>BAc.</span> <span class='ocrx_word' id='word_1_48' title='bbox 295 746 502 788; x_wconf 80' lang='lat' dir='ltr'><strong>Etiamne</strong></span> <span class='ocrx_word' id='word_1_49' title='bbox 541 749 687 786; x_wconf 90' lang='lat' dir='ltr'>tecum</span> <span class='ocrx_word' id='word_1_50' title='bbox 723 756 791 784; x_wconf 88' lang='lat' dir='ltr'>res</span> <span class='ocrx_word' id='word_1_51' title='bbox 825 742 896 784; x_wconf 90' lang='lat' dir='ltr'>hic</span> <span class='ocrx_word' id='word_1_52' title='bbox 929 741 1036 783; x_wconf 86' lang='lat' dir='ltr'>mihi</span> <span class='ocrx_word' id='word_1_53' title='bbox 1077 742 1178 782; x_wconf 71' lang='lat' dir='ltr'>est?</span> <span class='ocrx_word' id='word_1_54' title='bbox 1240 740 1323 782; x_wconf 85' lang='lat' dir='ltr'>SY.</span> <span class='ocrx_word' id='word_1_55' title='bbox 1365 740 1581 782; x_wconf 88' lang='lat' dir='ltr'><strong>Minime:</strong></span> 
     </span>
    </p>
   </div>
   <div class='ocr_carea' id='block_1_4' title="bbox 123 809 1582 1260">
    <p class='ocr_par' dir='ltr' id='par_1_6' title="bbox 123 809 1582 1260">
     <span class='ocr_line' id='line_1_9' title="bbox 292 809 1582 855; baseline -0.005 0"><span class='ocrx_word' id='word_1_56' title='bbox 292 819 418 855; x_wconf 89' lang='lat' dir='ltr'>tuum</span> <span class='ocrx_word' id='word_1_57' title='bbox 441 813 523 855; x_wconf 90' lang='lat' dir='ltr'>tibi</span> <span class='ocrx_word' id='word_1_58' title='bbox 548 811 701 853; x_wconf 88' lang='lat' dir='ltr'>reddo.</span> <span class='ocrx_word' id='word_1_59' title='bbox 1327 847 1330 850; x_wconf 82' lang='grc'>,</span> <span class='ocrx_word' id='word_1_60' title='bbox 1525 809 1582 849; x_wconf 72' lang='lat'>20</span> 
     </span>
     <span class='ocr_line' id='line_1_10' title="bbox 123 875 1581 933; baseline -0.005 -10"><span class='ocrx_word' id='word_1_61' title='bbox 123 880 242 922; x_wconf 82' lang='lat' dir='ltr'>BAc.</span> <span class='ocrx_word' id='word_1_62' title='bbox 292 881 446 922; x_wconf 84' lang='lat' dir='ltr'>Eatur.</span> <span class='ocrx_word' id='word_1_63' title='bbox 505 880 591 922; x_wconf 87' lang='lat' dir='ltr'>SY.</span> <span class='ocrx_word' id='word_1_64' title='bbox 633 880 826 933; x_wconf 90' lang='lat' dir='ltr'><strong>Sequere</strong></span> <span class='ocrx_word' id='word_1_65' title='bbox 864 878 962 919; x_wconf 82' lang='lat' dir='ltr'>hac.</span> <span class='ocrx_word' id='word_1_66' title='bbox 1037 876 1185 927; x_wconf 89' lang='lat' dir='ltr'><strong>Heus,</strong></span> <span class='ocrx_word' id='word_1_67' title='bbox 1227 875 1426 917; x_wconf 81' lang='lat' dir='ltr'>Dromo!</span> <span class='ocrx_word' id='word_1_68' title='bbox 1488 875 1581 917; x_wconf 80' lang='lat' dir='ltr'>DR.</span> 
     </span>
     <span class='ocr_line' id='line_1_11' title="bbox 296 943 1505 1001; baseline -0.005 -11"><span class='ocrx_word' id='word_1_69' title='bbox 296 948 410 999; x_wconf 85' lang='lat' dir='ltr'>Quis</span> <span class='ocrx_word' id='word_1_70' title='bbox 429 961 500 989; x_wconf 89' lang='lat' dir='ltr'>me</span> <span class='ocrx_word' id='word_1_71' title='bbox 518 948 646 990; x_wconf 75' lang='lat' dir='ltr'>volt&#39;l</span> <span class='ocrx_word' id='word_1_72' title='bbox 708 947 792 988; x_wconf 84' lang='lat' dir='ltr'>SY.</span> <span class='ocrx_word' id='word_1_73' title='bbox 824 946 978 1001; x_wconf 87' lang='lat' dir='ltr'>Syrus.</span> <span class='ocrx_word' id='word_1_74' title='bbox 1038 945 1134 986; x_wconf 85' lang='lat' dir='ltr'>DR.</span> <span class='ocrx_word' id='word_1_75' title='bbox 1168 943 1293 995; x_wconf 85' lang='lat' dir='ltr'>Quid</span> <span class='ocrx_word' id='word_1_76' title='bbox 1319 949 1388 985; x_wconf 84' lang='lat' dir='ltr'>est</span> <span class='ocrx_word' id='word_1_77' title='bbox 1410 944 1505 984; x_wconf 78' lang='lat' dir='ltr'>rei‘?</span> 
     </span>
     <span class='ocr_line' id='line_1_12' title="bbox 123 1011 1582 1065; baseline -0.003 -8"><span class='ocrx_word' id='word_1_78' title='bbox 123 1015 209 1057; x_wconf 84' lang='lat' dir='ltr'>SY.</span> <span class='ocrx_word' id='word_1_79' title='bbox 238 1015 443 1058; x_wconf 85' lang='lat' dir='ltr'><strong>Ancillas</strong></span> <span class='ocrx_word' id='word_1_80' title='bbox 481 1028 634 1057; x_wconf 88' lang='lat' dir='ltr'>omnes</span> <span class='ocrx_word' id='word_1_81' title='bbox 676 1014 917 1057; x_wconf 85' lang='lat' dir='ltr'>Bacchidis</span> <span class='ocrx_word' id='word_1_82' title='bbox 948 1012 1130 1055; x_wconf 82' lang='lat' dir='ltr'>traduce</span> <span class='ocrx_word' id='word_1_83' title='bbox 1162 1012 1246 1053; x_wconf 88' lang='lat' dir='ltr'>huc</span> <span class='ocrx_word' id='word_1_84' title='bbox 1278 1011 1336 1053; x_wconf 82' lang='lat' dir='ltr'>ad</span> <span class='ocrx_word' id='word_1_85' title='bbox 1365 1024 1448 1053; x_wconf 86' lang='lat' dir='ltr'>vos</span> <span class='ocrx_word' id='word_1_86' title='bbox 1479 1025 1582 1065; x_wconf 86' lang='lat' dir='ltr'>pro-</span> 
     </span>
     <span class='ocr_line' id='line_1_13' title="bbox 298 1097 420 1137; baseline 0 -12"><span class='ocrx_word' id='word_1_87' title='bbox 298 1097 420 1137; x_wconf 90' lang='lat' dir='ltr'>pere.</span> 
     </span>
     <span class='ocr_line' id='line_1_14' title="bbox 124 1148 1578 1204; baseline -0.003 -10"><span class='ocrx_word' id='word_1_88' title='bbox 124 1151 221 1194; x_wconf 83' lang='lat' dir='ltr'>DR.</span> <span class='ocrx_word' id='word_1_89' title='bbox 251 1149 580 1202; x_wconf 74' lang='lat' dir='ltr'>Quamobrem?</span> <span class='ocrx_word' id='word_1_90' title='bbox 641 1148 724 1190; x_wconf 86' lang='lat' dir='ltr'>SY.</span> <span class='ocrx_word' id='word_1_91' title='bbox 759 1148 832 1190; x_wconf 90' lang='lat' dir='ltr'>Ne</span> <span class='ocrx_word' id='word_1_92' title='bbox 854 1163 1054 1204; x_wconf 73' lang='lat' dir='ltr'>quaeras:</span> <span class='ocrx_word' id='word_1_93' title='bbox 1086 1149 1268 1192; x_wconf 78' lang='lat' dir='ltr'>efferant</span> <span class='ocrx_word' id='word_1_94' title='bbox 1298 1161 1398 1203; x_wconf 84' lang='lat' dir='ltr'>quae</span> <span class='ocrx_word' id='word_1_95' title='bbox 1428 1162 1578 1190; x_wconf 86' lang='lat' dir='ltr'>secum</span> 
     </span>
     <span class='ocr_line' id='line_1_15' title="bbox 296 1217 662 1260; baseline 0 -1"><span class='ocrx_word' id='word_1_96' title='bbox 296 1218 386 1260; x_wconf 88' lang='lat' dir='ltr'>huc</span> <span class='ocrx_word' id='word_1_97' title='bbox 407 1217 662 1260; x_wconf 82' lang='lat' dir='ltr'>attulerunt.</span> 
     </span>
    </p>
   </div>
   <div class='ocr_carea' id='block_1_5' title="bbox 126 1336 1589 1721">
    <p class='ocr_par' dir='ltr' id='par_1_7' title="bbox 126 1336 1589 1721">
     <span class='ocr_line' id='line_1_16' title="bbox 128 1336 1587 1378; baseline -0.003 -8"><span class='ocrx_word' id='word_1_98' title='bbox 128 1337 237 1374; x_wconf 76' lang='lat' dir='ltr'>Quid?</span> <span class='ocrx_word' id='word_1_99' title='bbox 281 1337 346 1370; x_wconf 87' lang='grc' dir='ltr'>ΞΥ.</span> <span class='ocrx_word' id='word_1_100' title='bbox 371 1338 503 1378; x_wconf 80' lang='lat' dir='ltr'>Oportet</span> <span class='ocrx_word' id='word_1_101' title='bbox 518 1341 660 1369; x_wconf 81' lang='lat' dir='ltr'>transeas</span> <span class='ocrx_word' id='word_1_102' title='bbox 674 1346 755 1368; x_wconf 82' lang='lat' dir='ltr'>nunc</span> <span class='ocrx_word' id='word_1_103' title='bbox 769 1337 809 1368; x_wconf 83' lang='lat' dir='ltr'>ad</span> <span class='ocrx_word' id='word_1_104' title='bbox 824 1337 906 1368; x_wconf 77' lang='lat' dir='ltr'>cedes</span> <span class='ocrx_word' id='word_1_105' title='bbox 920 1336 1112 1376; x_wconf 77' lang='lat' dir='ltr'>Menedemi,</span> <span class='ocrx_word' id='word_1_106' title='bbox 1127 1340 1157 1368; x_wconf 83' lang='lat' dir='ltr'>et</span> <span class='ocrx_word' id='word_1_107' title='bbox 1170 1339 1242 1368; x_wconf 78' lang='lat' dir='ltr'>tuus</span> <span class='ocrx_word' id='word_1_108' title='bbox 1258 1336 1443 1368; x_wconf 75' lang='lat' dir='ltr'>ancillarum</span> <span class='ocrx_word' id='word_1_109' title='bbox 1457 1336 1587 1368; x_wconf 77' lang='lat' dir='ltr'>comita-</span> 
     </span>
     <span class='ocr_line' id='line_1_17' title="bbox 126 1380 1587 1421; baseline -0.002 -9"><span class='ocrx_word' id='word_1_110' title='bbox 126 1385 176 1412; x_wconf 78' lang='lat' dir='ltr'>tus</span> <span class='ocrx_word' id='word_1_111' title='bbox 191 1391 224 1412; x_wconf 85' lang='lat' dir='ltr'>eo</span> <span class='ocrx_word' id='word_1_112' title='bbox 239 1382 434 1413; x_wconf 78' lang='lat' dir='ltr'>traducatur.</span> <span class='ocrx_word' id='word_1_113' title='bbox 481 1381 548 1412; x_wconf 86' lang='lat' dir='ltr'>BA.</span> <span class='ocrx_word' id='word_1_114' title='bbox 576 1381 604 1410; x_wconf 94' lang='grc' dir='ltr'>Ο</span> <span class='ocrx_word' id='word_1_115' title='bbox 619 1381 753 1420; x_wconf 79' lang='lat' dir='ltr'>sceleste,</span> <span class='ocrx_word' id='word_1_116' title='bbox 767 1381 842 1421; x_wconf 86' lang='lat' dir='ltr'>quid</span> <span class='ocrx_word' id='word_1_117' title='bbox 858 1380 997 1412; x_wconf 75' lang='lat' dir='ltr'>moliris?</span> <span class='ocrx_word' id='word_1_118' title='bbox 1030 1381 1094 1412; x_wconf 91' lang='grc' dir='ltr'>ΞΥ.</span> <span class='ocrx_word' id='word_1_119' title='bbox 1113 1380 1287 1419; x_wconf 64' lang='lat' dir='ltr'>Qum-isne,</span> <span class='ocrx_word' id='word_1_120' title='bbox 1301 1381 1375 1420; x_wconf 77' lang='lat' dir='ltr'>quid</span> <span class='ocrx_word' id='word_1_121' title='bbox 1387 1390 1443 1419; x_wconf 84' lang='lat' dir='ltr'>ego</span> <span class='ocrx_word' id='word_1_122' title='bbox 1457 1380 1587 1410; x_wconf 76' lang='lat' dir='ltr'>moliar?</span> 
     </span>
     <span class='ocr_line' id='line_1_18' title="bbox 126 1422 1586 1463; baseline -0.003 -8"><span class='ocrx_word' id='word_1_123' title='bbox 126 1424 298 1455; x_wconf 81' lang='lat' dir='ltr'>Pecuniam</span> <span class='ocrx_word' id='word_1_124' title='bbox 313 1422 450 1462; x_wconf 77' lang='lat' dir='ltr'>fabrica,</span> <span class='ocrx_word' id='word_1_125' title='bbox 469 1433 561 1463; x_wconf 77' lang='lat' dir='ltr'>quam</span> <span class='ocrx_word' id='word_1_126' title='bbox 574 1422 634 1454; x_wconf 75' lang='lat' dir='ltr'>tibi</span> <span class='ocrx_word' id='word_1_127' title='bbox 649 1424 782 1455; x_wconf 83' lang='lat' dir='ltr'>tradam.</span> <span class='ocrx_word' id='word_1_128' title='bbox 828 1423 893 1454; x_wconf 86' lang='lat' dir='ltr'>BA.</span> <span class='ocrx_word' id='word_1_129' title='bbox 918 1424 1059 1454; x_wconf 78' lang='lat' dir='ltr'>Putasne</span> <span class='ocrx_word' id='word_1_130' title='bbox 1074 1432 1121 1455; x_wconf 84' lang='lat' dir='ltr'>me</span> <span class='ocrx_word' id='word_1_131' title='bbox 1135 1433 1198 1454; x_wconf 83' lang='lat' dir='ltr'>esse</span> <span class='ocrx_word' id='word_1_132' title='bbox 1212 1423 1365 1461; x_wconf 78' lang='lat' dir='ltr'>idoneam,</span> <span class='ocrx_word' id='word_1_133' title='bbox 1387 1433 1477 1463; x_wconf 81' lang='lat' dir='ltr'>quam</span> <span class='ocrx_word' id='word_1_134' title='bbox 1504 1422 1586 1452; x_wconf 78' lang='lat' dir='ltr'>deri-</span> 
     </span>
     <span class='ocr_line' id='line_1_19' title="bbox 126 1465 1586 1506; baseline -0.001 -9"><span class='ocrx_word' id='word_1_135' title='bbox 126 1467 200 1497; x_wconf 85' lang='lat' dir='ltr'>deas</span> <span class='ocrx_word' id='word_1_136' title='bbox 215 1471 245 1498; x_wconf 81' lang='lat' dir='ltr'>et</span> <span class='ocrx_word' id='word_1_137' title='bbox 262 1466 386 1505; x_wconf 81' lang='lat' dir='ltr'>fallas?</span> <span class='ocrx_word' id='word_1_138' title='bbox 425 1466 489 1496; x_wconf 85' lang='lat' dir='ltr'>SY.</span> <span class='ocrx_word' id='word_1_139' title='bbox 514 1467 587 1498; x_wconf 89' lang='lat' dir='ltr'>Non</span> <span class='ocrx_word' id='word_1_140' title='bbox 601 1466 668 1496; x_wconf 83' lang='lat' dir='ltr'>sine</span> <span class='ocrx_word' id='word_1_141' title='bbox 683 1476 775 1497; x_wconf 82' lang='lat' dir='ltr'>causa</span> <span class='ocrx_word' id='word_1_142' title='bbox 796 1466 829 1496; x_wconf 80' lang='lat' dir='ltr'>id</span> <span class='ocrx_word' id='word_1_143' title='bbox 851 1476 922 1505; x_wconf 84' lang='lat' dir='ltr'>ugo.</span> <span class='ocrx_word' id='word_1_144' title='bbox 967 1467 1034 1498; x_wconf 80' lang='lat' dir='ltr'>BA.</span> <span class='ocrx_word' id='word_1_145' title='bbox 1059 1466 1207 1497; x_wconf 82' lang='lat' dir='ltr'>Hubeone</span> <span class='ocrx_word' id='word_1_146' title='bbox 1222 1466 1385 1506; x_wconf 79' lang='lat' dir='ltr'>quicquum</span> <span class='ocrx_word' id='word_1_147' title='bbox 1401 1465 1520 1504; x_wconf 79' lang='lat' dir='ltr'>negotii</span> <span class='ocrx_word' id='word_1_148' title='bbox 1537 1465 1586 1495; x_wconf 78' lang='lat' dir='ltr'>hic</span> 
     </span>
     <span class='ocr_line' id='line_1_20' title="bbox 127 1508 1587 1550; baseline -0.001 -10"><span class='ocrx_word' id='word_1_149' title='bbox 127 1512 248 1540; x_wconf 81' lang='lat' dir='ltr'>tecum?</span> <span class='ocrx_word' id='word_1_150' title='bbox 291 1510 354 1541; x_wconf 87' lang='grc' dir='ltr'>ΞΥ.</span> <span class='ocrx_word' id='word_1_151' title='bbox 378 1508 524 1547; x_wconf 76' lang='lat' dir='ltr'>Minime,</span> <span class='ocrx_word' id='word_1_152' title='bbox 538 1510 592 1539; x_wconf 87' lang='lat' dir='ltr'>sed</span> <span class='ocrx_word' id='word_1_153' title='bbox 606 1508 689 1539; x_wconf 90' lang='lat' dir='ltr'>solvo</span> <span class='ocrx_word' id='word_1_154' title='bbox 702 1519 786 1547; x_wconf 73' lang='lat' dir='ltr'>mox,</span> <span class='ocrx_word' id='word_1_155' title='bbox 801 1508 860 1539; x_wconf 73' lang='lat' dir='ltr'>tibi</span> <span class='ocrx_word' id='word_1_156' title='bbox 875 1510 954 1549; x_wconf 79' lang='lat' dir='ltr'>quod</span> <span class='ocrx_word' id='word_1_157' title='bbox 968 1512 1016 1541; x_wconf 77' lang='lat' dir='ltr'>est</span> <span class='ocrx_word' id='word_1_158' title='bbox 1031 1510 1226 1550; x_wconf 79' lang='lat' dir='ltr'>promissum.</span> <span class='ocrx_word' id='word_1_159' title='bbox 1272 1509 1338 1540; x_wconf 83' lang='lat' dir='ltr'>BA.</span> <span class='ocrx_word' id='word_1_160' title='bbox 1363 1509 1401 1538; x_wconf 91' lang='grc' dir='ltr'><em>Ε</em></span> <span class='ocrx_word' id='word_1_161' title='bbox 1403 1512 1476 1546; x_wconf 76' lang='lat' dir='ltr'>rtur,</span> <span class='ocrx_word' id='word_1_162' title='bbox 1497 1508 1525 1538; x_wconf 79' lang='lat' dir='ltr'>si</span> <span class='ocrx_word' id='word_1_163' title='bbox 1541 1509 1587 1538; x_wconf 79' lang='lat' dir='ltr'>ita</span> 
     </span>
     <span class='ocr_line' id='line_1_21' title="bbox 127 1531 1588 1592; baseline -0.001 -10"><span class='ocrx_word' id='word_1_164' title='bbox 127 1555 186 1591; x_wconf 81' lang='lat' dir='ltr'>est,</span> <span class='ocrx_word' id='word_1_165' title='bbox 199 1555 234 1582; x_wconf 82' lang='lat' dir='ltr'>ut</span> <span class='ocrx_word' id='word_1_166' title='bbox 249 1550 337 1583; x_wconf 74' lang='lat' dir='ltr'>dicis.</span> <span class='ocrx_word' id='word_1_167' title='bbox 381 1552 445 1584; x_wconf 89' lang='grc' dir='ltr'>ΞΥ.</span> <span class='ocrx_word' id='word_1_168' title='bbox 468 1551 603 1592; x_wconf 84' lang='lat' dir='ltr'>Sequere</span> <span class='ocrx_word' id='word_1_169' title='bbox 618 1561 665 1583; x_wconf 87' lang='lat' dir='ltr'>me</span> <span class='ocrx_word' id='word_1_170' title='bbox 680 1551 737 1582; x_wconf 79' lang='lat' dir='ltr'>hac</span> <span class='ocrx_word' id='word_1_171' title='bbox 754 1555 856 1591; x_wconf 78' lang='lat' dir='ltr'>parte,</span> <span class='ocrx_word' id='word_1_172' title='bbox 872 1552 1017 1583; x_wconf 77' lang='lat' dir='ltr'>Bacchis.</span> <span class='ocrx_word' id='word_1_173' title='bbox 1063 1552 1164 1591; x_wconf 82' lang='lat' dir='ltr'>Heus,</span> <span class='ocrx_word' id='word_1_174' title='bbox 1182 1551 1312 1582; x_wconf 84' lang='lat' dir='ltr'>Dromo.</span> <span class='ocrx_word' id='word_1_175' title='bbox 1357 1551 1424 1581; x_wconf 69' lang='lat' dir='ltr'>Im</span> <span class='ocrx_word' id='word_1_176' title='bbox 1448 1531 1527 1586; x_wconf 58' lang='lat' dir='ltr'>Q‘uz&#39;s</span> <span class='ocrx_word' id='word_1_177' title='bbox 1542 1561 1588 1581; x_wconf 85' lang='lat' dir='ltr'>me</span> 
     </span>
     <span class='ocr_line' id='line_1_22' title="bbox 127 1593 1588 1636; baseline -0.001 -11"><span class='ocrx_word' id='word_1_178' title='bbox 127 1596 285 1635; x_wconf 75' lang='lat' dir='ltr'>appellat?</span> <span class='ocrx_word' id='word_1_179' title='bbox 326 1594 389 1626; x_wconf 89' lang='grc' dir='ltr'>ΞΥ.</span> <span class='ocrx_word' id='word_1_180' title='bbox 413 1594 515 1636; x_wconf 76' lang='lat' dir='ltr'>Syrus</span> <span class='ocrx_word' id='word_1_181' title='bbox 528 1597 558 1625; x_wconf 81' lang='lat' dir='ltr'>te</span> <span class='ocrx_word' id='word_1_182' title='bbox 572 1595 649 1625; x_wconf 80' lang='lat' dir='ltr'>vult.</span> <span class='ocrx_word' id='word_1_183' title='bbox 695 1595 763 1625; x_wconf 77' lang='lat' dir='ltr'>DR.</span> <span class='ocrx_word' id='word_1_184' title='bbox 789 1595 868 1630; x_wconf 82' lang='lat' dir='ltr'>Quae</span> <span class='ocrx_word' id='word_1_185' title='bbox 883 1605 932 1626; x_wconf 83' lang='lat' dir='ltr'>res</span> <span class='ocrx_word' id='word_1_186' title='bbox 947 1597 985 1626; x_wconf 83' lang='lat' dir='ltr'>de</span> <span class='ocrx_word' id='word_1_187' title='bbox 1000 1605 1074 1625; x_wconf 77' lang='lat' dir='ltr'>novo</span> <span class='ocrx_word' id='word_1_188' title='bbox 1089 1595 1226 1634; x_wconf 72' lang='lat' dir='ltr'>obtigit?</span> <span class='ocrx_word' id='word_1_189' title='bbox 1271 1595 1330 1625; x_wconf 82' lang='grc' dir='ltr'>ΞΥ.</span> <span class='ocrx_word' id='word_1_190' title='bbox 1357 1594 1480 1624; x_wconf 72' lang='grc' dir='ltr'><em>Τνιαίιω</em></span> <span class='ocrx_word' id='word_1_191' title='bbox 1492 1593 1588 1631; x_wconf 77' lang='lat' dir='ltr'>festi</span> 
     </span>
     <span class='ocr_line' id='line_1_23' title="bbox 128 1634 1588 1676; baseline -0.001 -8"><span class='ocrx_word' id='word_1_192' title='bbox 128 1640 242 1668; x_wconf 80' lang='lat' dir='ltr'>nanter</span> <span class='ocrx_word' id='word_1_193' title='bbox 255 1637 327 1668; x_wconf 80' lang='lat' dir='ltr'>hinc</span> <span class='ocrx_word' id='word_1_194' title='bbox 341 1638 381 1668; x_wconf 84' lang='lat' dir='ltr'>ad</span> <span class='ocrx_word' id='word_1_195' title='bbox 394 1647 446 1668; x_wconf 82' lang='lat' dir='ltr'>vos</span> <span class='ocrx_word' id='word_1_196' title='bbox 460 1647 562 1668; x_wconf 87' lang='lat' dir='ltr'>omnes</span> <span class='ocrx_word' id='word_1_197' title='bbox 585 1637 714 1668; x_wconf 77' lang='lat' dir='ltr'>ancillas</span> <span class='ocrx_word' id='word_1_198' title='bbox 728 1637 910 1668; x_wconf 73' lang='lat' dir='ltr'>Bacchidis.</span> <span class='ocrx_word' id='word_1_199' title='bbox 956 1638 1027 1668; x_wconf 80' lang='lat' dir='ltr'>DR.</span> <span class='ocrx_word' id='word_1_200' title='bbox 1056 1634 1284 1672; x_wconf 75' lang='lat' dir='ltr'>Quamobrem?</span> <span class='ocrx_word' id='word_1_201' title='bbox 1327 1636 1388 1666; x_wconf 88' lang='grc' dir='ltr'>ΞΥ</span> <span class='ocrx_word' id='word_1_202' title='bbox 1413 1636 1490 1667; x_wconf 78' lang='lat' dir='ltr'>Noli</span> <span class='ocrx_word' id='word_1_203' title='bbox 1505 1647 1588 1676; x_wconf 70' lang='lat' dir='ltr'>qua&gt;-</span> 
     </span>
     <span class='ocr_line' id='line_1_24' title="bbox 130 1680 1589 1721; baseline -0.001 -10"><span class='ocrx_word' id='word_1_204' title='bbox 130 1689 224 1717; x_wconf 85' lang='lat' dir='ltr'>rere;</span> <span class='ocrx_word' id='word_1_205' title='bbox 245 1685 276 1712; x_wconf 75' lang='lat' dir='ltr'>et</span> <span class='ocrx_word' id='word_1_206' title='bbox 292 1681 368 1721; x_wconf 78' lang='lat' dir='ltr'>ipsae</span> <span class='ocrx_word' id='word_1_207' title='bbox 383 1680 506 1711; x_wconf 81' lang='lat' dir='ltr'>ancilloe</span> <span class='ocrx_word' id='word_1_208' title='bbox 520 1689 622 1711; x_wconf 87' lang='lat' dir='ltr'>secum</span> <span class='ocrx_word' id='word_1_209' title='bbox 647 1683 821 1721; x_wconf 32' lang='lat' dir='ltr'>expoerent</span> <span class='ocrx_word' id='word_1_210' title='bbox 847 1690 1044 1721; x_wconf 79' lang='lat' dir='ltr'>quaecumque</span> <span class='ocrx_word' id='word_1_211' title='bbox 1067 1681 1125 1712; x_wconf 80' lang='lat' dir='ltr'>huo</span> <span class='ocrx_word' id='word_1_212' title='bbox 1149 1683 1397 1720; x_wconf 64' lang='lat' dir='ltr'>asportat-erunt.</span> <span class='ocrx_word' id='word_1_213' title='bbox 1445 1680 1589 1711; x_wconf 76' lang='lat' dir='ltr'>Chremes</span> 
     </span>
    </p>
   </div>
   <div class='ocr_carea' id='block_1_6' title="bbox 748 1785 988 1797">
    <p class='ocr_par' dir='ltr' id='par_1_8' title="bbox 748 1785 988 1797">
     <span class='ocr_line' id='line_1_25' title="bbox 748 1785 988 1797; baseline 0 -1"><span class='ocrx_word' id='word_1_214' title='bbox 748 1785 988 1797; x_wconf 50' lang='lat' dir='ltr'>‘tenu-&#39;vete</span> 
     </span>
    </p>
   </div>
   <div class='ocr_carea' id='block_1_7' title="bbox 114 1857 1606 2843">
    <p class='ocr_par' dir='ltr' id='par_1_9' title="bbox 114 1857 1606 2843">
     <span class='ocr_line' id='line_1_26' title="bbox 130 1857 1587 1901; baseline -0.003 -9"><span class='ocrx_word' id='word_1_215' title='bbox 130 1859 304 1901; x_wconf 78' lang='lat' dir='ltr'>corripere</span> <span class='ocrx_word' id='word_1_216' title='bbox 331 1859 420 1891; x_wconf 89' lang='lat' dir='ltr'>solet</span> <span class='ocrx_word' id='word_1_217' title='bbox 443 1859 607 1890; x_wconf 84' lang='lat' dir='ltr'>ultimam.</span> <span class='ocrx_word' id='word_1_218' title='bbox 652 1858 763 1891; x_wconf 86' lang='lat' dir='ltr'>Iidem</span> <span class='ocrx_word' id='word_1_219' title='bbox 787 1857 926 1896; x_wconf 84' lang='lat' dir='ltr'>habent,</span> <span class='ocrx_word' id='word_1_220' title='bbox 952 1857 1036 1894; x_wconf 79' lang='lat' dir='ltr'>Quin</span> <span class='ocrx_word' id='word_1_221' title='bbox 1058 1867 1115 1897; x_wconf 86' lang='lat' dir='ltr'>ego</span> <span class='ocrx_word' id='word_1_222' title='bbox 1135 1858 1185 1889; x_wconf 82' lang='lat' dir='ltr'>hic</span> <span class='ocrx_word' id='word_1_223' title='bbox 1208 1868 1248 1888; x_wconf 86' lang='lat' dir='ltr'>m.</span> <span class='ocrx_word' id='word_1_224' title='bbox 1272 1867 1339 1898; x_wconf 94' lang='lat' dir='ltr'>quo</span> <span class='ocrx_word' id='word_1_225' title='bbox 1363 1857 1465 1888; x_wconf 85' lang='lat' dir='ltr'>etiam</span> <span class='ocrx_word' id='word_1_226' title='bbox 1488 1857 1587 1887; x_wconf 80' lang='lat' dir='ltr'>modo</span> 
     </span>
     <span class='ocr_line' id='line_1_27' title="bbox 130 1901 1588 1944; baseline -0.004 -10"><span class='ocrx_word' id='word_1_227' title='bbox 130 1902 238 1934; x_wconf 88' lang='lat' dir='ltr'>stabit</span> <span class='ocrx_word' id='word_1_228' title='bbox 254 1912 385 1933; x_wconf 83' lang='lat' dir='ltr'>versus.</span> <span class='ocrx_word' id='word_1_229' title='bbox 409 1902 505 1934; x_wconf 86' lang='lat' dir='ltr'>Bent.</span> <span class='ocrx_word' id='word_1_230' title='bbox 530 1903 587 1944; x_wconf 87' lang='lat' dir='ltr'>qui</span> <span class='ocrx_word' id='word_1_231' title='bbox 614 1907 727 1933; x_wconf 86' lang='lat' dir='ltr'>tamen</span> <span class='ocrx_word' id='word_1_232' title='bbox 743 1902 877 1942; x_wconf 82' lang='lat' dir='ltr'>legitut</span> <span class='ocrx_word' id='word_1_233' title='bbox 894 1911 965 1932; x_wconf 74' lang='lat' dir='ltr'>n05.</span> <span class='ocrx_word' id='word_1_234' title='bbox 1011 1901 1096 1933; x_wconf 85' lang='lat' dir='ltr'>Abi..</span> <span class='ocrx_word' id='word_1_235' title='bbox 1102 1901 1202 1937; x_wconf 63' lang='grc' dir='ltr'><strong><em>,φαίη</em></strong></span> <span class='ocrx_word' id='word_1_236' title='bbox 1218 1911 1245 1931; x_wconf 86' lang='lat' dir='ltr'>e.</span> <span class='ocrx_word' id='word_1_237' title='bbox 1262 1901 1312 1931; x_wconf 78' lang='grc' dir='ltr'>Ιιὶε</span> <span class='ocrx_word' id='word_1_238' title='bbox 1334 1901 1382 1931; x_wconf 86' lang='grc' dir='ltr'>Βι·</span> <span class='ocrx_word' id='word_1_239' title='bbox 1385 1903 1480 1930; x_wconf 79' lang='grc'><strong>.-18</strong></span> <span class='ocrx_word' id='word_1_240' title='bbox 1505 1901 1588 1930; x_wconf 72' lang='lat' dir='ltr'>Mss.</span> 
     </span>
     <span class='ocr_line' id='line_1_28' title="bbox 130 1943 1588 1985; baseline -0.003 -8"><span class='ocrx_word' id='word_1_241' title='bbox 130 1950 166 1977; x_wconf 86' lang='lat' dir='ltr'>et</span> <span class='ocrx_word' id='word_1_242' title='bbox 181 1945 265 1977; x_wconf 87' lang='lat' dir='ltr'>editi</span> <span class='ocrx_word' id='word_1_243' title='bbox 281 1945 415 1985; x_wconf 86' lang='lat' dir='ltr'>quidam</span> <span class='ocrx_word' id='word_1_244' title='bbox 430 1945 556 1976; x_wconf 74' lang='lat' dir='ltr'>dabit-m</span> <span class='ocrx_word' id='word_1_245' title='bbox 571 1945 639 1977; x_wconf 78' lang='lat' dir='ltr'>tz&#39;bz&#39;.</span> <span class='ocrx_word' id='word_1_246' title='bbox 685 1945 735 1976; x_wconf 88' lang='lat' dir='ltr'>M.</span> <span class='ocrx_word' id='word_1_247' title='bbox 749 1955 809 1976; x_wconf 86' lang='lat' dir='ltr'>non</span> <span class='ocrx_word' id='word_1_248' title='bbox 832 1954 889 1983; x_wconf 81' lang='lat' dir='ltr'>ego</span> <span class='ocrx_word' id='word_1_249' title='bbox 902 1945 993 1976; x_wconf 72' lang='lat' dir='ltr'>insto.</span> <span class='ocrx_word' id='word_1_250' title='bbox 1038 1944 1096 1975; x_wconf 90' lang='lat' dir='ltr'>Ita</span> <span class='ocrx_word' id='word_1_251' title='bbox 1121 1948 1157 1975; x_wconf 90' lang='lat' dir='ltr'>et</span> <span class='ocrx_word' id='word_1_252' title='bbox 1182 1944 1337 1983; x_wconf 85' lang='lat' dir='ltr'>impressi</span> <span class='ocrx_word' id='word_1_253' title='bbox 1365 1943 1503 1984; x_wconf 81' lang='lat' dir='ltr'>qnidam</span> <span class='ocrx_word' id='word_1_254' title='bbox 1532 1952 1588 1973; x_wconf 90' lang='lat' dir='ltr'>ve·</span> 
     </span>
     <span class='ocr_line' id='line_1_29' title="bbox 130 1985 1587 2025; baseline -0.002 -7"><span class='ocrx_word' id='word_1_255' title='bbox 130 1993 235 2020; x_wconf 85' lang='lat' dir='ltr'>teres.</span> <span class='ocrx_word' id='word_1_256' title='bbox 263 1988 364 2020; x_wconf 80' lang='lat' dir='ltr'>West.</span> <span class='ocrx_word' id='word_1_257' title='bbox 419 1988 589 2019; x_wconf 83' lang='lat' dir='ltr'>‘Frustra</span> <span class='ocrx_word' id='word_1_258' title='bbox 619 1988 671 2018; x_wconf 89' lang='lat' dir='ltr'>vir</span> <span class='ocrx_word' id='word_1_259' title='bbox 701 1988 836 2025; x_wconf 84' lang='lat' dir='ltr'>doctus,</span> <span class='ocrx_word' id='word_1_260' title='bbox 858 1987 946 2018; x_wconf 84' lang='lat' dir='ltr'>scin?</span> <span class='ocrx_word' id='word_1_261' title='bbox 989 1987 1057 2018; x_wconf 84' lang='lat' dir='ltr'>BA.</span> <span class='ocrx_word' id='word_1_262' title='bbox 1084 1987 1168 2022; x_wconf 78' lang='lat' dir='ltr'>Quid</span> <span class='ocrx_word' id='word_1_263' title='bbox 1200 1988 1308 2017; x_wconf 83' lang='lat' dir='ltr'>sodes?</span> <span class='ocrx_word' id='word_1_264' title='bbox 1363 1985 1499 2022; x_wconf 81' lang='lat' dir='ltr'>‘Quia,’</span> <span class='ocrx_word' id='word_1_265' title='bbox 1539 1985 1587 2015; x_wconf 88' lang='lat' dir='ltr'>in-</span> 
     </span>
     <span class='ocr_line' id='line_1_30' title="bbox 130 2028 1588 2072; baseline -0.003 -10"><span class='ocrx_word' id='word_1_266' title='bbox 130 2031 217 2072; x_wconf 82' lang='lat' dir='ltr'>quit,</span> <span class='ocrx_word' id='word_1_267' title='bbox 248 2031 258 2047; x_wconf 91' lang='lat'>‘</span> <span class='ocrx_word' id='word_1_268' title='bbox 287 2031 396 2062; x_wconf 85' lang='lat' dir='ltr'>istanc</span> <span class='ocrx_word' id='word_1_269' title='bbox 424 2030 658 2071; x_wconf 84' lang='lat' dir='ltr'>interrogandi</span> <span class='ocrx_word' id='word_1_270' title='bbox 698 2030 875 2061; x_wconf 85' lang='lat' dir='ltr'>formulam</span> <span class='ocrx_word' id='word_1_271' title='bbox 906 2039 970 2060; x_wconf 87' lang='lat' dir='ltr'>non</span> <span class='ocrx_word' id='word_1_272' title='bbox 1015 2030 1097 2060; x_wconf 87' lang='lat' dir='ltr'>satis</span> <span class='ocrx_word' id='word_1_273' title='bbox 1137 2029 1315 2070; x_wconf 66' lang='lat' dir='ltr'>intelligo!</span> <span class='ocrx_word' id='word_1_274' title='bbox 1370 2029 1476 2059; x_wconf 85' lang='lat' dir='ltr'>‘Scin</span> <span class='ocrx_word' id='word_1_275' title='bbox 1508 2028 1588 2070; x_wconf 85' lang='lat' dir='ltr'>quid</span> 
     </span>
     <span class='ocr_line' id='line_1_31' title="bbox 129 2071 1587 2112; baseline -0.002 -8"><span class='ocrx_word' id='word_1_276' title='bbox 129 2071 257 2112; x_wconf 86' lang='lat' dir='ltr'>sodes,&#39;</span> <span class='ocrx_word' id='word_1_277' title='bbox 286 2073 464 2104; x_wconf 84' lang='lat' dir='ltr'>subaudi‘</span> <span class='ocrx_word' id='word_1_278' title='bbox 480 2072 608 2112; x_wconf 86' lang='lat' dir='ltr'>facias‚&#39;</span> <span class='ocrx_word' id='word_1_279' title='bbox 641 2077 681 2104; x_wconf 87' lang='lat' dir='ltr'>ut</span> <span class='ocrx_word' id='word_1_280' title='bbox 708 2073 785 2104; x_wconf 84' lang='lat' dir='ltr'>libri</span> <span class='ocrx_word' id='word_1_281' title='bbox 815 2073 901 2104; x_wconf 89' lang='lat' dir='ltr'>bene</span> <span class='ocrx_word' id='word_1_282' title='bbox 928 2073 1028 2103; x_wconf 87' lang='lat' dir='ltr'>multi</span> <span class='ocrx_word' id='word_1_283' title='bbox 1057 2072 1112 2103; x_wconf 86' lang='lat' dir='ltr'>hic</span> <span class='ocrx_word' id='word_1_284' title='bbox 1140 2072 1174 2103; x_wconf 88' lang='lat' dir='ltr'>in</span> <span class='ocrx_word' id='word_1_285' title='bbox 1210 2077 1308 2103; x_wconf 85' lang='lat' dir='ltr'>textu</span> <span class='ocrx_word' id='word_1_286' title='bbox 1344 2071 1494 2108; x_wconf 81' lang='lat' dir='ltr'>addunt3</span> <span class='ocrx_word' id='word_1_287' title='bbox 1535 2072 1587 2102; x_wconf 86' lang='lat' dir='ltr'>vel</span> 
     </span>
     <span class='ocr_line' id='line_1_32' title="bbox 130 2112 1588 2155; baseline -0.003 -7"><span class='ocrx_word' id='word_1_288' title='bbox 130 2115 268 2148; x_wconf 84' lang='lat' dir='ltr'>‘faeere</span> <span class='ocrx_word' id='word_1_289' title='bbox 283 2120 319 2147; x_wconf 89' lang='lat' dir='ltr'>te</span> <span class='ocrx_word' id='word_1_290' title='bbox 343 2115 490 2148; x_wconf 84' lang='lat' dir='ltr'>velim.&#39;&#39;</span> <span class='ocrx_word' id='word_1_291' title='bbox 514 2117 612 2147; x_wconf 81' lang='lat' dir='ltr'>Bent.</span> <span class='ocrx_word' id='word_1_292' title='bbox 656 2116 782 2146; x_wconf 90' lang='lat' dir='ltr'>‘Multi</span> <span class='ocrx_word' id='word_1_293' title='bbox 807 2115 908 2146; x_wconf 87' lang='lat' dir='ltr'>codd.</span> <span class='ocrx_word' id='word_1_294' title='bbox 938 2115 972 2145; x_wconf 92' lang='lat' dir='ltr'>in</span> <span class='ocrx_word' id='word_1_295' title='bbox 1002 2115 1051 2146; x_wconf 86' lang='lat' dir='ltr'>lris</span> <span class='ocrx_word' id='word_1_296' title='bbox 1079 2115 1210 2146; x_wconf 88' lang='lat' dir='ltr'>nostri:</span> <span class='ocrx_word' id='word_1_297' title='bbox 1233 2115 1309 2155; x_wconf 79' lang='lat' dir='ltr'>quid</span> <span class='ocrx_word' id='word_1_298' title='bbox 1334 2116 1423 2145; x_wconf 83' lang='lat' dir='ltr'>sodes</span> <span class='ocrx_word' id='word_1_299' title='bbox 1444 2112 1588 2152; x_wconf 75' lang='lat' dir='ltr'>facias?&#39;</span> 
     </span>
     <span class='ocr_line' id='line_1_33' title="bbox 131 2157 1588 2197; baseline -0.001 -8"><span class='ocrx_word' id='word_1_300' title='bbox 131 2158 233 2190; x_wconf 89' lang='lat' dir='ltr'>Both.</span> <span class='ocrx_word' id='word_1_301' title='bbox 277 2157 335 2189; x_wconf 84' lang='lat' dir='ltr'>Ita</span> <span class='ocrx_word' id='word_1_302' title='bbox 358 2158 530 2190; x_wconf 83' lang='lat' dir='ltr'>GM.—17</span> <span class='ocrx_word' id='word_1_303' title='bbox 556 2159 661 2190; x_wconf 85' lang='lat' dir='ltr'>Nunc.</span> <span class='ocrx_word' id='word_1_304' title='bbox 706 2158 931 2189; x_wconf 81' lang='lat' dir='ltr'>Desideratur</span> <span class='ocrx_word' id='word_1_305' title='bbox 954 2158 1027 2188; x_wconf 83' lang='lat' dir='ltr'>haec</span> <span class='ocrx_word' id='word_1_306' title='bbox 1054 2167 1121 2188; x_wconf 80' lang='lat' dir='ltr'>vox</span> <span class='ocrx_word' id='word_1_307' title='bbox 1147 2158 1181 2189; x_wconf 92' lang='lat' dir='ltr'>in</span> <span class='ocrx_word' id='word_1_308' title='bbox 1204 2158 1274 2189; x_wconf 86' lang='lat' dir='ltr'>Ms.</span> <span class='ocrx_word' id='word_1_309' title='bbox 1302 2157 1395 2197; x_wconf 86' lang='lat' dir='ltr'>Lips.</span> <span class='ocrx_word' id='word_1_310' title='bbox 1423 2157 1525 2188; x_wconf 88' lang='lat' dir='ltr'>Bodl.</span> <span class='ocrx_word' id='word_1_311' title='bbox 1553 2163 1588 2187; x_wconf 88' lang='lat' dir='ltr'>et</span> 
     </span>
     <span class='ocr_line' id='line_1_34' title="bbox 130 2199 1589 2242; baseline -0.001 -10"><span class='ocrx_word' id='word_1_312' title='bbox 130 2201 254 2232; x_wconf 85' lang='lat' dir='ltr'>Boend.</span> <span class='ocrx_word' id='word_1_313' title='bbox 269 2210 346 2232; x_wconf 85' lang='lat' dir='ltr'>cum</span> <span class='ocrx_word' id='word_1_314' title='bbox 362 2199 437 2232; x_wconf 79' lang='lat' dir='ltr'>EA.</span> <span class='ocrx_word' id='word_1_315' title='bbox 463 2202 560 2233; x_wconf 83' lang='lat' dir='ltr'>West.</span> <span class='ocrx_word' id='word_1_316' title='bbox 619 2201 718 2233; x_wconf 91' lang='lat' dir='ltr'>Bem.</span> <span class='ocrx_word' id='word_1_317' title='bbox 745 2206 824 2242; x_wconf 85' lang='lat' dir='ltr'>post</span> <span class='ocrx_word' id='word_1_318' title='bbox 847 2205 855 2218; x_wconf 83' lang='lat'><em>‘</em></span> <span class='ocrx_word' id='word_1_319' title='bbox 867 2200 1125 2232; x_wconf 86' lang='lat' dir='ltr'>Transeundum</span> <span class='ocrx_word' id='word_1_320' title='bbox 1140 2199 1148 2212; x_wconf 93' lang='lat'>&#39;</span> <span class='ocrx_word' id='word_1_321' title='bbox 1174 2206 1209 2232; x_wconf 90' lang='lat' dir='ltr'>et</span> <span class='ocrx_word' id='word_1_322' title='bbox 1224 2210 1291 2231; x_wconf 89' lang='lat' dir='ltr'>non</span> <span class='ocrx_word' id='word_1_323' title='bbox 1307 2204 1384 2241; x_wconf 86' lang='lat' dir='ltr'>post</span> <span class='ocrx_word' id='word_1_324' title='bbox 1400 2200 1409 2216; x_wconf 82' lang='lat'>‘</span> <span class='ocrx_word' id='word_1_325' title='bbox 1424 2199 1589 2231; x_wconf 84' lang='lat' dir='ltr'>Menede-</span> 
     </span>
     <span class='ocr_line' id='line_1_35' title="bbox 131 2243 1588 2285; baseline -0.002 -10"><span class='ocrx_word' id='word_1_326' title='bbox 131 2243 241 2275; x_wconf 88' lang='lat' dir='ltr'>mum&#39;</span> <span class='ocrx_word' id='word_1_327' title='bbox 258 2243 361 2274; x_wconf 89' lang='lat' dir='ltr'>habet</span> <span class='ocrx_word' id='word_1_328' title='bbox 376 2243 518 2275; x_wconf 87' lang='lat' dir='ltr'>verbum</span> <span class='ocrx_word' id='word_1_329' title='bbox 533 2247 591 2275; x_wconf 79' lang='lat' dir='ltr'>est.</span> <span class='ocrx_word' id='word_1_330' title='bbox 635 2244 695 2274; x_wconf 90' lang='lat' dir='ltr'>Br.</span> <span class='ocrx_word' id='word_1_331' title='bbox 719 2244 816 2285; x_wconf 87' lang='lat' dir='ltr'>legit,</span> <span class='ocrx_word' id='word_1_332' title='bbox 836 2244 1071 2274; x_wconf 80' lang='lat' dir='ltr'>Transeundum</span> <span class='ocrx_word' id='word_1_333' title='bbox 1098 2243 1156 2274; x_wconf 73' lang='lat' dir='ltr'>tibi</span> <span class='ocrx_word' id='word_1_334' title='bbox 1183 2247 1229 2274; x_wconf 82' lang='lat' dir='ltr'>est</span> <span class='ocrx_word' id='word_1_335' title='bbox 1251 2244 1292 2274; x_wconf 86' lang='lat' dir='ltr'>ad</span> <span class='ocrx_word' id='word_1_336' title='bbox 1317 2243 1532 2274; x_wconf 79' lang='lat' dir='ltr'>Menedemum</span> <span class='ocrx_word' id='word_1_337' title='bbox 1558 2247 1588 2272; x_wconf 83' lang='lat' dir='ltr'>et</span> 
     </span>
     <span class='ocr_line' id='line_1_36' title="bbox 131 2285 1588 2327; baseline -0.001 -10"><span class='ocrx_word' id='word_1_338' title='bbox 131 2290 156 2318; x_wconf 83' lang='lat' dir='ltr'>t.</span> <span class='ocrx_word' id='word_1_339' title='bbox 170 2297 201 2327; x_wconf 79' lang='lat' dir='ltr'>p.</span> <span class='ocrx_word' id='word_1_340' title='bbox 245 2286 255 2304; x_wconf 88' lang='lat'>‘</span> <span class='ocrx_word' id='word_1_341' title='bbox 273 2286 375 2327; x_wconf 89' lang='lat' dir='ltr'>Vulg.</span> <span class='ocrx_word' id='word_1_342' title='bbox 395 2286 506 2317; x_wconf 85' lang='lat' dir='ltr'>Tr.ans</span> <span class='ocrx_word' id='word_1_343' title='bbox 522 2296 603 2318; x_wconf 80' lang='lat' dir='ltr'>nunc</span> <span class='ocrx_word' id='word_1_344' title='bbox 618 2286 699 2318; x_wconf 77' lang='lat' dir='ltr'>tibi.-</span> <span class='ocrx_word' id='word_1_345' title='bbox 723 2286 784 2318; x_wconf 84' lang='lat' dir='ltr'>sed</span> <span class='ocrx_word' id='word_1_346' title='bbox 797 2286 966 2318; x_wconf 87' lang='lat' dir='ltr'>omittitur</span> <span class='ocrx_word' id='word_1_347' title='bbox 978 2286 1106 2317; x_wconf 88' lang='lat' dir='ltr'>nuncin</span> <span class='ocrx_word' id='word_1_348' title='bbox 1120 2286 1221 2318; x_wconf 86' lang='lat' dir='ltr'>codd.</span> <span class='ocrx_word' id='word_1_349' title='bbox 1237 2285 1268 2317; x_wconf 89' lang='lat' dir='ltr'><strong>A</strong></span> <span class='ocrx_word' id='word_1_350' title='bbox 1285 2286 1388 2324; x_wconf 87' lang='lat' dir='ltr'>etB;</span> <span class='ocrx_word' id='word_1_351' title='bbox 1414 2286 1588 2316; x_wconf 82' lang='lat' dir='ltr'>Cantem-</span> 
     </span>
     <span class='ocr_line' id='line_1_37' title="bbox 135 2328 1590 2385; baseline -0.002 -24"><span class='ocrx_word' id='word_1_352' title='bbox 135 2329 365 2361; x_wconf 84' lang='lat' dir='ltr'>Transeundum</span> <span class='ocrx_word' id='word_1_353' title='bbox 372 2329 466 2385; x_wconf 33' lang='lat' dir='ltr'>”quid</span> <span class='ocrx_word' id='word_1_354' title='bbox 470 2329 540 2367; x_wconf 78' lang='lat' dir='ltr'>tibi,</span> <span class='ocrx_word' id='word_1_355' title='bbox 554 2331 607 2369; x_wconf 60' lang='lat' dir='ltr'>&amp;a</span> <span class='ocrx_word' id='word_1_356' title='bbox 633 2329 729 2378; x_wconf 83' lang='lat' dir='ltr'>quod</span> <span class='ocrx_word' id='word_1_357' title='bbox 748 2339 816 2360; x_wconf 90' lang='lat' dir='ltr'>non</span> <span class='ocrx_word' id='word_1_358' title='bbox 841 2329 1069 2370; x_wconf 83' lang='lat' dir='ltr'>spernendum</span> <span class='ocrx_word' id='word_1_359' title='bbox 1096 2329 1189 2368; x_wconf 80' lang='lat' dir='ltr'>duxi,</span> <span class='ocrx_word' id='word_1_360' title='bbox 1212 2333 1334 2369; x_wconf 87' lang='lat' dir='ltr'>utpote</span> <span class='ocrx_word' id='word_1_361' title='bbox 1356 2329 1453 2359; x_wconf 81' lang='lat' dir='ltr'>iratae</span> <span class='ocrx_word' id='word_1_362' title='bbox 1475 2328 1590 2358; x_wconf 81' lang='lat' dir='ltr'>admo-</span> 
     </span>
     <span class='ocr_line' id='line_1_38' title="bbox 132 2352 1590 2414; baseline -0.001 -12"><span class='ocrx_word' id='word_1_363' title='bbox 132 2372 212 2403; x_wconf 91' lang='lat' dir='ltr'>dum</span> <span class='ocrx_word' id='word_1_364' title='bbox 237 2371 466 2403; x_wconf 65' lang='lat' dir='ltr'>conveniens!</span> <span class='ocrx_word' id='word_1_365' title='bbox 508 2352 606 2405; x_wconf 76' lang='lat' dir='ltr'>B&#39;oth.</span> <span class='ocrx_word' id='word_1_366' title='bbox 635 2373 692 2414; x_wconf 85' lang='lat' dir='ltr'>qui</span> <span class='ocrx_word' id='word_1_367' title='bbox 722 2372 823 2414; x_wconf 83' lang='lat' dir='ltr'>igitur</span> <span class='ocrx_word' id='word_1_368' title='bbox 848 2373 929 2409; x_wconf 66' lang='lat' dir='ltr'>legit</span> <span class='ocrx_word' id='word_1_369' title='bbox 955 2372 1018 2404; x_wconf 88' lang='grc' dir='ltr'>ΞΥ.</span> <span class='ocrx_word' id='word_1_370' title='bbox 1054 2372 1348 2404; x_wconf 84' lang='lat' dir='ltr'>Transeundum...</span> <span class='ocrx_word' id='word_1_371' title='bbox 1386 2371 1452 2402; x_wconf 82' lang='lat' dir='ltr'>BA.</span> <span class='ocrx_word' id='word_1_372' title='bbox 1480 2369 1590 2406; x_wconf 74' lang='lat' dir='ltr'>Quia?</span> 
     </span>
     <span class='ocr_line' id='line_1_39' title="bbox 131 2414 1588 2457; baseline -0.001 -13"><span class='ocrx_word' id='word_1_373' title='bbox 131 2414 194 2446; x_wconf 85' lang='grc' dir='ltr'>ΞΥ.</span> <span class='ocrx_word' id='word_1_374' title='bbox 221 2415 292 2446; x_wconf 75' lang='lat' dir='ltr'>Tibi</span> <span class='ocrx_word' id='word_1_375' title='bbox 305 2416 346 2446; x_wconf 81' lang='lat' dir='ltr'>ad</span> <span class='ocrx_word' id='word_1_376' title='bbox 361 2415 410 2446; x_wconf 89' lang='lat' dir='ltr'>M.</span> <span class='ocrx_word' id='word_1_377' title='bbox 425 2417 471 2446; x_wconf 84' lang='lat' dir='ltr'>est</span> <span class='ocrx_word' id='word_1_378' title='bbox 488 2419 518 2446; x_wconf 82' lang='lat' dir='ltr'>et</span> <span class='ocrx_word' id='word_1_379' title='bbox 534 2419 558 2447; x_wconf 75' lang='lat' dir='ltr'>t.</span> <span class='ocrx_word' id='word_1_380' title='bbox 579 2425 611 2456; x_wconf 88' lang='lat' dir='ltr'>p.</span> <span class='ocrx_word' id='word_1_381' title='bbox 656 2415 731 2446; x_wconf 88' lang='lat' dir='ltr'>Huc</span> <span class='ocrx_word' id='word_1_382' title='bbox 761 2420 838 2457; x_wconf 86' lang='lat' dir='ltr'>post</span> <span class='ocrx_word' id='word_1_383' title='bbox 866 2415 1056 2446; x_wconf 77' lang='lat' dir='ltr'>Transezmd.</span> <span class='ocrx_word' id='word_1_384' title='bbox 1082 2414 1196 2446; x_wconf 86' lang='lat' dir='ltr'>Grrelf.</span> <span class='ocrx_word' id='word_1_385' title='bbox 1221 2417 1338 2446; x_wconf 82' lang='lat' dir='ltr'>1.-1S</span> <span class='ocrx_word' id='word_1_386' title='bbox 1362 2414 1421 2444; x_wconf 71' lang='grc' dir='ltr'>ΒΓ.</span> <span class='ocrx_word' id='word_1_387' title='bbox 1448 2414 1588 2445; x_wconf 45' lang='lat' dir='ltr'>trmmsda-</span> 
     </span>
     <span class='ocr_line' id='line_1_40' title="bbox 132 2457 1590 2498; baseline -0.002 -9"><span class='ocrx_word' id='word_1_388' title='bbox 132 2458 238 2489; x_wconf 73' lang='lat' dir='ltr'>cende.</span> <span class='ocrx_word' id='word_1_389' title='bbox 282 2458 380 2489; x_wconf 80' lang='lat' dir='ltr'>Rem.</span> <span class='ocrx_word' id='word_1_390' title='bbox 399 2458 489 2497; x_wconf 83' lang='lat' dir='ltr'>Ego?</span> <span class='ocrx_word' id='word_1_391' title='bbox 512 2460 681 2497; x_wconf 84' lang='lat' dir='ltr'>probante</span> <span class='ocrx_word' id='word_1_392' title='bbox 707 2459 767 2490; x_wconf 85' lang='lat' dir='ltr'>Fa.</span> <span class='ocrx_word' id='word_1_393' title='bbox 812 2460 927 2497; x_wconf 84' lang='lat' dir='ltr'>Egon?</span> <span class='ocrx_word' id='word_1_394' title='bbox 950 2457 1107 2489; x_wconf 82' lang='lat' dir='ltr'>defendit</span> <span class='ocrx_word' id='word_1_395' title='bbox 1134 2459 1233 2489; x_wconf 86' lang='lat' dir='ltr'>Bent.</span> <span class='ocrx_word' id='word_1_396' title='bbox 1261 2458 1350 2498; x_wconf 87' lang='lat' dir='ltr'>quod</span> <span class='ocrx_word' id='word_1_397' title='bbox 1377 2457 1461 2488; x_wconf 84' lang='lat' dir='ltr'>dant</span> <span class='ocrx_word' id='word_1_398' title='bbox 1489 2457 1590 2487; x_wconf 81' lang='lat' dir='ltr'>etiarn</span> 
     </span>
     <span class='ocr_line' id='line_1_41' title="bbox 132 2499 1606 2542; baseline -0.001 -11"><span class='ocrx_word' id='word_1_399' title='bbox 132 2500 195 2531; x_wconf 68' lang='grc' dir='ltr'>ΒΓ.</span> <span class='ocrx_word' id='word_1_400' title='bbox 212 2500 308 2531; x_wconf 87' lang='lat' dir='ltr'>Perl.</span> <span class='ocrx_word' id='word_1_401' title='bbox 323 2500 451 2541; x_wconf 89' lang='lat' dir='ltr'>Delph.</span> <span class='ocrx_word' id='word_1_402' title='bbox 496 2499 590 2540; x_wconf 79' lang='lat' dir='ltr'>Ego?</span> <span class='ocrx_word' id='word_1_403' title='bbox 613 2502 672 2532; x_wconf 87' lang='lat' dir='ltr'>dat</span> <span class='ocrx_word' id='word_1_404' title='bbox 688 2501 793 2533; x_wconf 83' lang='lat' dir='ltr'>Both.</span> <span class='ocrx_word' id='word_1_405' title='bbox 840 2502 886 2541; x_wconf 78' lang='lat' dir='ltr'>Eg</span> <span class='ocrx_word' id='word_1_406' title='bbox 872 2504 1089 2540; x_wconf 72' lang='lat' dir='ltr'>ooargentum</span> <span class='ocrx_word' id='word_1_407' title='bbox 1106 2501 1185 2542; x_wconf 86' lang='lat' dir='ltr'>Bip.</span> <span class='ocrx_word' id='word_1_408' title='bbox 1213 2501 1286 2532; x_wconf 82' lang='lat' dir='ltr'>sine</span> <span class='ocrx_word' id='word_1_409' title='bbox 1312 2500 1591 2540; x_wconf 74' lang='lat' dir='ltr'>interrogatione.</span> <span class='ocrx_word' id='word_1_410' title='bbox 1604 2515 1606 2517; x_wconf 60' lang='lat'>&gt;</span> 
     </span>
     <span class='ocr_line' id='line_1_42' title="bbox 131 2543 1591 2585; baseline -0.001 -11"><span class='ocrx_word' id='word_1_411' title='bbox 131 2545 217 2574; x_wconf 88' lang='lat'>—19</span> <span class='ocrx_word' id='word_1_412' title='bbox 241 2543 311 2574; x_wconf 83' lang='lat' dir='ltr'>Hoc</span> <span class='ocrx_word' id='word_1_413' title='bbox 327 2548 404 2574; x_wconf 89' lang='lat' dir='ltr'>ante</span> <span class='ocrx_word' id='word_1_414' title='bbox 421 2547 535 2574; x_wconf 84' lang='lat' dir='ltr'>temere</span> <span class='ocrx_word' id='word_1_415' title='bbox 549 2543 666 2575; x_wconf 86' lang='lat' dir='ltr'>Guelf.</span> <span class='ocrx_word' id='word_1_416' title='bbox 684 2547 714 2575; x_wconf 84' lang='lat'>3.</span> <span class='ocrx_word' id='word_1_417' title='bbox 734 2544 776 2576; x_wconf 90' lang='lat' dir='ltr'>R.</span> <span class='ocrx_word' id='word_1_418' title='bbox 779 2547 860 2575; x_wconf 82' lang='lat'>—21</span> <span class='ocrx_word' id='word_1_419' title='bbox 885 2544 1100 2585; x_wconf 83' lang='lat' dir='ltr'>Sequerehac.</span> <span class='ocrx_word' id='word_1_420' title='bbox 1116 2544 1216 2583; x_wconf 82' lang='lat' dir='ltr'>Vulg.</span> <span class='ocrx_word' id='word_1_421' title='bbox 1232 2544 1305 2574; x_wconf 83' lang='lat' dir='ltr'>lraec</span> <span class='ocrx_word' id='word_1_422' title='bbox 1321 2544 1366 2583; x_wconf 74' lang='lat' dir='ltr'>Sy</span> <span class='ocrx_word' id='word_1_423' title='bbox 1372 2552 1408 2573; x_wconf 88' lang='lat' dir='ltr'>ro</span> <span class='ocrx_word' id='word_1_424' title='bbox 1425 2543 1591 2579; x_wconf 81' lang='lat' dir='ltr'>tribuunt,</span> 
     </span>
     <span class='ocr_line' id='line_1_43' title="bbox 132 2578 1592 2627; baseline -0.001 -11"><span class='ocrx_word' id='word_1_425' title='bbox 132 2586 190 2626; x_wconf 88' lang='lat' dir='ltr'>qui</span> <span class='ocrx_word' id='word_1_426' title='bbox 216 2585 252 2616; x_wconf 94' lang='lat' dir='ltr'>in</span> <span class='ocrx_word' id='word_1_427' title='bbox 277 2596 379 2617; x_wconf 84' lang='lat' dir='ltr'>scena</span> <span class='ocrx_word' id='word_1_428' title='bbox 403 2587 648 2627; x_wconf 84' lang='lat' dir='ltr'>aliquantisper</span> <span class='ocrx_word' id='word_1_429' title='bbox 676 2587 779 2618; x_wconf 84' lang='lat' dir='ltr'>etiam</span> <span class='ocrx_word' id='word_1_430' title='bbox 812 2592 949 2618; x_wconf 87' lang='lat' dir='ltr'>manet·</span> <span class='ocrx_word' id='word_1_431' title='bbox 983 2588 1082 2618; x_wconf 87' lang='lat' dir='ltr'>male.</span> <span class='ocrx_word' id='word_1_432' title='bbox 1131 2587 1290 2627; x_wconf 67' lang='lat' dir='ltr'>Plrrygiae</span> <span class='ocrx_word' id='word_1_433' title='bbox 1322 2578 1406 2617; x_wconf 83' lang='lat' dir='ltr'>dicit</span> <span class='ocrx_word' id='word_1_434' title='bbox 1439 2585 1592 2616; x_wconf 79' lang='lat' dir='ltr'>Bacchis.</span> 
     </span>
     <span class='ocr_line' id='line_1_44' title="bbox 133 2628 1592 2670; baseline -0.001 -11"><span class='ocrx_word' id='word_1_435' title='bbox 133 2628 232 2660; x_wconf 80' lang='lat' dir='ltr'>Both.</span> <span class='ocrx_word' id='word_1_436' title='bbox 277 2629 319 2660; x_wconf 90' lang='lat' dir='ltr'>R.</span> <span class='ocrx_word' id='word_1_437' title='bbox 336 2629 468 2669; x_wconf 81' lang='lat' dir='ltr'>Sequere</span> <span class='ocrx_word' id='word_1_438' title='bbox 482 2639 529 2660; x_wconf 84' lang='lat' dir='ltr'>me</span> <span class='ocrx_word' id='word_1_439' title='bbox 541 2630 607 2660; x_wconf 87' lang='lat' dir='ltr'>huc</span> <span class='ocrx_word' id='word_1_440' title='bbox 653 2631 731 2669; x_wconf 82' lang='lat' dir='ltr'>Rip.</span> <span class='ocrx_word' id='word_1_441' title='bbox 755 2630 899 2670; x_wconf 79' lang='lat' dir='ltr'>conjicit</span> <span class='ocrx_word' id='word_1_442' title='bbox 920 2630 1010 2666; x_wconf 85' lang='lat' dir='ltr'>hunc,</span> <span class='ocrx_word' id='word_1_443' title='bbox 1034 2639 1095 2669; x_wconf 89' lang='lat' dir='ltr'>pro</span> <span class='ocrx_word' id='word_1_444' title='bbox 1115 2630 1183 2661; x_wconf 76' lang='lat' dir='ltr'>huc.</span> <span class='ocrx_word' id='word_1_445' title='bbox 1186 2632 1270 2660; x_wconf 80' lang='lat'>—22</span> <span class='ocrx_word' id='word_1_446' title='bbox 1293 2629 1367 2660; x_wconf 91' lang='lat' dir='ltr'>GC.</span> <span class='ocrx_word' id='word_1_447' title='bbox 1384 2630 1505 2659; x_wconf 77' lang='lat' dir='ltr'>traduc.</span> <span class='ocrx_word' id='word_1_448' title='bbox 1510 2631 1592 2658; x_wconf 76' lang='lat'>-23</span> 
     </span>
     <span class='ocr_line' id='line_1_45' title="bbox 133 2670 1596 2712; baseline -0.001 -11"><span class='ocrx_word' id='word_1_449' title='bbox 133 2670 176 2701; x_wconf 87' lang='lat' dir='ltr'>In</span> <span class='ocrx_word' id='word_1_450' title='bbox 201 2671 274 2702; x_wconf 82' lang='lat' dir='ltr'>aliis</span> <span class='ocrx_word' id='word_1_451' title='bbox 301 2677 354 2702; x_wconf 88' lang='lat' dir='ltr'>est</span> <span class='ocrx_word' id='word_1_452' title='bbox 379 2676 409 2702; x_wconf 74' lang='lat' dir='ltr'>et</span> <span class='ocrx_word' id='word_1_453' title='bbox 427 2672 550 2710; x_wconf 82' lang='lat' dir='ltr'>ferant.</span> <span class='ocrx_word' id='word_1_454' title='bbox 597 2672 652 2703; x_wconf 83' lang='lat' dir='ltr'>Sic</span> <span class='ocrx_word' id='word_1_455' title='bbox 680 2673 725 2704; x_wconf 89' lang='lat' dir='ltr'>G.</span> <span class='ocrx_word' id='word_1_456' title='bbox 753 2673 823 2704; x_wconf 82' lang='lat' dir='ltr'>ET.</span> <span class='ocrx_word' id='word_1_457' title='bbox 855 2673 936 2704; x_wconf 89' lang='grc' dir='ltr'>ΕΜ.</span> <span class='ocrx_word' id='word_1_458' title='bbox 966 2672 1064 2703; x_wconf 73' lang='lat' dir='ltr'>W&#39;est.</span> <span class='ocrx_word' id='word_1_459' title='bbox 1111 2673 1156 2703; x_wconf 82' lang='lat' dir='ltr'>Et</span> <span class='ocrx_word' id='word_1_460' title='bbox 1170 2672 1296 2712; x_wconf 82' lang='lat' dir='ltr'>ferunt]</span> <span class='ocrx_word' id='word_1_461' title='bbox 1320 2672 1414 2702; x_wconf 82' lang='lat' dir='ltr'>Berrr.</span> <span class='ocrx_word' id='word_1_462' title='bbox 1441 2670 1596 2711; x_wconf 71' lang='lat' dir='ltr'>efferant:</span> 
     </span>
     <span class='ocr_line' id='line_1_46' title="bbox 134 2713 1596 2756; baseline -0.001 -12"><span class='ocrx_word' id='word_1_463' title='bbox 134 2713 303 2762; x_wconf 80' lang='lat' dir='ltr'>quodita‚</span> <span class='ocrx_word' id='word_1_464' title='bbox 327 2714 361 2745; x_wconf 89' lang='lat' dir='ltr'>id</span> <span class='ocrx_word' id='word_1_465' title='bbox 387 2720 453 2752; x_wconf 86' lang='lat' dir='ltr'>est,</span> <span class='ocrx_word' id='word_1_466' title='bbox 476 2715 547 2746; x_wconf 89' lang='lat' dir='ltr'>sine</span> <span class='ocrx_word' id='word_1_467' title='bbox 575 2716 827 2756; x_wconf 86' lang='lat' dir='ltr'>conjunctione,</span> <span class='ocrx_word' id='word_1_468' title='bbox 851 2717 1028 2747; x_wconf 79' lang='lat' dir='ltr'>venustius</span> <span class='ocrx_word' id='word_1_469' title='bbox 1053 2715 1200 2747; x_wconf 85' lang='lat' dir='ltr'>videtur.</span> <span class='ocrx_word' id='word_1_470' title='bbox 1226 2715 1287 2746; x_wconf 82' lang='lat' dir='ltr'>Fa.</span> <span class='ocrx_word' id='word_1_471' title='bbox 1330 2715 1339 2731; x_wconf 88' lang='lat'>‘</span> <span class='ocrx_word' id='word_1_472' title='bbox 1356 2715 1418 2744; x_wconf 81' lang='lat' dir='ltr'>Vir</span> <span class='ocrx_word' id='word_1_473' title='bbox 1446 2714 1596 2744; x_wconf 79' lang='lat' dir='ltr'>eruditus</span> 
     </span>
     <span class='ocr_line' id='line_1_47' title="bbox 133 2755 1595 2799; baseline -0.001 -13"><span class='ocrx_word' id='word_1_474' title='bbox 133 2755 287 2797; x_wconf 82' lang='lat' dir='ltr'>miratur,</span> <span class='ocrx_word' id='word_1_475' title='bbox 309 2767 369 2788; x_wconf 82' lang='lat' dir='ltr'>cur·</span> <span class='ocrx_word' id='word_1_476' title='bbox 386 2758 518 2789; x_wconf 64' lang='grc' dir='ltr'><strong>Ρθίέῐηο</strong></span> <span class='ocrx_word' id='word_1_477' title='bbox 544 2758 652 2789; x_wconf 88' lang='lat' dir='ltr'>minus</span> <span class='ocrx_word' id='word_1_478' title='bbox 679 2759 860 2799; x_wconf 76' lang='lat' dir='ltr'>placuerit,</span> <span class='ocrx_word' id='word_1_479' title='bbox 881 2763 912 2789; x_wconf 75' lang='lat' dir='ltr'>et</span> <span class='ocrx_word' id='word_1_480' title='bbox 928 2758 1053 2797; x_wconf 78' lang='lat' dir='ltr'>serunt,</span> <span class='ocrx_word' id='word_1_481' title='bbox 1077 2757 1165 2799; x_wconf 87' lang='lat' dir='ltr'>quod</span> <span class='ocrx_word' id='word_1_482' title='bbox 1194 2767 1310 2789; x_wconf 81' lang='lat' dir='ltr'>ornnes</span> <span class='ocrx_word' id='word_1_483' title='bbox 1342 2757 1595 2798; x_wconf 74' lang='lat' dir='ltr'>pr‘ete1·Bern-</span> 
     </span>
     <span class='ocr_line' id='line_1_48' title="bbox 114 2798 1593 2843; baseline -0.002 -12"><span class='ocrx_word' id='word_1_484' title='bbox 114 2798 251 2831; x_wconf 80' lang='lat' dir='ltr'>·biu·rm</span> <span class='ocrx_word' id='word_1_485' title='bbox 267 2799 558 2833; x_wconf 82' lang='lat' dir='ltr'>codiceslraberrt.</span> <span class='ocrx_word' id='word_1_486' title='bbox 602 2801 686 2834; x_wconf 86' lang='lat' dir='ltr'>Jure</span> <span class='ocrx_word' id='word_1_487' title='bbox 703 2802 766 2834; x_wconf 88' lang='lat' dir='ltr'>hoc</span> <span class='ocrx_word' id='word_1_488' title='bbox 783 2801 933 2833; x_wconf 68' lang='grc' dir='ltr'>Ρειὲι-ῑιῑιε</span> <span class='ocrx_word' id='word_1_489' title='bbox 947 2802 1058 2843; x_wconf 77' lang='lat' dir='ltr'>3quia</span> <span class='ocrx_word' id='word_1_490' title='bbox 1084 2811 1159 2843; x_wconf 80' lang='lat' dir='ltr'>quae</span> <span class='ocrx_word' id='word_1_491' title='bbox 1185 2802 1273 2833; x_wconf 86' lang='lat' dir='ltr'>intro</span> <span class='ocrx_word' id='word_1_492' title='bbox 1290 2801 1489 2837; x_wconf 72' lang='lat' dir='ltr'>attulerant,</span> <span class='ocrx_word' id='word_1_493' title='bbox 1514 2798 1593 2829; x_wconf 68' lang='lat' dir='ltr'>este</span> 
     </span>
    </p>
   </div>
   <div class='ocr_carea' id='block_1_8' title="bbox 220 2852 1513 2895">
    <p class='ocr_par' dir='ltr' id='par_1_10' title="bbox 220 2852 1513 2895">
     <span class='ocr_line' id='line_1_49' title="bbox 220 2852 1513 2895; baseline -0.001 -10"><span class='ocrx_word' id='word_1_494' title='bbox 220 2853 336 2895; x_wconf 72' lang='lat' dir='ltr'>Delph.</span> <span class='ocrx_word' id='word_1_495' title='bbox 347 2858 378 2886; x_wconf 80' lang='lat' dir='ltr'>et</span> <span class='ocrx_word' id='word_1_496' title='bbox 394 2855 471 2887; x_wconf 74' lang='lat' dir='ltr'>Voer.</span> <span class='ocrx_word' id='word_1_497' title='bbox 485 2856 571 2887; x_wconf 80' lang='lat' dir='ltr'>Clas.</span> <span class='ocrx_word' id='word_1_498' title='bbox 803 2856 932 2888; x_wconf 78' lang='lat' dir='ltr'>Terent.</span> <span class='ocrx_word' id='word_1_499' title='bbox 1437 2857 1456 2884; x_wconf 77' lang='lat'>2</span> <span class='ocrx_word' id='word_1_500' title='bbox 1481 2852 1513 2884; x_wconf 84' lang='lat' dir='ltr'>R</span> 
     </span>
    </p>
   </div>
  </div>
 </body>
</html>
