1966 3302
284 231 398 273 1016
780 240 817 268 P.
851 238 1092 269 TERENTH
1130 238 1246 269 Arm

284 340 375 380 DE.
409 335 626 391 Equidem
648 334 794 376 hercle
815 334 983 375 nescio.
1045 333 1203 375 CHRE.
1222 332 1323 375 Vin'
1345 334 1486 375 scire?
1519 338 1567 376 at
1586 334 1648 377 ita
1667 349 1739 377 me

378 394 381 395 ⁷
458 408 606 445 servet
625 401 817 457 Jupiter,

284 474 349 517 Ut
370 473 551 528 propior
570 470 651 521 illi,
683 483 815 525 quam
849 483 931 524 ego
953 483 1065 521 sum,
1099 483 1151 511 ac
1180 473 1241 519 tu,
1273 483 1402 512 nemo
1424 470 1492 512 'st.
1553 470 1645 511 DE.
1675 471 1738 512 Di

458 542 650 580 vostram
673 537 804 579 fidem
823 538 832 578 ἶ
1575 560 1578 563 «
1685 539 1744 581 25

283 609 449 650 Eamus
471 606 528 648 ad
548 607 721 659 ipsam:
751 618 839 647 una
855 617 1008 647 omnes
1028 617 1110 646 nos
1131 608 1208 645 aut
1229 604 1353 654 scire,
1372 608 1448 646 aut
1466 605 1629 646 nescire
1648 605 1730 647 hoe

460 675 578 715 volo.
639 674 800 715 CHRE.
834 672 932 714 Ha!

284 747 374 787 DE.
399 743 522 795 Quid
541 744 642 785 est'?
694 742 852 784 CHRE.
876 740 987 783 Itan'
1009 754 1192 795 parvam
1215 741 1320 782 mihi
1339 740 1471 782 fidem
1493 753 1594 782 esse
1616 741 1735 796 apud

456 811 533 852 te'?
594 811 684 851 DE.
716 810 820 851 Vin’
841 823 908 850 me
928 810 1014 850 hoc
1035 809 1244 850 credere?

284 878 389 922 Vin’
410 879 520 922 satis
542 879 781 933 quaesitum
801 878 906 918 mihi
927 878 1043 918 istuc
1065 877 1198 918 esse?
1231 889 1326 929 age,
1362 876 1464 919 fiat:
1500 867 1639 931 quid?
1664 876 1740 918 illa

460 947 553 988 filia

290 1015 438 1058 Amici
460 1015 611 1065 nostri,
634 1014 741 1069 quid
758 1014 946 1055 futurum
967 1012 1051 1054 'st‘i
1103 1011 1262 1053 CHRE.
1285 1011 1444 1053 Recte.
1493 1012 1585 1054 DE.
1609 1011 1740 1054 Hanc

461 1083 591 1137 igitur
612 1083 854 1125 mittimus?
1716 1124 1721 1129 ,

291 1154 452 1195 CHRE.
474 1152 671 1203 Quidni?
733 1152 823 1193 DE.
844 1150 929 1192 Illa
950 1151 1157 1191 maneat?
1220 1149 1377 1191 CHRE.
1399 1150 1489 1191 Sic.
1551 1149 1644 1190 DF..
1667 1147 1738 1190 Ire

463 1222 591 1274 igitur
613 1221 693 1262 tibi
714 1221 833 1270 licet,
857 1220 1159 1261 Nausistrata.
1686 1218 1744 1258 30

292 1290 334 1331 N
340 1301 422 1331 AU.
454 1289 529 1330 Sic
550 1289 626 1343 pol
648 1287 928 1330 commodius
950 1300 1049 1329 esse
1071 1288 1115 1328 in
1138 1299 1292 1328 omnes
1315 1285 1513 1336 arbitror,
1534 1297 1666 1340 quam
1687 1290 1736 1326 ut

463 1369 681 1410 coeperas,

291 1424 474 1466 Manere
495 1425 608 1466 hanc
627 1438 637 1477 3
668 1437 768 1466 nam
789 1424 1063 1478 perliberalis
1085 1423 1182 1465 visa
1203 1421 1272 1474 'st,
1295 1436 1394 1465 cum
1417 1423 1525 1474 vidi,
1546 1422 1667 1464 mihi.

288 1538 469 1578 ambigunt?
516 1537 581 1569 DE.
608 1536 761 1577 Equidem
778 1546 835 1577 per
863 1536 1028 1567 Herculem
1047 1546 1107 1566 non
1122 1535 1262 1574 intelligo
1277 1544 1345 1575 qua>
1366 1534 1444 1565 mihi
1457 1533 1625 1576 significas.
1672 1532 1741 1565 CH.

295 1582 390 1613 Visne
412 1579 615 1620 intelligere?
660 1580 711 1610 Ita
736 1590 783 1610 me
806 1581 936 1620 Jupiter
954 1580 1099 1619 sospitem
1121 1581 1289 1618 conseri-et,
1305 1581 1341 1608 ut
1355 1577 1457 1608 nullus
1482 1577 1532 1608 illi
1552 1574 1679 1618 propior
1696 1579 1743 1607 est

290 1628 450 1664 cognatus,
467 1634 556 1664 quum
581 1626 617 1654 tu
631 1627 725 1663 atque
743 1633 798 1662 ego
823 1632 937 1654 sumus.
983 1623 1052 1653 DE.
1076 1621 1135 1653 Dii
1151 1620 1419 1661 vestv'amfidenz!
1441 1630 1496 1651 nos
1511 1629 1613 1651 omnes
1628 1629 1689 1650 una
1703 1620 1744 1650 ad

289 1668 389 1707 ipsum
403 1677 524 1699 eamus:
547 1670 603 1698 out
616 1667 705 1705 scire,
723 1670 778 1697 aut
802 1667 920 1697 nescire
935 1666 989 1696 hoc
1014 1666 1092 1696 volo.
1138 1665 1206 1696 Cu.
1234 1662 1311 1695 Ha!
1348 1664 1418 1695 DE.
1443 1663 1529 1699 Quid
1554 1660 1626 1694 est‘!
1671 1661 1742 1693 CH.

291 1712 384 1742 Itane
396 1711 473 1741 milii
496 1709 731 1751 parvamfidem
745 1708 860 1741 habes?
907 1709 975 1741 DE.
1004 1708 1097 1740 Visne
1113 1718 1159 1739 me
1173 1707 1231 1738 tibi
1246 1707 1441 1738 dubitantem
1455 1706 1602 1738 credere?
1651 1704 1746 1736 Visne

290 1764 338 1784 me
353 1754 431 1785 nihil
444 1753 604 1794 quicquum
625 1753 759 1792 amplius
776 1752 951 1792 inquirere?
994 1755 1074 1790 Age,
1090 1751 1157 1792 fiat
1182 1754 1216 1782 ut
1239 1751 1298 1781 vis.
1347 1750 1461 1781 Verum
1476 1749 1549 1790 quid
1555 1749 1618 1790 fiet
1637 1748 1674 1779 de
1688 1747 1747 1778 illa

290 1797 355 1836 (ilia
375 1797 468 1828 amici
491 1798 603 1834 nostri,
624 1805 715 1836 quam
735 1795 905 1835 Antiphoni
931 1804 1058 1826 uxorem
1082 1796 1157 1825 dare
1182 1794 1384 1824 constitutum
1400 1792 1486 1823 nobis
1499 1792 1631 1830 fuerat?
1675 1790 1745 1822 CH.

286 1837 389 1871 'Recte
403 1849 452 1870 res
466 1850 498 1870 se
512 1839 646 1871 habebit.
682 1839 749 1870 ‘Di-z.
770 1839 862 1869 Hunc
877 1839 980 1877 igitur
995 1837 1201 1869 dimittimus?
1236 1837 1305 1868 CH.
1330 1836 1451 1872 Quidni
1465 1835 1544 1866 hanc
1557 1832 1746 1866 mittamus?

290 1883 357 1914 DE.
385 1884 475 1914 Illam
498 1893 569 1913 vero
594 1882 677 1913 domi
695 1881 893 1913 retineamus.
939 1881 1009 1912 CH.
1033 1881 1086 1911 Ita
1110 1890 1228 1911 censeo.
1273 1881 1345 1911 DE.
1371 1878 1486 1909 Redire
1507 1878 1608 1917 igitur
1622 1878 1745 1907 domum

288 1926 373 1966 hine,
395 1927 423 1957 si
444 1925 530 1965 libet,
552 1929 650 1966 potes,
668 1925 882 1956 Nausistrata.
926 1924 996 1955 NA.
1019 1922 1074 1954 Sic
1087 1933 1142 1964 per
1158 1924 1311 1953 Pollucem
1325 1922 1411 1953 nobis
1425 1920 1534 1952 utilius
1546 1923 1592 1951 est
1607 1919 1747 1950 omnibus

288 1970 366 2001 lianc
379 1969 525 2010 retinere,
540 1979 641 2010 quam,
657 1971 690 1999 ut
705 1977 837 2009 coeperas
850 1968 962 2007 dicere,
977 1967 1102 1997 eandem
1116 1966 1274 1997 remittere
1287 1976 1299 2003 ,·
1321 1975 1393 1996 nam
1407 1963 1548 2004 ingenui,
1563 1966 1595 1995 et
1609 1961 1746 1994 liberalis

898 2049 1134 2062 “tonnae“

289 2121 368 2152 Hel.
386 2120 466 2151 Vet.
490 2118 574 2151 Cod.
601 2121 635 2149 et
659 2118 700 2149 R.
725 2116 814 2158 apud
843 2116 945 2148 Lind.
963 2126 1039 2148 cum
1066 2117 1124 2148 ΒΓ.
1142 2116 1213 2147 ΕΡ.
1231 2115 1304 2156 quid
1321 2115 1377 2146 hoc
1400 2116 1540 2146 est—25
1569 2113 1669 2147 Homo
1697 2119 1745 2148 est

286 2165 369 2195 Wit.
402 2164 488 2193 homo
499 2172 584 2193 nemo
599 2165 644 2193 est
662 2161 704 2192 G.
719 2160 884 2202 probante
902 2161 1012 2191 Rivio.
1061 2159 1196 2199 Augere
1213 2158 1500 2189 asseverationem
1516 2157 1656 2189 videtui·
1671 2158 1741 2189 dic-

288 2208 335 2238 tio
353 2207 452 2244 homo,
468 2215 542 2247 quae
558 2206 590 2236 in
606 2214 636 2235 0.
651 2203 724 2235 fere
741 2205 763 2235 Ι.
777 2214 803 2234 s.
818 2207 882 2242 est,
894 2203 996 2234 etiam
1012 2203 1174 2243 antiquis,
1192 2206 1318 2242 praeter
1334 2202 1430 2233 Rem.
1447 2201 1511 2232 hoc
1530 2200 1747 2240 modo,h0m0

287 2259 374 2282 nemo
398 2252 455 2280 est.
488 2249 548 2279 Fa.
600 2248 682 2278 Tres
699 2256 740 2277 ex
758 2248 882 2278 nostris
911 2248 1066 2286 ignorant
1092 2245 1176 2276 iliud
1202 2245 1309 2275 homo.-
1344 2244 1452 2275 ceteri
1480 2243 1621 2282 habent,
1644 2253 1745 2276 versu

288 2294 391 2324 etiam
418 2291 604 2331 gaudente.
629 2291 724 2321 Bent.
748 2295 783 2321 et
809 2290 857 2320 sic
885 2290 964 2330 Bip.
992 2289 1092 2320 Both.
1117 2289 1175 2319 ΒΓ.
1202 2287 1382 2318 Fert—26
1403 2286 1562 2318 Adeamus
1582 2286 1696 2318 Guelf.
1712 2290 1747 2319 3.

293 2335 424 2367 Absunt
438 2338 493 2366 aut
507 2334 586 2365 scire
601 2336 655 2365 aut
671 2334 787 2364 nescire
802 2333 858 2363 hnc
882 2333 946 2363 volo
971 2342 990 2362 a
1013 2331 1261 2363 (melfis—27
1287 2329 1370 2361 Itan'
1395 2339 1524 2370 parvam
1548 2329 1627 2360 mihi
1643 2329 1745 2372 fidem

289 2389 353 2410 esse
368 2378 450 2417 apud
465 2377 510 2418 te]
543 2377 656 2407 Plaut.
673 2375 801 2407 Pseud.
822 2385 844 2407 ι.
861 2379 891 2406 5.
910 2378 962 2406 52.
986 2375 996 2392 ‘
1011 2375 1158 2406 Parvam
1182 2383 1256 2405 esse
1273 2372 1363 2413 apud
1390 2378 1424 2404 te
1447 2372 1527 2403 mihi
1543 2371 1645 2403 fidem
1671 2373 1744 2413 ipse

290 2420 468 2455 intelligo)
517 2419 591 2450 Nisi
608 2419 696 2450 forte
711 2418 908 2460 legendum,
926 2419 1043 2448 Parum
1056 2418 1166 2459 fidem.
1211 2416 1390 2449 Quomodo
1411 2415 1494 2446 Mss.
1511 2415 1631 2446 Leidd.
1648 2416 1753 2457 quin-¹

292 2475 371 2505 que,
393 2463 436 2495 G.
455 2463 545 2503 Lips.
562 2472 637 2493 cum
662 2462 733 2493 ΕΡ.
759 2461 946 2502 paucisque
977 2461 1061 2492 aliis.
1109 2461 1147 2491 In
1167 2459 1306 2500 reliquis
1323 2458 1405 2497 fere,
1434 2458 1579 2489 Parvum.
1625 2458 1692 2490 Sed
1709 2462 1747 2490 et

291 2517 355 2538 esse
372 2507 470 2537 abest
487 2515 504 2535 a
522 2505 671 2546 plurimis
687 2505 791 2535 libris.
816 2504 905 2545 quod
935 2503 1051 2535 iaudat
1066 2503 1192 2534 Rivius.
1237 2501 1325 2533 Vide
1344 2502 1429 2533 Eun.
1448 2509 1472 2532 1.
1489 2503 1520 2533 2.
1540 2503 1613 2533 117.
1645 2500 1748 2534 West.

292 2552 301 2566 ‘
320 2551 385 2581 Ms-
402 2550 441 2581 R.
455 2550 540 2580 itane
554 2547 685 2588 purum)
711 2547 806 2579 Liud.
822 2552 856 2578 et
873 2547 921 2577 sic
938 2547 1015 2587 Bip.
1034 2547 1090 2577 ΒΥ.
1141 2546 1203 2577 Vin
1217 2555 1264 2576 me
1278 2545 1414 2585 credere]
1437 2543 1504 2574 Hic
1522 2553 1658 2585 quoque
1674 2553 1745 2575 om-

293 2603 352 2624 nes
368 2592 447 2623 libri
464 2592 596 2632 scripti,
610 2596 736 2631 praeter
749 2591 846 2621 Bem.
864 2590 1001 2629 habent,
1016 2590 1070 2620 vin
1086 2599 1132 2620 me
1145 2589 1199 2619 hoc
1216 2590 1347 2619 credere.
1382 2587 1464 2618 Bas.
1477 2586 1534 2618 vis.
1559 2587 1617 2617 Fa.
1662 2586 1745 2618 Om-

292 2646 352 2666 nes
377 2635 484 2666 nostri
508 2635 585 2671 hoc‚·
620 2633 710 2675 quod
737 2633 813 2664 ideo
840 2632 949 2663 miuus
974 2633 1101 2673 placet,
1118 2631 1206 2671 quod
1231 2636 1393 2669 sequatur
1409 2630 1504 2661 Istuc.
1527 2629 1629 2661 Bent·
1673 2629 1746 2660 Hoc

294 2678 457 2709 omittunt
470 2677 574 2708 Zeun.
591 2676 691 2707 Both.
709 2676 802 2708 Pei-l.
819 2679 854 2706 et
871 2675 936 2706 Ms.
953 2675 993 2706 R.
1009 2675 1098 2716 apud
1115 2674 1212 2706 Lind.
1256 2674 1315 2705 Vin
1331 2673 1408 2704 mihi
1421 2672 1609 2704 Both.—28
1632 2671 1642 2689 ‘
1656 2672 1746 2702 Mai-

294 2722 372 2760 lem,
388 2721 414 2751 si
431 2730 491 2760 per
504 2719 612 2751 Codd.
629 2720 761 2759 liceret,
777 2719 846 2750 CH.
861 2728 931 2758 age,
945 2718 1021 2759 fiat.
1057 2719 1127 2749 DE.
1146 2717 1219 2758 quid
1230 2716 1253 2748 ?'
1278 2716 1370 2747 Peri.
1427 2716 1436 2733 ‘
1453 2715 1559 2752 Quid?
1579 2715 1617 2745 de
1631 2713 1687 2746 illa
1702 2715 1746 2745 V.

296 2763 344 2794 (λ’
380 2763 560 2793 Lin‹1.-30
588 2761 717 2793 Absunt
744 2762 854 2793 omnia
879 2767 957 2802 post
980 2762 1025 2791 sic
1051 2761 1083 2792 in
1112 2759 1229 2791 Guelf.
1245 2761 1360 2791 1.-31
1385 2757 1451 2790 Ms.
1467 2758 1548 2789 Par.
1570 2757 1666 2788 eicere
1682 2767 1745 2798 pro

294 2816 438 2846 crepera-s,
462 2805 617 2837 Glossaui
635 2805 734 2845 sapit.
770 2805 940 2836 Peru—32
964 2803 1119 2835 Liberalis
1141 2803 1236 2835 Perl.
1255 2802 1455 2834 tacite—33
1479 2800 1612 2841 Aperuit
1628 2800 1745 2832 BP.-
