1966 3302
553 235 765 266 HECYRAE
802 234 910 264 Aer.
935 234 998 265 iv.
1032 233 1187 264 sc.1v.
1503 224 1590 267 883

132 332 328 381 Sumtus,
350 343 460 386 quos
480 331 627 372 fecisti
648 331 692 372 in
715 343 827 380 eam,
850 342 982 383 quam
1004 329 1154 370 animo
1177 342 1305 383 aequo
1327 329 1409 371 tuli
1428 330 1437 370 !

133 400 217 453 Egi
238 404 369 454 atque
389 399 512 440 oravi
533 404 692 449 tecum,
713 411 901 439 uxorem
924 403 973 438 ut
993 397 1189 438 duceres.

133 467 329 520 Tempus
351 466 446 508 dixi
467 479 590 508 esse:
621 467 817 521 impulsu
839 459 1014 507 duxisti
1036 479 1164 516 meo;
1528 468 1587 508 65

135 533 252 585 Quae
274 539 384 584 tum,
405 535 646 576 obsecutus
667 534 787 584 mihi,
807 534 957 575 fecisti
977 537 1026 574 ut
1049 533 1281 585 decuerat3

133 601 267 643 Nunc
288 603 480 643 animum
498 615 669 644 rursum
688 602 742 644 ad
764 602 1032 643 meretricem
1055 601 1230 642 induxti
1251 606 1373 642 tuum
1390 603 1400 644 ἒ

137 669 224 711 Cui
246 674 294 710 tu
314 671 568 720 obsecutus,
589 670 700 711 facis
722 670 829 711 huic
852 670 963 711 adeo
985 669 1214 724 injuriam:

136 737 258 779 Nam
278 738 322 778 in
343 737 530 779 eandem
548 739 681 779 vitam
701 742 743 779 te
763 738 1009 780 revolutum
1032 738 1175 778 denuo

138 804 285 847 Video
305 818 415 847 esse.
475 806 605 846 PAM.
637 806 804 848 Mene?
865 805 951 847 LA.
981 806 1048 847 Te
1069 806 1232 859 ipsum.
1292 806 1348 848 Et
1379 807 1492 849 facis
1527 808 1590 849 in-

302 873 485 927 juriam,
1529 877 1587 917 70

138 938 249 981 Cum
269 940 400 993 fingis
420 941 558 982 falsas
580 954 742 983 causas
765 942 821 983 ad
845 941 1132 990 discordiam,

72 1033 79 1039 -
135 1009 198 1051 Ut
218 1021 319 1049 cum
340 1009 418 1049 illa
438 1009 580 1059 vivaS,
600 1013 755 1050 testem
775 1010 888 1051 hanc
910 1023 1010 1051 cum
1032 1010 1112 1051 abs
1133 1014 1176 1051 te
1198 1011 1441 1062 amoveris;

141 1077 375 1132 Sensitque
396 1077 507 1119 adeo
527 1089 638 1118 uxor
655 1091 665 1129 3
684 1091 785 1119 nam
807 1079 849 1119 ei
871 1091 1010 1120 causa
1029 1079 1117 1119 alia
1137 1091 1237 1132 quae
1256 1078 1355 1129 fuit,

139 1144 442 1196 Quamobrem
483 1145 564 1186 abs
596 1150 637 1186 te
668 1147 839 1187 abiret?
922 1146 1070 1188 PHID.
1103 1146 1243 1188 Plane
1282 1146 1354 1189 hic
1387 1147 1584 1200 divinat3

309 1226 410 1254 nam
428 1212 475 1253 id
497 1215 577 1254 est.

139 1280 271 1323 PAM.
302 1280 434 1321 Dabo
461 1280 786 1335 jusjurandum,
824 1282 931 1323 nihil
964 1295 1065 1323 esse
1102 1283 1300 1335 istorum,
1333 1284 1428 1325 tibi.
1502 1283 1588 1325 LA.

309 1348 406 1390 Ah!
1538 1353 1595 1393 75

142 1414 303 1458 Reduc
320 1429 534 1458 uxorem:
567 1423 659 1467 aut,
682 1418 966 1471 quamobrem
986 1430 1070 1458 non
1094 1431 1208 1472 opus
1232 1419 1304 1468 sit,
1328 1418 1452 1460 cedo.

139 1483 268 1525 PAM.
299 1484 405 1526 Non
424 1487 490 1526 est
511 1497 627 1526 nunc
648 1490 839 1539 tempus.
899 1486 985 1526 LA.
1019 1486 1208 1528 Puerum
1229 1487 1456 1542 accipias3
1488 1501 1588 1530 nam

312 1553 350 1593 is
369 1553 547 1606 quidem
768 1552 773 1562 '

143 1619 199 1662 In
218 1620 356 1674 culpa
375 1633 462 1662 non
485 1624 575 1663 est:
608 1625 713 1676 post
733 1620 787 1662 de
808 1625 946 1662 matre
968 1620 1132 1663 videro.

139 1773 265 1804 amandi
273 1773 462 1805 Bacchidem
476 1773 611 1806 concessi
627 1771 713 1805 tibi?
727 1784 802 1814 quas
814 1774 966 1815 impensas
979 1774 1130 1815 pecunioe,
1146 1778 1180 1805 ut
1195 1785 1262 1806 eam
1272 1775 1455 1816 possideres,
1461 1774 1571 1813 fecisti
1581 1773 1597 1806 2

138 1826 233 1857 quam
243 1817 400 1857 patienter
415 1817 480 1848 hoec
495 1818 575 1848 tuli?
617 1817 722 1856 Suasi‚
746 1821 776 1848 et
796 1818 908 1856 rogavi
930 1821 964 1848 ut
980 1827 1107 1848 uxorem
1122 1819 1266 1849 duceres:
1289 1818 1360 1849 dixi
1374 1822 1492 1858 tempus
1506 1820 1597 1849 adre-

137 1859 220 1891 nisse
231 1870 245 1897 ;
273 1861 399 1892 hortatu
420 1860 543 1891 duxisti
565 1870 641 1891 meo.
688 1860 768 1895 Quae
789 1871 858 1891 cum
879 1860 956 1891 mihi
978 1870 1092 1891 morem
1113 1871 1228 1900 gerens
1239 1862 1363 1899 fecisti,
1379 1866 1412 1892 ut
1428 1862 1577 1892 debueras
1585 1872 1598 1897 ,·

138 1912 220 1933 nunc
245 1913 380 1934 amorem
403 1906 490 1934 tuum
513 1904 547 1934 in
569 1904 759 1934 meretricem
782 1904 972 1934 Bacchidem
994 1904 1212 1941 transtulisti;
1234 1907 1284 1935 cui
1307 1908 1341 1936 tn
1363 1905 1504 1936 obediens
1513 1903 1599 1943 facis

139 1945 232 1976 uxori
245 1945 394 1985 iniuriam
409 1957 420 1983 ;
441 1957 515 1978 nam
528 1947 562 1978 in
577 1948 704 1977 eandem
718 1947 841 1978 vivendi
862 1947 1110 1978 consuetudinem
1126 1950 1155 1978 te
1176 1957 1331 1979 reversum
1354 1958 1417 1979 esse
1431 1958 1537 1979 rursus
1552 1948 1601 1978 in-

141 1988 259 2027 telligo.
306 1990 370 2021 ΡΑ.
393 1989 511 2021 Blene?
554 1989 617 2020 LA.
643 1989 684 2020 Te
706 1989 806 2029 ipsum
821 2001 831 2020 .·
855 1993 886 2020 et
907 1990 1020 2029 injuste
1039 1991 1118 2029 agis,
1143 1991 1323 2028 cumffalsas
1345 2001 1453 2022 causas
1467 1992 1600 2029 invenis,

140 2039 196 2060 cur
210 2040 336 2063 uxorem
350 2041 411 2063 non
425 2033 564 2072 reducas,
586 2033 628 2063 ad
650 2034 829 2064 movendam
844 2033 1063 2064 dissensionem
1076 2033 1160 2064 inter
1175 2035 1294 2076 affines,
1311 2037 1347 2065 ut
1362 2044 1430 2065 cam
1445 2034 1499 2065 illa
1514 2034 1598 2064 Bac-

140 2073 229 2104 chide
244 2075 402 2106 meretrice
413 2075 660 2106 consuetudinem
675 2075 786 2106 habeas
798 2086 809 2112 ,·
828 2079 988 2116 postquam
1003 2076 1081 2107 hanc
1097 2087 1224 2107 uxorem
1239 2080 1334 2115 tuam,
1345 2080 1453 2108 testem
1463 2086 1599 2118 praesen-

141 2118 204 2147 tem
220 2116 358 2149 libidinis
372 2121 446 2156 tuoe,
462 2128 482 2150 a
496 2121 526 2149 te
539 2118 694 2158 expuleris
704 2129 714 2148 .·
736 2120 888 2159 sensitque
903 2122 986 2150 certe
1001 2119 1075 2151 illa:
1099 2130 1170 2151 nam
1191 2119 1265 2160 quid
1281 2121 1366 2150 aliud
1381 2130 1447 2150 eam
1463 2119 1600 2160 impulit,

141 2162 176 2189 ut
200 2170 220 2190 a
244 2163 275 2191 te
296 2161 487 2192 discederet?
531 2161 604 2192 PH.
629 2161 763 2192 Omnino
784 2162 899 2200 spiritu
915 2162 1019 2193 divino
1034 2163 1159 2203 afflatus
1174 2163 1238 2193 lioec
1252 2163 1444 2194 vaticinatur
1459 2163 1578 2194 Laches
1590 2172 1601 2192 .·

142 2211 214 2233 nam
237 2211 273 2234 ea
295 2214 371 2234 vera
395 2207 480 2235 sunt.
523 2204 590 2235 ΡΑ.
613 2204 822 2242 Jurejurando
837 2205 993 2246 affirmabo
1010 2205 1079 2241 tibi,
1095 2206 1175 2236 nihil
1195 2215 1258 2236 esse
1277 2215 1382 2236 verum
1405 2216 1509 2237 eorum
1531 2215 1599 2245 quse

143 2244 223 2276 mihi
238 2246 416 2286 exprobras.
444 2247 509 2278 LA.
527 2245 604 2278 Ah!
627 2248 719 2278 reduc
734 2257 875 2287 uxorem,
890 2251 956 2287 aut,
971 2257 1025 2278 cur
1040 2258 1100 2279 non
1114 2258 1153 2279 ex
1167 2257 1225 2279 usn
1236 2249 1277 2279 sit
1291 2249 1387 2287 istud,
1400 2249 1507 2279 dicito.
1533 2249 1599 2279 ΡΑ.

144 2287 219 2319 Non
234 2292 279 2319 est
305 2299 386 2320 nunc
400 2293 521 2330 tempus
541 2290 675 2321 dicendi.
722 2290 787 2321 LA.
811 2291 951 2321 Puerum
968 2294 1074 2321 natum
1091 2291 1150 2321 tibi
1166 2292 1318 2332 recipias:
1345 2302 1417 2322 nam
1433 2293 1461 2322 is
1477 2292 1600 2332 quidem

143 2329 288 2363 immunis
309 2336 355 2364 est
379 2342 400 2364 α
426 2333 534 2374 culpa:
561 2336 668 2373 postea
692 2333 886 2364 considerabo
906 2337 1010 2364 utmm
1034 2334 1223 2366 Philumena
1245 2336 1311 2375 eJ'us
1332 2338 1431 2366 mater
1444 2336 1542 2375 culpoe
1558 2335 1599 2364 sit

743 2452 982 2464 eom-estmoe

147 2536 251 2568 lectio
267 2540 320 2568 est
332 2537 592 2580 melior,judice
618 2538 886 2571 Ruhnken.—-68
909 2539 957 2571 H.
974 2549 1006 2570 v.
1020 2540 1186 2580 expungit
1202 2540 1293 2580 Guy.
1312 2538 1478 2579 probante
1492 2539 1601 2572 West.

145 2580 307 2611 Bentleio
320 2590 455 2622 quoque
471 2591 589 2612 manus
605 2582 844 2622 interpolatrix
862 2581 1023 2618 subolnit,
1042 2588 1184 2623 propter
1200 2582 1486 2622 vocemobsecutus
1501 2592 1598 2623 repe-

147 2622 258 2663 titam,
272 2628 308 2654 et
323 2625 472 2664 repetita
492 2624 596 2655 verba
609 2624 887 2663 facis...z'njuriam.
934 2625 1001 2658 Qui
1025 2630 1134 2656 tamen
1158 2635 1276 2656 versus
1294 2627 1444 2665 expungi
1462 2626 1601 2663 debeat,

148 2665 221 2705 ipse
251 2675 317 2697 non
343 2667 510 2698 decernit.
555 2668 564 2684 ‘
581 2668 684 2699 Bent.
706 2668 857 2708 repetita
879 2667 1051 2699 immerito
1075 2667 1233 2700 fastidit!
1269 2669 1440 2701 Peri—71
1469 2669 1599 2700 Contin-

145 2707 198 2746 gis
220 2708 305 2740 Mss.
329 2708 407 2740 duo.
426 2710 526 2741 Boecl.
543 2710 621 2750 Bip.
638 2710 742 2742 Both.
761 2711 821 2742 ΒΓ.
841 2715 876 2741 et
892 2712 901 2728 ‘
915 2716 1061 2751 quatuor
1085 2712 1214 2752 antiqui
1239 2711 1338 2743 libri!
1363 2712 1420 2743 Fa.
1445 2713 1454 2730 ‘
1473 2712 1600 2742 Vetus-

148 2749 252 2781 tiores
276 2753 383 2783 nostri
405 2753 572 2793 contingis,
588 2753 645 2784 alii
669 2763 737 2784 cum
749 2752 878 2794 fingis!
903 2754 1093 2785 Rem—73
1121 2755 1162 2785 Ei
1183 2755 1246 2785 alia
1268 2765 1360 2786 causa
1376 2755 1435 2785 ΒΓ.
1459 2755 1487 2785 ei
1509 2764 1600 2784 cansa

149 2792 212 2824 alia
227 2802 258 2825 o.
275 2794 297 2825 l.
314 2804 339 2826 s.
363 2796 454 2836 apud
473 2797 530 2827 Fa.
553 2800 587 2827 et
611 2796 711 2828 Bent.
734 2796 795 2827 alia
811 2806 878 2837 quoe
900 2807 994 2828 cansa
1010 2797 1038 2827 ei
1062 2798 1165 2829 Both.
1181 2798 1385 2829 tacite—75
1410 2798 1461 2829 ‚411
1489 2798 1600 2827 sadduc
