1966 3302
503 245 813 277 PHoRMioNiS
848 246 954 275 Ac's.
988 246 1031 274 v.
1066 245 1133 276 sc.
1170 245 1244 275 ιιι.
1489 236 1603 277 1013

147 343 236 385 DE.
268 343 389 395 Quid
411 344 591 385 autem?
652 341 784 383 NAU.
817 340 936 390 Quia
965 341 1039 395 pol
1068 341 1154 381 mci
1176 340 1315 394 patris
1337 340 1445 380 bene
1472 344 1605 393 parta

316 411 596 465 indiligenter
1571 409 1598 448 5

146 478 365 530 Tutatur3
395 491 496 519 nam
516 491 575 520 ex
592 478 660 518 his
683 476 867 531 praediis
891 476 1056 517 talenta
1077 475 1243 528 argenti
1263 476 1369 516 bina

148 545 308 587 Statim
329 546 532 600 capiebat
551 557 561 585 ε
585 545 699 595 hem,
722 546 787 587 vir
809 545 902 585 viro
924 543 1031 597 quid
1051 544 1264 597 praestat!
1298 544 1388 584 DE.
1413 543 1600 585 Binan’?

320 614 500 667 quaeso!

145 680 190 722 N
195 692 279 724 AU.
310 682 381 723 Ac
403 683 532 724 rebus
554 682 784 724 vilioribus
806 682 957 729 multo,
980 686 1126 721 tamen
1149 681 1315 721 talenta
1338 680 1450 721 bina.
1513 679 1602 720 DE.

319 749 416 792 Hui
436 751 445 792 !

146 816 280 859 NAU.
313 818 438 869 Quid
471 819 569 860 haec
589 818 820 859 videntur?
882 816 976 857 DE.
1012 816 1217 857 Scilicet!
1277 815 1407 857 NAU.
1442 815 1601 858 Virum

318 898 388 926 me
409 890 557 927 natam
576 885 759 926 vellem:

145 952 241 1005 Ego
262 953 555 994 ostenderem.
602 953 694 995 DE.
717 953 848 995 Certo
871 954 983 995 scio.
1035 952 1166 994 NAU.
1190 951 1292 1002 Quo
1310 953 1473 1006 pacto?
1507 951 1598 993 DE.

315 1021 473 1072 Parce,
496 1022 647 1073 sodes,
1147 1068 1153 1072 ³
1407 1019 1409 1022 ’
1542 1020 1597 1060 10

140 1143 198 1174 riti
212 1143 314 1184 culpa,
328 1153 419 1184 quam
433 1154 480 1175 me
495 1145 591 1175 decet.
637 1143 708 1174 DE.
735 1143 820 1179 Quid
834 1153 934 1174 causoe
949 1147 993 1175 est
1006 1141 1021 1174 Ζ)
1059 1143 1152 1175 ΝΑυ.
1179 1141 1262 1178 Quia
1275 1151 1330 1182 per
1345 1142 1502 1173 Pollucem
1519 1142 1595 1174 bona

141 1185 220 1216 mihi
236 1186 308 1217 bene
334 1190 426 1226 parta
441 1191 471 1218 et
487 1188 594 1218 relicta
611 1198 629 1218 a
649 1191 740 1227 patre
756 1187 951 1225 negligenter
974 1190 1074 1224 curat,
1095 1189 1125 1217 et
1145 1186 1364 1216 administrat:
1388 1196 1459 1216 uam
1482 1196 1521 1216 ex
1547 1186 1597 1216 his

133 1228 248 1265 fundis
272 1232 360 1268 pater·
381 1230 544 1270 quotannis
569 1232 685 1261 talenta
711 1230 836 1269 urgenti
863 1230 934 1260 bina
961 1229 1122 1270 (equaliter
1146 1229 1302 1269 capiebat:
1326 1228 1418 1260 hem!
1440 1239 1531 1269 quam
1546 1231 1597 1259 vir

139 1271 220 1302 alius
235 1272 290 1302 alii
299 1272 475 1312 prcecellit!
521 1273 589 1304 DE.
615 1273 740 1304 Binane
755 1276 878 1313 quaeso?
922 1273 1015 1303 NAU.
1038 1273 1086 1303 Ac
1102 1272 1195 1303 etium
1211 1275 1283 1302 tunc
1297 1272 1455 1311 temporis,
1467 1282 1535 1302 cum
1547 1282 1597 1302 res

139 1313 265 1345 viliores
275 1319 375 1354 erunt,
391 1326 480 1356 quam
496 1326 576 1347 nunc
589 1320 673 1354 sunt,
690 1319 792 1347 tamen
806 1316 921 1346 talenta
936 1315 1007 1345 bina
1022 1316 1160 1355 capiebat
1175 1325 1214 1345 ex
1226 1315 1375 1345 reditibus
1394 1315 1501 1345 horum
1513 1325 1595 1354 prce-

140 1356 271 1388 diorum.
317 1358 383 1389 DE.
410 1359 491 1394 Hui.
516 1359 548 1389 id
570 1359 684 1390 mirum
712 1363 770 1390 est.
815 1359 909 1389 NAU.
937 1358 1020 1394 Quid
1037 1360 1074 1389 de
1088 1358 1137 1388 his
1151 1357 1210 1388 tim·
1224 1357 1371 1389 videtur?
1393 1368 1432 1388 an
1450 1368 1509 1388 non
1531 1358 1596 1388 hav

138 1409 253 1439 magna
270 1400 433 1432 videntur?
468 1403 538 1434 DE.
561 1402 647 1433 Mihi
661 1403 804 1432 videntur
821 1402 867 1432 ita
882 1411 955 1433 esse.
992 1401 1084 1432 NAU.
1115 1402 1241 1432 Utinam
1255 1401 1303 1431 vir
1318 1405 1393 1430 meta
1409 1411 1523 1437 essem,·
1539 1411 1594 1439 ego

140 1446 222 1474 certe
236 1453 302 1475 mea
317 1444 486 1485 industria,
503 1449 532 1478 et
558 1449 627 1476 arte
642 1445 780 1476 omnibus
795 1445 1058 1482 notumfacerem.
1104 1445 1169 1475 DE.
1192 1444 1326 1475 Minime
1340 1444 1454 1475 dubito.
1500 1444 1594 1475 Nau.

750 1541 985 1553 eeeeeeeeeeee

142 1605 294 1637 Faernus
317 1616 366 1646 ac,
394 1607 484 1648 quod
511 1608 618 1639 minus
646 1609 781 1649 elegans
812 1619 885 1641 esse
911 1609 1056 1640 videtur.
1091 1608 1197 1638 Z.—6
1233 1607 1318 1640 Quae
1348 1606 1478 1647 praedia
1501 1606 1595 1638 dicat

139 1649 273 1689 mulier,
288 1649 320 1680 id
338 1650 441 1690 probe
458 1652 604 1689 scimus;
629 1656 740 1682 utrum
769 1657 900 1692 patrem
919 1663 960 1683 an
979 1653 1085 1683 virum
1103 1651 1207 1689 dicat,
1223 1651 1255 1681 id
1273 1650 1462 1680 nescimus:
1488 1660 1594 1691 quare

140 1692 374 1731 reponendum
391 1697 465 1724 erat
477 1704 549 1725 nam
565 1695 623 1724 iste
637 1704 677 1725 ex
691 1696 829 1735 praediis.
853 1696 955 1727 Both.
980 1695 1044 1726 His
1061 1694 1159 1726 deest
1175 1694 1206 1723 in
1218 1694 1276 1724 ΒΓ.
1291 1695 1300 1709 ⁴
1320 1693 1374 1723 Ex
1387 1693 1453 1723 suis
1465 1694 1595 1732 prcediis

140 1735 208 1766 Ms.
224 1735 265 1765 R.
287 1740 322 1766 et
339 1740 424 1768 vett.
439 1736 550 1769 codd.'
572 1737 731 1769 Lanam—7
758 1739 839 1769 Hem
855 1748 921 1769 non
946 1738 1095 1768 habebat
1112 1738 1207 1768 Beni.
1234 1740 1461 1776 congruenter
1482 1736 1523 1767 ad
1542 1746 1593 1767 ra-

139 1777 266 1809 tionem
288 1788 422 1810 versus:
447 1785 565 1819 postea
581 1780 839 1819 superadditum
867 1787 933 1821 est,
953 1791 1014 1821 pro
1031 1782 1102 1812 bina
1127 1784 1253 1817 autem,
1268 1779 1372 1810 habet
1397 1778 1511 1809 binam.
1534 1780 1594 1810 Fa.

139 1819 225 1851 Hem
247 1821 355 1852 nostri
380 1832 496 1853 ornnes
522 1823 671 1854 habent:
696 1825 783 1864 quod
813 1834 888 1855 cum
914 1834 1046 1855 versum
1072 1823 1314 1862 strangularet,
1339 1827 1513 1852 corrector
1535 1823 1592 1854 ille

137 1864 302 1895 metricus
320 1873 339 1895 e
363 1868 458 1896 textu
486 1865 601 1906 ejecit.
648 1866 755 1908 Atqui
781 1870 911 1898 tautum
936 1867 1115 1898 sententiae
1141 1864 1287 1903 confert,
1301 1870 1459 1906 quantum
1485 1865 1596 1896 versui

138 1904 253 1939 officit.
298 1907 543 1947 Reponendum
569 1914 655 1948 erat,
670 1909 819 1950 capiebat
842 1910 962 1941 statim.
986 1910 1054 1942 laem
1078 1910 1127 1940 tir
1149 1908 1215 1940 viro
1236 1909 1309 1948 quid
1332 1911 1484 1948 praestat?
1509 1908 1597 1939 Bina

138 1950 260 1989 quoeso'?
301 1949 503 1982 Invertebat
531 1952 651 1993 aliquis
671 1953 787 1991 verba,
811 1953 867 1993 qui
884 1953 1003 1984 Statim
1028 1951 1170 1992 putabat
1201 1953 1309 1991 prima
1330 1955 1491 1991 correpta
1507 1961 1593 1982 esse.

139 1990 249 2032 Atqui
265 2002 342 2023 cum
364 1999 572 2033 constanter,
600 2001 782 2035 perpetuo,
807 1996 946 2035 singulis
969 1996 1079 2034 annis,
1100 2000 1137 2026 ut
1167 1995 1235 2033 hic,
1261 1993 1438 2032 significat,
1453 1993 1595 2034 primam

139 2034 311 2074 producit.
357 2036 489 2067 Nonius
514 2038 722 2069 Marcellus:
745 2043 754 2056 ‘
771 2038 888 2070 Statim
917 2039 1084 2079 producta
1115 2038 1222 2078 prima
1247 2037 1390 2076 syllaba,
1413 2046 1431 2066 a
1461 2037 1598 2075 stando,

137 2083 400 2117 perseveranter
430 2084 466 2110 et
497 2079 675 2121 aequaliter
702 2081 901 2121 significat;¹
946 2082 1149 2118 Terentius;
1186 2081 1273 2112 Bina
1305 2080 1420 2111 talenta
1456 2080 1594 2120 capiebat

137 2120 257 2153 statim.
285 2120 383 2152 Idem
407 2125 519 2152 tamen
547 2132 581 2155 v.
623 2124 741 2164 Capere
761 2125 878 2162 habet,
901 2125 1020 2156 Statim
1040 2123 1189 2164 capiebat.
1235 2123 1396 2154 Ceterum
1424 2121 1496 2154 bina
1518 2133 1595 2154 nos-

136 2163 181 2194 tri
205 2173 334 2205 omnes,
360 2174 428 2195 non
453 2165 558 2197 bz'mm.
590 2166 690 2198 Bent.
713 2177 811 2207 quem
836 2168 993 2208 sequitur
1019 2167 1122 2197 Both.
1151 2166 1237 2197 Bina
1260 2166 1338 2205 Bip.
1368 2166 1427 2196 Br.
1457 2166 1596 2197 Perh—

139 2208 158 2237 8
185 2206 306 2238 Potest
335 2207 387 2238 hic
412 2217 529 2239 versus
559 2210 758 2248 sustentari,
783 2215 820 2241 ut
849 2210 891 2241 sit
916 2210 1023 2241 lamb.
1057 2215 1191 2240 tetram.
1222 2209 1378 2240 catalect.
1406 2213 1443 2238 ut
1474 2210 1596 2249 ceteri,

138 2248 202 2279 hoc
214 2249 337 2289 modo3
361 2257 399 2281 ut
415 2251 498 2281 eliso
516 2261 557 2281 ex
573 2251 733 2282 vilioribus
748 2263 775 2290 s,
792 2263 834 2284 ex
860 2256 961 2284 tamen
977 2263 1007 2289 n,
1025 2252 1056 2283 in
1076 2256 1196 2293 quarta
1212 2251 1292 2282 sede
1317 2251 1362 2282 sit
1387 2256 1592 2291 anapaestus,

137 2291 172 2321 iu
187 2292 308 2333 quinta
323 2293 491 2334 dactylus.
515 2295 576 2326 Fu.
623 2295 791 2335 Quicquid
810 2300 889 2336 agat
904 2295 1212 2335 Faiirnusflitiosus
1225 2299 1341 2325 manet
1359 2303 1497 2325 versus:
1515 2305 1594 2326 nam

84 2336 88 2348 '
139 2343 182 2364 ex
199 2336 298 2366 metri
316 2338 391 2376 lege
407 2336 505 2367 oribu’
533 2337 725 2368 tribrachus
752 2348 826 2369 esse
854 2338 986 2375 debuit,
1003 2348 1068 2369 non
1094 2337 1263 2378 dactylus.
1309 2337 1426 2368 Nostri
1445 2338 1592 2369 universi

138 2386 214 2408 cum
229 2378 318 2411 Edd.
335 2383 419 2410 vett.
435 2380 495 2411 duo
511 2381 640 2416 talenta,
656 2390 720 2411 non
738 2382 855 2412 talentu
872 2381 955 2413 bina.
988 2382 1139 2421 Repone,
1152 2381 1200 2411 Ac
1212 2379 1302 2410 rebus
1316 2380 1475 2411 vilioribus
1487 2384 1592 2414 tamen

137 2420 196 2450 duo
212 2422 341 2452 talenta.
365 2421 448 2453 Hui.
493 2422 582 2454 Satis
596 2429 648 2454 est
668 2423 709 2454 ad
734 2425 952 2462 sententiam,
969 2425 996 2455 :si
1011 2435 1063 2455 res
1079 2424 1212 2454 viliores
1228 2428 1346 2453 erant:
1379 2428 1416 2453 ut
1431 2424 1526 2454 multo
1540 2433 1592 2455 cs-

138 2467 218 2494 sent
244 2464 393 2504 viliores,
417 2464 496 2495 nihil
514 2475 611 2506 opus.
647 2466 743 2498 Bent.
788 2467 985 2507 Elegantius
1013 2467 1121 2498 multo
1148 2470 1351 2506 repetuntur
1375 2466 1491 2496 talenta
1507 2466 1592 2507 bina,

139 2515 251 2545 quam,
264 2507 353 2548 quod
372 2508 454 2538 Mss.
471 2509 607 2549 quidam
624 2513 660 2540 et
675 2509 752 2540 edd.
771 2516 845 2549 post
868 2510 942 2542 ΕΡ.
969 2514 1072 2540 tamen
1097 2511 1155 2540 duo
1170 2510 1300 2539 talenta.
1324 2508 1429 2539 West.
1478 2509 1593 2541 Tamen

136 2549 196 2580 duo
213 2548 284 2582 bina
300 2551 400 2582 Both.
426 2551 479 2581 cui
506 2555 514 2568 ‘
527 2552 633 2583 satius
651 2552 786 2584 videtur
801 2553 950 2593 expungi
966 2554 1104 2584 talenta:
1126 2557 1245 2592 sponte
1270 2551 1302 2582 id
1321 2552 1591 2592 intelligendum,

138 2592 234 2630 qnasi
251 2592 378 2624 dixeris
396 2603 456 2633 par
472 2594 677 2626 talentorum
694 2595 715 2625 :’
748 2597 807 2626 duo
828 2597 945 2626 talenta
968 2595 1012 2634 A,
1040 2596 1082 2633 B,
1110 2595 1190 2626 Hel.
1214 2595 1272 2625 ΒΓ.
1295 2599 1303 2610 ¹
1318 2595 1427 2624 minus
1447 2595 1591 2626 Latine!

137 2633 291 2667 Peri—9
316 2636 395 2666 Haec
417 2636 476 2666 tibi
499 2638 642 2669 videntur
657 2638 774 2669 Guelf.
792 2642 819 2669 1.
865 2639 962 2670 Rem.
985 2642 1104 2676 natum,
1122 2637 1210 2677 quod
1236 2646 1302 2667 non
1331 2636 1503 2677 displicet.
1528 2639 1590 2671 Fa.

137 2676 248 2708 Recte
260 2678 364 2710 habet
381 2679 476 2710 Rem.
492 2683 620 2716 natemz;
643 2685 678 2711 et
696 2681 745 2711 sic
762 2691 780 2711 a
797 2681 906 2721 prima
921 2691 1021 2712 manu
1037 2688 1149 2712 noster
1165 2680 1219 2710 ille
1232 2682 1306 2711 900.
1322 2690 1495 2712 annorum.
1534 2681 1589 2712 Vi-

137 2728 207 2750 rum
221 2724 326 2751 natam
338 2723 486 2752 soloecon
501 2728 565 2761 est,
578 2728 612 2753 et
627 2723 688 2754 sibi
704 2724 812 2763 ipsum
831 2729 1009 2764 repugnat.
1056 2724 1095 2755 Iu
1110 2728 1241 2754 textum
1254 2732 1346 2763 ergo,
1357 2723 1445 2763 quod
1460 2724 1587 2755 veritus

138 2767 191 2808 est
208 2763 267 2794 Fa.
283 2768 389 2795 natum
405 2765 543 2804 recipio.
570 2767 666 2796 Bent.
690 2776 788 2806 quem
804 2768 958 2807 sequitur
974 2766 1071 2797 Both.
1090 2776 1155 2807 quo
1167 2766 1285 2806 judice
1301 2775 1320 2796 a
1333 2770 1437 2796 natam
1452 2773 1586 2797 semen-

139 2809 189 2836 tta
201 2805 373 2847 abhorret,
387 2812 425 2839 et
440 2813 529 2840 teste
545 2818 624 2851 quo,
639 2812 746 2840 natum
762 2810 901 2842 exhibet
918 2811 960 2841 B.
991 2813 1095 2842 natum
1112 2819 1243 2851 quoque
1261 2808 1399 2850 Ilipont.
1425 2815 1458 2841 at
1481 2814 1587 2841 nanim
