1966 3302
310 229 396 271 556
810 243 848 270 P.
882 242 1125 273 TEREN'rn
1162 244 1279 275 Arm

312 336 540 378 Faciundo
560 337 691 379 facile
715 342 906 378 sumtum
929 343 1180 380 exercerent
1197 349 1321 381 suum
1344 354 1354 382 :

312 404 476 445 Omnes
497 405 687 458 produxi
710 418 762 446 ac
783 404 986 446 vendidi:
1018 405 1224 459 inscripsi
1246 407 1369 450 illico

310 472 470 513 AEdeis
490 472 713 523 mercede3
747 473 876 526 quasi
898 473 1059 513 talenta
1080 473 1137 514 ad
1160 474 1410 528 quindecim

309 538 473 592 Coegi3
505 553 656 593 agrum
678 540 792 581 hunc
813 546 1032 582 mercatus
1055 555 1150 582 sum
1169 555 1179 594 3
1211 541 1284 584 hic
1305 556 1374 584 me
1393 555 1598 584 exerceo.

310 607 498 649 Decrevi
519 608 732 661 tantisper
753 621 823 649 me
845 608 993 649 minus
1015 609 1204 663 injuriae,
1713 612 1771 653 95

308 674 510 726 Chreme,
531 689 628 717 meo
652 680 782 727 gnato
804 675 963 726 facere,
986 676 1090 718 dum
1111 677 1212 718 fiam
1232 677 1393 730 miser3

309 742 354 783 N
357 756 407 783 ec
428 743 497 784 fas
518 755 614 785 esse
637 743 730 784 ulla
751 756 820 784 me
844 743 1074 797 voluptate
1094 744 1164 786 hic
1182 745 1283 795 frui,

306 889 355 918 ter
371 898 419 919 eos
431 889 482 930 qui
497 890 570 921 bene
595 891 779 921 collocarent
804 900 940 932 operam,
967 894 998 922 et
1024 892 1257 923 demererentur
1283 892 1435 934 impensas
1459 901 1531 924 suas
1546 892 1580 925 in
1595 903 1667 925 rure
1681 902 1770 925 exer·

305 933 418 964 cencio:
440 933 606 972 prescripsi
620 934 760 973 protinus
775 934 898 965 domum
912 935 1048 965 venalem
1060 935 1173 974 pretio,
1195 944 1350 975 apponens
1365 935 1591 976 inscriptionem
1607 937 1744 975 adfores
1756 946 1768 973 ;

305 976 480 1015 comparavi
494 985 587 1016 prope
600 976 772 1016 quindecim
788 978 926 1008 talenta:
950 977 1030 1007 hunc
1045 977 1104 1008 emi
1110 978 1247 1016 fundum
1259 990 1270 1009 .·
1284 979 1393 1018 fatigo
1410 989 1455 1010 me
1475 981 1506 1010 in
1522 979 1578 1010 hoc
1601 990 1689 1019 agro.
1739 980 1768 1009 Ο

308 1016 462 1049 Chreme!
476 1018 619 1057 judicavi
642 1030 689 1050 me
710 1021 812 1050 minus
833 1019 971 1060 iniquum
993 1029 1058 1051 esse
1079 1024 1109 1051 et
1131 1019 1281 1059 injurium
1308 1020 1341 1053 in
1358 1021 1477 1063 filium,
1496 1022 1616 1054 interea
1641 1023 1714 1054 dum
1736 1021 1770 1052 in

306 1060 429 1092 miseria
445 1062 611 1099 versubor;
634 1073 688 1094 nec
715 1062 791 1094 mihi
816 1063 908 1094 licere
930 1063 983 1094 lzz'c
1008 1063 1144 1104 aliquam
1169 1064 1353 1105 voluptatem
1376 1075 1497 1106 capere,
1523 1066 1586 1097 nisi
1606 1069 1769 1106 postquam

904 1169 923 1180 ο
926 1160 1141 1181 eeeeeeeeeeee

306 1245 464 1283 Linacer,
487 1245 520 1276 in
545 1255 634 1286 opere
653 1256 681 1278 r.
706 1246 899 1278 West.—91
928 1248 1006 1279 Non
1038 1245 1201 1279 convenit
1226 1247 1316 1279 inter
1341 1248 1570 1288 Imenaretes,
1591 1251 1770 1280 exercerent

305 1287 487 1327 legendum
503 1289 559 1328 sit,
581 1299 622 1319 an
639 1293 813 1321 exerceant.
860 1291 1054 1331 Utrumque
1084 1296 1137 1322 est
1165 1291 1197 1321 in
1226 1291 1308 1322 Mss.
1336 1291 1487 1322 eteditis
1513 1291 1770 1331 probatissimis.

305 1330 420 1362 Possit
437 1335 472 1361 et
488 1336 631 1363 exercent
649 1333 732 1371 legi:
759 1333 928 1373 quomodo
949 1338 1002 1364 est
1026 1334 1059 1364 in
1074 1334 1130 1365 Tr.
1148 1340 1185 1365 et
1202 1334 1321 1366 Leidd.
1341 1344 1418 1365 uno.
1463 1335 1553 1365 Mur.
1567 1335 1649 1366 Va'r.
1669 1334 1768 1365 Lect.

308 1383 389 1406 vm.
407 1376 459 1405 13.
484 1384 525 1404 ex
552 1375 723 1406 sententia
739 1376 896 1417 Dionysii
915 1377 1070 1409 Lambini
1098 1377 1181 1417 legit
1207 1377 1411 1409 exsarcz'rent.
1458 1378 1550 1418 Guy.
1567 1377 1769 1416 exsero-irent,

305 1427 337 1457 q.
355 1417 388 1448 d.
407 1417 624 1456 resarcirent,
649 1425 845 1458 pensarent.
890 1420 1071 1450 Turnebus
1088 1419 1233 1451 Advers.
1254 1429 1307 1451 nr.
1324 1424 1355 1452 5.
1380 1420 1429 1451 ita
1445 1420 1636 1452 exsere-irent
1663 1427 1698 1450 se
1723 1420 1771 1451 ait

307 1460 436 1499 legere,
461 1465 496 1491 ut
512 1465 689 1493 exercerent
708 1471 773 1492 uon
799 1461 947 1502 damnet,
971 1462 1144 1493 adducens
1173 1463 1275 1493 verba
1304 1462 1488 1502 Ambrosii,
1511 1462 1613 1495 Offic.
1642 1463 1705 1494 liin
1728 1471 1768 1494 Π.

305 1504 314 1520 ‘
329 1503 394 1534 Sed
412 1503 606 1544 direptione
623 1505 779 1545 alicujus,
793 1510 828 1536 et
845 1506 1021 1536 amissione
1036 1506 1227 1545 patrimonii
1244 1506 1275 1536 in
1291 1516 1364 1536 earn
1379 1506 1531 1538 recidere
1547 1507 1717 1546 injuriam,
1731 1510 1770 1538 ut

305 1552 451 1577 sumtum
464 1556 628 1578 exercere
639 1557 703 1578 non
713 1548 839 1589 queat-J
864 1549 1060 1580 Kockertus
1072 1549 1103 1579 in
1114 1548 1234 1579 Indice
1246 1549 1361 1580 rictum
1373 1553 1550 1581 exercerent
1564 1549 1657 1588 legit.
1666 1548 1768 1581 West.

303 1591 312 1607 ‘
328 1588 470 1620 Sumtum
483 1594 645 1621 exerceant
658 1601 758 1622 suum.
799 1592 1000 1631 Emenerent,
1012 1592 1100 1633 quod
1115 1596 1150 1623 et
1161 1593 1350 1632 elegantius
1364 1598 1398 1623 et
1412 1593 1623 1624 numerosius
1637 1597 1701 1630 est,
1712 1592 1769 1622 ha·

305 1632 387 1664 bent
399 1639 467 1663 tres
482 1633 705 1674 antiquissimi
721 1633 822 1664 libri?
842 1634 898 1665 Fa.
922 1639 931 1652 ⁶
946 1635 1189 1674 Reponenduni
1208 1635 1475 1675 liicexsercireut,
1493 1642 1528 1666 ut
1542 1635 1683 1676 primus,
1697 1635 1769 1675 opi*-

305 1686 375 1711 nor,
394 1676 477 1706 vidit
494 1675 602 1707 Janus
624 1678 824 1716 Palmerius,
839 1678 1035 1709 acutissimo
1054 1678 1104 1708 vir
1121 1679 1268 1718 ingenio.
1306 1678 1397 1719 [Jarn
1414 1685 1493 1710 ante
1512 1678 1717 1709 palmer-ium
1733 1677 1768 1708 id

305 1719 391 1749 vidit
409 1719 549 1758 Dionys.
568 1720 761 1757 Lambinus,
781 1721 835 1760 qui
855 1726 942 1752 teste
960 1722 1098 1752 Mureto
1116 1722 1199 1752 Var.
1217 1722 1312 1752 Lect.
1328 1729 1394 1752 v11.
1410 1725 1461 1753 13.
1479 1722 1617 1762 legebat
1632 1720 1770 1752 exsurci-

303 1766 391 1793 rent:
408 1762 493 1792 male
506 1767 615 1793 tamen
629 1764 730 1794 etiam
743 1767 876 1794 sumtum
889 1765 1066 1804 corrigens
1078 1765 1110 1794 in
1123 1765 1248 1795 rictum.
1265 1765 1427 1805 Reizins.]
1459 1764 1572 1806 Atque
1588 1768 1674 1803 esto,
1687 1769 1723 1794 ut
1734 1763 1768 1794 S.

306 1804 505 1836 Ambrosius
523 1810 573 1836 ter
589 1811 779 1847 quaterque
793 1816 833 1837 ea
847 1806 959 1847 plu-asi
974 1817 1053 1837 usus
1065 1807 1120 1847 sit,
1134 1809 1142 1824 ‘
1156 1808 1311 1838 Sumtum
1325 1817 1419 1838 suum
1435 1806 1629 1838 exercere?
1646 1815 1770 1847 nempe

304 1854 384 1879 ante
411 1848 482 1888 ejus
509 1854 646 1880 aetatem
671 1850 743 1889 jam
769 1850 857 1880 hunc
882 1850 1039 1880 Terentii
1066 1851 1175 1881 locum
1205 1850 1497 1890 interpolaverant
1522 1849 1702 1889 Magistri;
1728 1857 1770 1879 ne

305 1891 409 1922 verbo
426 1892 580 1923 obsoleto
596 1892 781 1933 discipulos
798 1893 883 1923 male
901 1893 991 1934 loqui
1005 1893 1181 1924 docerent.
1229 1893 1441 1924 Coloniensis
1460 1893 1570 1924 codex
1583 1892 1671 1933 apud
1691 1892 1769 1922 Pal-

304 1935 447 1965 merium
464 1943 482 1964 a
500 1935 608 1975 prima
622 1945 735 1976 manu,
758 1939 891 1966 sumtum
906 1937 1081 1967 exercirent
1098 1946 1206 1967 suum.-
1230 1937 1318 1967 alter
1339 1936 1430 1976 apud
1455 1936 1613 1974 eundem,
1634 1938 1771 1966 sumtum

304 1977 464 2008 exerciunt
481 1987 578 2009 suum.
625 1979 721 2010 Bem.
740 1979 915 2019 testeipso
933 1979 1078 2016 Bembo,
1099 1979 1163 2010 hoc
1190 1979 1222 2009 in
1251 1979 1400 2018 margine
1428 1976 1615 2020 ascriptum
1640 1977 1768 2017 hahart,

305 2023 495 2059 exercerent,
518 2022 716 2053 resarcirent.
763 2020 869 2062 Atqui
888 2022 944 2062 qui
961 2022 1010 2052 sic
1029 2022 1156 2062 primus
1182 2022 1428 2062 interpretatus
1453 2027 1518 2061 est,
1545 2020 1770 2062 proculdubio

305 2064 440 2103 legebat
465 2064 648 2095 exercirent.
694 2065 821 2096 Paulus
850 2065 882 2095 in
912 2065 1073 2105 Epitoma
1097 2065 1212 2096 Festi:
1238 2066 1436 2100 Exere-irent,
1459 2065 1623 2096 sarcirent.
1670 2063 1771 2095 Unde

305 2106 368 2137 hoc
385 2107 447 2137 nisi
465 2116 506 2136 ex
526 2107 588 2138 lioc
604 2108 755 2140 Terentii
774 2108 869 2138 loco?
892 2113 929 2138 et
944 2108 998 2138 vix
1013 2108 1164 2147 dubites,
1187 2109 1268 2149 quin
1285 2107 1375 2148 apud
1395 2109 1530 2139 Festum
1548 2108 1657 2148 ipsum
1676 2107 1770 2137 locus

307 2155 400 2180 totus
432 2149 600 2181 adductus
625 2150 750 2183 fuerit.’
780 2151 877 2182 Bent.
924 2150 979 2182 ⁴8.
1006 2155 1196 2182 exercerent.
1244 2151 1321 2181 Non
1347 2151 1572 2182 dubitandum
1601 2155 1666 2188 est,
1691 2146 1770 2189 (quiri

304 2191 499 2223 felicissime
515 2194 730 2225 correxerint
748 2194 811 2225 viri
829 2193 953 2224 eruditi
979 2204 1004 2224 s.
1023 2195 1197 2224 exerc-irent
1225 2194 1366 2235 antique
1392 2204 1452 2234 pro
1480 2194 1674 2225 exsarcirent
1701 2193 1722 2223 i.
1739 2201 1770 2223 e.

305 2236 592 2275 compensarent!
618 2237 659 2267 R.
678 2237 722 2268 D.
770 2236 976 2268 Exsercirent
1000 2237 1101 2268 Bent.
1118 2238 1305 2268 Boin—93
1332 2236 1485 2277 Inscripsi
1509 2237 1533 2268 i.
1551 2236 1669 2267 AEdes:
1690 2245 1770 2266 mer-

304 2279 406 2309 cedem
432 2289 463 2319 q.
491 2282 515 2309 t.
561 2279 648 2310 Haec
678 2286 729 2309 est
757 2279 878 2310 Bembi
908 2280 1090 2310 collocatio
1116 2285 1152 2310 et
1177 2280 1356 2311 distinctio
1385 2280 1495 2311 simul.
1540 2279 1626 2310 GM,
1649 2283 1685 2309 et
1710 2278 1770 2308 ΒΓ.

303 2322 452 2353 mercede.
477 2322 572 2354 Perl.
620 2323 747 2354 Talenta
773 2323 931 2353 duodecim
959 2323 1086 2364 absque
1113 2323 1203 2363 quasi
1229 2321 1348 2354 Guelf.
1376 2325 1493 2355 2.—·97
1519 2322 1603 2353 Mss.
1619 2321 1772 2363 quidam,

962 2420 1107 2452 NOTAE

348 2504 389 2533 93
417 2501 546 2532 Telemo
562 2501 735 2541 quindecim
749 2500 851 2540 co'e'gi]
884 2501 1008 2532 Talen-
1064 2501 1074 2519 ‘
1087 2501 1218 2542 Coegi,'
1233 2501 1266 2532 id
1284 2505 1350 2542 est,
1364 2502 1396 2533 in
1416 2511 1517 2533 unum
1531 2501 1668 2542 redegi:
1692 2499 1771 2532 inde

308 2557 378 2583 tum
392 2551 481 2592 apud
500 2551 727 2582 Athenienses
754 2556 828 2582 erat
854 2551 1008 2592 pecuniae
1064 2553 1262 2584 coactiones
1278 2553 1485 2593 argentariae
1512 2556 1591 2584 sunt
1620 2550 1773 2583 collecti-

307 2613 448 2641 summa,
476 2602 590 2632 valens
626 2603 800 2633 sexcentis
832 2603 1010 2634 Coronatis
1065 2612 1146 2634 ones
1163 2603 1444 2643 pecuniaruni‚et
1459 2603 1773 2639 coactores,desre·

306 2654 472 2690 Gallicis3
497 2658 642 2693 eratque
670 2653 811 2692 duplex,
838 2654 948 2684 minus
975 2658 1011 2685 et
1065 2663 1187 2684 ceveurs
1216 2654 1424 2694 particuliers.
1480 2652 1683 2686 Quindecim
1706 2652 1771 2682 'ra-

306 2703 428 2743 majus.
473 2703 527 2733 De
558 2703 686 2733 minore
714 2703 844 2733 talento
879 2703 1012 2744 Attico,
1066 2704 1160 2734 lenta
1177 2703 1361 2735 conficiunt
1381 2712 1542 2734 summam
1561 2711 1680 2733 novem
1697 2701 1770 2732 mil-

307 2754 394 2795 quod
412 2753 590 2790 sexaginta
607 2752 713 2782 minas
732 2753 945 2791 continebat,
958 2754 1012 2784 hie
1068 2754 1148 2786 lium
1167 2755 1413 2786 Coronatorum
1428 2753 1651 2786 Gallicorum.

310 2805 436 2845 agitur.
478 2803 589 2843 Majus
606 2802 805 2833 continebat
821 2805 873 2834 80.
892 2803 1010 2834 minas.
