1966 3302
267 209 351 250 (552
765 224 804 254 ι).
837 223 1077 254 'FERENTM
1112 227 1225 257 Arni

267 314 356 356 Ubi
378 317 509 367 scies,
531 317 569 365 si
591 317 845 371 displicebit
865 318 971 369 vita,
990 324 1080 360 tum
1104 321 1219 362 istoc
1242 321 1394 364 utitor.

268 383 350 424 SY.
387 384 521 435 Here,
564 385 753 427 licetne?
814 386 901 428 CH.
948 387 1160 441 Loquere.
1221 389 1304 430 SY.
1351 390 1412 431 At
1442 392 1568 432 tuto?
1629 391 1718 433 CH.

437 452 656 506 Loquere.
717 453 802 494 SY.
835 453 948 504 Quae
970 456 1060 496 ista
1081 455 1134 498 'st
1151 458 1365 511 pravitas,
1661 461 1719 501 20

266 519 436 570 Quaeve
471 521 663 562 amentia
695 525 777 571 est,
810 521 929 576 quod
962 525 1145 577 peccavi
1176 538 1275 578 ego,
1311 526 1358 567 id
1391 527 1554 568 obesse
1587 526 1719 568 huie?

437 588 523 630 CH.
559 588 702 630 Ilicet.

266 655 338 697 Ne
361 662 401 697 te
422 656 640 698 admisce:
671 669 797 698 nemo
818 662 1016 708 accusat,
1040 659 1164 713 Syre,
1187 663 1252 711 te;
1285 673 1366 701 nec
1387 666 1432 702 tu
1449 674 1570 703 aram
1593 662 1688 713 tibi,

265 724 308 765 N
311 737 361 765 ec
400 729 668 778 precatorem
707 727 886 778 pararis.
965 727 1049 768 SY.
1101 726 1221 778 Quid
1265 729 1393 781 agis?
1454 728 1544 770 CH.
1590 729 1716 772 Nihil

435 805 690 842 succenseo,

264 860 360 901 Nec
381 860 476 909 tibi,
497 873 578 901 nec
599 860 724 902 huic:
755 874 836 903 nec
858 874 938 903 vos
959 867 1028 903 est
1051 876 1240 917 aequom,
1263 864 1387 917 quod
1407 864 1538 915 facio,
1559 866 1677 908 mihi.

263 928 346 969 ΞΥ.
382 927 532 980 Abiit3
564 927 675 969 vah!
706 941 888 981 rogasse
910 930 1079 971 vellem.
1142 929 1227 972 C1..
1259 930 1412 982 Quid?
1472 933 1554 974 SY.
1588 934 1718 978 Unde

436 996 541 1037 mihi
562 1002 752 1049 peterem
777 998 947 1038 cibum:
1662 1003 1720 1046 25

264 1066 335 1106 Ita
358 1077 439 1105 nos
461 1064 694 1105 alienavit:
728 1065 806 1106 tibi
821 1065 912 1118 jam
937 1080 1035 1107 esse
1056 1067 1112 1108 ad
1131 1080 1326 1109 sororem
1349 1068 1563 1123 intelligo.

261 1203 362 1234 vivere
373 1214 383 1234 .·
403 1207 565 1243 postquam
580 1203 738 1242 didiceris,
761 1205 789 1235 si
813 1205 884 1235 ritoe
895 1209 1047 1245 pertaesus
1057 1204 1175 1245 fueris,
1193 1209 1264 1238 tanc
1279 1208 1378 1239 utitor
1393 1208 1448 1240 hoc
1463 1218 1610 1240 sermone.
1654 1207 1718 1240 SY.

261 1246 312 1276 An
327 1246 484 1285 permittis
500 1247 575 1278 mihi
591 1251 621 1277 te
636 1247 772 1287 alloqui?
817 1248 884 1278 CH.
909 1248 1055 1288 Loquere.
1102 1251 1161 1280 SY.
1186 1250 1232 1280 At
1257 1250 1368 1282 licetne
1383 1252 1463 1292 loqui
1478 1252 1546 1283 sine
1559 1249 1719 1292 periculo?

261 1290 330 1319 CH.
355 1289 503 1329 Loquere.
549 1291 610 1321 SY.
637 1289 714 1324 Quae
739 1294 785 1321 est
810 1292 871 1321 ista
896 1292 1095 1331 perversitas,
1119 1292 1166 1323 vel
1181 1303 1248 1333 (μα’
1263 1297 1306 1324 est
1321 1294 1383 1326 ista
1405 1296 1517 1326 mentis
1531 1294 1665 1334 insania,
1686 1294 1721 1325 id

260 1341 367 1363 nocere
401 1333 472 1363 huic
486 1332 562 1373 filio
581 1336 632 1364 tuo
658 1334 737 1373 quod
752 1337 906 1374 peccatum
931 1334 1089 1365 commisi?
1133 1336 1201 1366 CH.
1227 1336 1347 1368 Desine
1369 1338 1459 1378 plura
1482 1337 1562 1378 loqui
1574 1348 1587 1375 ,·
1610 1337 1695 1369 ilicet
1709 1347 1723 1374 ‚·

259 1381 363 1405 actum
379 1379 436 1413 est,
452 1377 530 1416 quod
546 1375 691 1406 constitui
703 1376 892 1418 perficietur.
939 1377 1016 1408 Noli
1041 1381 1072 1408 te
1094 1378 1125 1408 in
1146 1379 1202 1408 hoc
1223 1380 1345 1417 negotio
1361 1381 1568 1420 interponere,
1583 1392 1600 1411 ο
1616 1380 1719 1422 Syre5

259 1428 345 1449 nemo
360 1422 485 1449 accusat
500 1422 530 1450 te
543 1429 552 1449 .-
576 1419 639 1449 noli
655 1419 713 1450 tibi
728 1430 864 1459 quoerere
887 1421 1017 1461 asylum,
1040 1431 1094 1452 nec
1118 1422 1357 1461 deprecatorem,
1379 1425 1522 1463 quoniam
1537 1434 1598 1455 mm
1612 1423 1720 1462 indig-

258 1471 328 1500 nor,
353 1471 448 1502 neque
474 1463 537 1492 ulla
559 1462 618 1492 tibi
642 1462 782 1502 minitor,
809 1473 906 1503 neque
935 1463 1120 1503 Clitiphoui,
1142 1474 1196 1495 nec
1214 1465 1338 1503 justum
1361 1469 1406 1497 est
1422 1477 1474 1498 vos
1490 1467 1627 1498 vicissim
1641 1466 1720 1497 mihi

260 1504 352 1535 irasci
367 1505 404 1535 (Ie
420 1515 464 1543 eo,
489 1507 568 1544 quod
585 1505 684 1543 facio.
729 1506 792 1536 SY.
817 1506 985 1544 Discessit,
1000 1510 1035 1537 at
1049 1508 1157 1538 vellem
1176 1517 1243 1538 eum
1260 1508 1478 1548 interrogasse.
1523 1510 1582 1540 CL.
1608 1506 1721 1544 Quid?

259 1547 322 1578 SY.
349 1547 437 1578 Unde
459 1548 536 1578 mihi
558 1548 642 1578 cibas
667 1548 792 1579 dabitur
805 1559 817 1585 ;
840 1549 886 1579 ita
906 1549 1063 1580 abdicavit
1088 1560 1152 1580 nos.
1203 1551 1292 1582 Nunc
1318 1551 1404 1583 vitleo
1428 1556 1458 1584 te
1479 1552 1592 1583 victum
1608 1551 1720 1583 habere

260 1591 342 1630 apud
357 1600 503 1630 sororem,
518 1601 608 1631 quam
630 1591 783 1622 hoeredem
799 1591 860 1622 sibi
874 1593 985 1623 constit
991 1593 1047 1624 uit.
1093 1594 1153 1623 CL.
1177 1593 1303 1626 Adeone
1318 1594 1351 1625 id
1366 1604 1470 1627 verum
1491 1598 1548 1634 est,
1555 1594 1720 1634 fortunam

871 1687 948 1698 Nee
954 1687 1110 1699 ‘coeno‘

259 1763 329 1796 Pro
344 1762 410 1794 hoec
428 1762 481 1794 M.
496 1763 650 1794 hoa—20
668 1763 758 1795 Licet
776 1774 822 1795 me
839 1762 953 1796 Guelf.
969 1767 1002 1796 2.
1021 1764 1120 1796 Bodl.
1146 1767 1193 1796 Ac
1209 1768 1287 1796 tuto.
1304 1765 1407 1797 Bent.
1423 1765 1518 1796 Perl.
1543 1765 1635 1797 Istoec
1646 1775 1720 1806 pra·

259 1807 356 1838 vitas.
373 1806 456 1837 GM.
476 1813 520 1837 est
537 1806 697 1837 ista—21
723 1807 803 1842 Qua>
817 1807 888 1837 sine
904 1817 939 1838 rc
963 1807 1078 1839 Guelf.
1091 1810 1122 1839 2.
1148 1808 1251 1839 Ilicet
1267 1809 1414 1839 Br.—-23
1438 1807 1534 1839 Idem
1544 1808 1718 1850 paraveris.

261 1849 329 1880 Ms.
360 1850 449 1889 Lips.
478 1850 564 1884 Quid
586 1849 633 1879 ais
643 1847 744 1880 ?—24
769 1850 888 1881 Nostri
911 1851 1062 1881 universi
1081 1851 1149 1882 Nec
1165 1851 1222 1882 tibi
1237 1862 1290 1882 nec
1315 1851 1402 1882 huic.-
1426 1851 1487 1882 Fa.
1504 1857 1538 1882 et
1562 1861 1602 1883 eo
1627 1853 1720 1893 prior

266 1892 323 1924 Er.
341 1892 407 1923 Nec
423 1892 494 1931 tibi,
520 1903 574 1923 nec
591 1892 670 1929 tibi;
693 1894 808 1924 nescio
824 1903 866 1924 ex
882 1893 1019 1924 librisne
1038 1904 1078 1924 an
1106 1904 1147 1924 ex
1173 1895 1384 1935 conjectura.
1430 1893 1577 1926 Videtur
1604 1898 1719 1927 tamen

259 1945 376 1966 verum
395 1946 402 1965 z
428 1945 552 1975 nempe
572 1935 665 1975 vultu
683 1940 718 1966 et
734 1942 817 1966 nutu
837 1937 909 1967 liaec
928 1941 1073 1976 aguntur
1089 1947 1098 1975 ;
1118 1937 1226 1976 primo
1242 1938 1375 1978 Syrum,
1390 1936 1470 1968 dein
1486 1936 1591 1969 filiuni
1608 1937 1717 1969 intue-

259 1985 335 2010 tur:
364 1984 400 2009 ut
428 1979 540 2009 Plaut.
554 1978 657 2017 Capt.
675 1987 715 2009 11.
733 1981 764 2009 3.
779 1982 831 2010 87.
855 1980 950 2010 Bent.
997 1980 1093 2011 Lect.
1112 1979 1232 2010 Faerni
1250 1980 1350 2011 etiam
1369 1990 1432 2021 qua
1457 1980 1661 2012 auctoritate
1677 1990 1716 2013 se

259 2021 393 2052 nescire
411 2020 559 2052 affirmat
574 2021 678 2052 Both.
692 2022 749 2062 qui
766 2022 849 2062 legit
867 2022 935 2052 Nec
951 2021 1008 2052 tibi
1026 2032 1122 2063 neque
1138 2023 1219 2054 huic.
1235 2023 1275 2054 Z.
1292 2023 1386 2054 Perl.
1409 2023 1477 2054 Nec
1492 2022 1563 2062 tibi,
1577 2033 1632 2055 nec
1646 2023 1718 2056 tibi.

259 2067 343 2095 —25
369 2065 461 2095 Duos
488 2065 588 2094 hosce
614 2073 678 2094 vss.
705 2070 898 2104 expunctos
926 2066 996 2095 vult
1024 2066 1115 2106 Guy.
1145 2066 1242 2106 cnjus
1274 2066 1321 2096 rei
1348 2066 1559 2106 iniquitatem
1588 2067 1718 2108 optime

261 2107 413 2138 ostendit
429 2107 540 2138 Boecl.
584 2107 630 2138 Et
644 2117 724 2138 sane
742 2108 850 2138 minus
868 2115 1063 2147 opportune
1077 2118 1186 2139 sermo
1204 2113 1338 2148 coeptus
1361 2118 1460 2140 versu
1476 2111 1530 2141 27.
1556 2109 1719 2141 continuo

258 2150 404 2181 infertur
422 2149 566 2180 sermoni
596 2150 784 2181 Chremetis
808 2151 840 2180 in
869 2152 978 2181 Scena
1003 2151 1222 2183 remanentis.
1250 2152 1318 2183 Vah
1340 2151 1438 2182 abest
1457 2151 1558 2184 Bodl.
1578 2158 1613 2183 et
1642 2151 1718 2183 EA.

262 2193 335 2223 ΕΡ.
362 2193 446 2223 Mss.
463 2193 597 2232 quidam
627 2193 722 2230 Quid,
745 2193 847 2234 Syre?
874 2194 978 2224 West.
1026 2194 1130 2231 Abiit,
1146 2198 1177 2224 et
1192 2204 1328 2234 rogasse.
1374 2193 1490 2236 Aliqui
1508 2195 1588 2225 libri
1604 2204 1667 2235 pro
1681 2198 1724 2236 et,

259 2237 323 2272 ah;
347 2236 448 2276 aliqui
467 2235 536 2272 hei‚·
560 2236 784 2275 antiquissimi
800 2236 861 2266 ‘cah
877 2236 1016 2275 habent,
1039 2237 1129 2278 quod
1146 2244 1181 2267 et
1200 2238 1323 2276 placet.
1349 2237 1408 2268 Fa.
1453 2238 1534 2268 Tres
1552 2237 1652 2269 modo
1674 2247 1719 2269 ex

260 2279 385 2310 nostris
403 2278 480 2309 vali:
504 2279 621 2319 reliqui
640 2279 720 2309 nihil
742 2279 877 2309 babent.
927 2280 1068 2320 Repone
1093 2280 1205 2310 Abiit?
1227 2289 1351 2319 rogasse
1373 2281 1491 2311 vellem.
1538 2281 1597 2312 CL.
1621 2281 1720 2320 Quid,

259 2321 358 2361 Syre?
395 2322 458 2352 ὃν.
487 2321 576 2352 Unde
592 2322 635 2352 mi
646 2331 678 2361 1¹-
695 2332 721 2352 c.
743 2322 844 2353 Bent.
883 2322 985 2363 Vulg.
1003 2323 1044 2353 A.
1062 2323 1114 2360 ah,
1139 2324 1191 2353 vel
1207 2322 1250 2354 A.
1265 2324 1337 2359 calz,
1359 2323 1419 2354 sed
1435 2322 1719 2355 exclamationem

258 2365 357 2395 istam
375 2364 623 2395 correctoribus
641 2365 769 2402 deberi,
792 2365 834 2395 de
852 2374 950 2396 versu
968 2365 1123 2404 solicitis,
1147 2371 1242 2397 recte
1264 2365 1436 2406 judicavit
1451 2366 1553 2397 Bent.
1579 2366 1720 2397 exulan-

259 2407 472 2449 tem-quippe
487 2416 506 2436 a
524 2407 693 2447 plerisque
709 2407 809 2439 codd.
828 2409 929 2439 etiam
944 2409 1069 2439 nostris
1086 2408 1116 2438 A
1134 2415 1167 2440 et
1185 2409 1224 2448 C,
1249 2408 1429 2450 dubiaeque
1446 2409 1477 2439 h.
1490 2409 1514 2440 l.
1529 2408 1720 2449 potestatis.

260 2450 357 2481 Both.
374 2451 431 2491 qui
449 2449 531 2489 legit
546 2461 554 2481 ι
578 2449 692 2480 Abiit!
715 2460 840 2489 rogasse
855 2452 961 2482 vellem
976 2472 984 2481 .
998 2474 1006 2482 .
1020 2475 1027 2482 .
1071 2452 1140 2482 CH.
1156 2450 1273 2486 Quia?
1316 2451 1379 2482 SY.
1405 2449 1516 2487 Quid?
1563 2451 1653 2483 Unde
1665 2461 1720 2492 pe-

260 2497 354 2525 terem
369 2493 447 2523 miln'
462 2492 574 2523 cibum.
622 2493 708 2528 Quid
726 2494 806 2534 Syre
823 2494 901 2533 Bip.
919 2494 975 2534 qui
993 2494 1093 2525 etiam
1110 2504 1183 2525 cuim
1198 2495 1284 2526 Dac.
1301 2494 1366 2525 hoc
1381 2504 1483 2525 versu
1500 2503 1621 2525 novam
1635 2494 1720 2525 Sce-

261 2546 336 2567 nam
356 2536 489 2576 incipit.
539 2535 607 2567 Vah
622 2535 721 2566 abest
737 2537 795 2566 Br.
843 2537 936 2567 Pei-l.
961 2537 1042 2577 legit
1070 2537 1174 2568 Abiit?
1194 2537 1246 2577 alt,
1267 2547 1394 2576 rogasse
1419 2547 1449 2568 v.
1494 2537 1617 2577 Delph.
1635 2537 1720 2573 Quid

259 2578 340 2620 Syre
351 2582 450 2610 .⁷—26
474 2579 558 2610 Mss.
576 2584 611 2609 et
624 2578 707 2609 editi
727 2579 858 2619 qnidam
876 2579 1074 2610 abalienavit.
1121 2580 1219 2611 Lind.
1239 2581 1326 2612 citat
1343 2589 1362 2610 e
1378 2580 1445 2611 Ms.
1468 2579 1519 2611 Ita
1533 2589 1588 2610 nos
1602 2579 1718 2611 aliena-

259 2623 305 2653 m't
321 2622 380 2652 sibi
395 2632 404 2653 .-
419 2622 489 2660 jam
505 2621 564 2651 isse
578 2622 618 2651 ad
633 2631 766 2652 sororem
784 2622 937 2661 intelligo.
984 2623 1090 2653 West.
1119 2622 1173 2653 Ita
1197 2633 1254 2654 nos
1280 2622 1478 2654 abalienavit.
1523 2623 1626 2654 Multi
1647 2623 1668 2653 l.
1692 2633 1719 2655 s,

259 2665 350 2696 inter
367 2674 450 2705 quos
475 2664 570 2694 Rem.
587 2664 631 2695 V.
659 2669 695 2694 et
714 2665 794 2695 Bas.
819 2665 946 2695 liabent
973 2666 1142 2696 alienavit:
1166 2667 1214 2696 ita
1239 2670 1292 2696 est
1319 2666 1520 2703 trochaicum
1542 2669 1579 2695 ut
1601 2666 1718 2697 ceteri.

263 2707 318 2738 Fa.
366 2707 452 2737 lund
469 2707 616 2738 alienavit
635 2716 654 2736 a
671 2707 923 2738 correctoribus
940 2714 1003 2743 est,
1027 2709 1083 2748 qui
1101 2709 1271 2748 superiori
1297 2708 1408 2739 versui
1431 2712 1439 2725 ⁴
1454 2707 1513 2738 ali'
1540 2709 1549 2724 ‘
1563 2708 1615 2745 liei
1629 2707 1637 2721 '
1662 2709 1718 2740 vel

258 2755 266 2765 ⁸
280 2750 361 2780 vab’
381 2750 596 2780 addiderunt.
641 2750 780 2781 Scilicet
801 2751 985 2781 trocliaicos
1002 2760 1076 2781 esse
1099 2750 1353 2790 existimabant,
1373 2760 1449 2781 cum
1474 2751 1540 2781 sint
1569 2750 1719 2783 iambici.

262 2793 381 2825 Nostri
399 2802 526 2832 omnes,
549 2797 693 2834 quatuor
711 2793 845 2832 demtis,
869 2793 894 2825 Ι.
919 2803 974 2823 710³
995 2793 1193 2833 abalienat-it,
1217 2794 1322 2825 verbo
1348 2793 1437 2835 apud
1466 2793 1625 2826 Plautum
1650 2793 1722 2832 fre-‚
