1966 3302
494 250 806 285 PHoRmioms
837 249 948 281 Ac'r.
981 249 1046 279 ιν.
1079 247 1149 279 sc.
1183 247 1259 278 ιιι.
1509 234 1601 275 987’

139 353 167 395 J
172 353 263 393 ussi
285 348 505 405 opperiri;
536 361 589 389 eo
609 360 681 389 me
709 359 809 387 esso
831 344 1121 386 adducturum
1143 355 1309 384 senem.

140 420 227 461 Sed
246 430 399 460 eccum
420 417 568 470 ipsum
587 429 597 457 ε
630 414 730 468 quis
752 419 822 454 est
837 412 1051 453 ulterior?
1083 415 1178 452 atat
1196 410 1205 450 !
1237 408 1458 451 Phaedriae
1536 407 1592 447 10

141 488 279 529 Pater
300 485 444 526 venit:
475 484 555 524 sed
577 481 684 537 quid
705 479 908 535 pertimui
930 484 1093 528 autem,
1110 478 1293 519 bellua?

138 554 212 598 An
234 554 353 608 quia,
372 565 484 605 quos
503 551 667 600 fallam,
683 562 764 603 pro
785 560 874 589 uno
897 547 986 588 duo
1004 550 1102 587 sunt
1122 545 1232 586 mihi
1250 545 1343 586 dati
1361 547 1378 585 ‘l

142 618 430 663 Commodius
452 631 555 659 esse
576 618 733 671 opinor
754 614 922 668 duplici
947 626 1025 666 spe
1043 613 1166 654 utier.

138 689 301 730 Petam
322 687 437 736 hinc,
458 685 578 726 unde
596 698 622 725 a
639 685 783 738 primo
805 683 976 723 institui
995 695 1005 722 ε
1037 682 1076 721 is
1098 681 1136 721 si
1152 680 1243 730 dat,
1267 685 1335 721 sat
1356 686 1423 722 est
1441 694 1451 721 ε

110 744 117 748 ’
139 756 188 797 Si
199 753 262 797 'ab
281 767 334 796 eo
356 753 464 795 nihil
483 752 574 804 fiet,
597 757 692 794 tum
712 752 826 792 hunc
847 749 1024 791 adoriar
1044 748 1283 801 hospitem.
1543 750 1600 791 15

138 861 172 892 in
190 860 264 899 foro
296 863 459 902 expectare
481 859 564 898 jussi
596 857 837 898 Demiphonem,
874 855 978 886 (licens
1006 864 1053 886 me
1081 854 1153 885 illuc
1182 864 1250 884 enm
1280 863 1346 885 esse
1373 853 1601 883 adducturum.-

137 906 192 934 sed
221 913 288 935 ecoe
308 906 421 943 ipsum.
468 902 548 938 Quis
577 904 623 932 est
650 900 780 931 ulterior
809 898 863 938 qui
890 908 967 938 pom’-
997 908 1065 928 eum
1095 894 1262 937 sequitur?
1305 895 1353 927 At
1381 899 1415 926 at
1445 899 1479 926 at
1507 896 1602 925 Pha·-

139 947 219 977 drz'oe
235 950 325 986 paler
346 946 491 977 Chremes
517 945 624 976 venit.-
647 953 752 975 verum
774 943 895 974 demens
910 941 984 981 quid
1000 940 1198 978 formidari?
1220 950 1258 970 an
1271 942 1433 980 propterea
1449 939 1526 978 quod
1541 940 1602 968 «luo

138 993 210 1021 sunt
233 990 310 1022 mihi
336 989 448 1020 traditi
472 988 580 1028 quibus
599 988 669 1018 dem
691 985 796 1020 verba,
822 987 913 1024 atque
938 984 1113 1024 imponam?
1133 982 1245 1014 utilius
1259 992 1322 1012 esse
1337 981 1473 1012 arbitror
1486 981 1606 1021 duplici

138 1042 192 1072 spe
217 1032 326 1072 potiri.
371 1032 531 1072 Experiar
560 1030 697 1061 obtinere
724 1029 861 1069 primum
883 1026 921 1058 ab
941 1036 975 1057 eo
994 1026 1154 1067 pecuniam
1181 1036 1200 1056 a
1223 1036 1280 1066 quo
1302 1025 1461 1056 constitui.
1509 1024 1549 1054 Id
1574 1024 1603 1054 si

139 1075 279 1106 obveniat
310 1075 390 1106 nihil
419 1075 551 1106 ulterius
576 1082 692 1114 quaero.
740 1071 779 1102 Si
801 1070 839 1101 ab
864 1070 919 1100 hoc
943 1069 1023 1101 nihil
1046 1070 1220 1110 impetrem,
1247 1072 1311 1099 tum
1335 1068 1414 1099 hunc
1434 1066 1605 1107 aggrediar

138 1117 303 1159 hospitem.

745 1164 867 1177 ‘eene-est
870 1164 989 1175 NNNNN

132 1230 252 1274 sorum.
297 1235 400 1268 Alter
424 1245 466 1267 ex
488 1235 537 1266 his
561 1242 677 1265 versus
694 1232 776 1263 vitio
806 1230 954 1272 quodam
981 1229 1128 1266 laborat,
1152 1228 1242 1270 quod
1260 1237 1323 1269 per
1338 1232 1372 1259 te
1390 1228 1464 1268 ipse
1482 1227 1606 1268 depre-

140 1279 278 1310 hendes.
316 1279 433 1310 Codex
449 1279 574 1318 Regius
588 1277 704 1314 habet,
720 1275 864 1307 Amicum
881 1284 914 1304 se
925 1283 1013 1310 esse;
1036 1273 1098 1303 etsi
1115 1273 1150 1303 in
1169 1272 1282 1312 priore
1300 1271 1374 1302 colo
1389 1281 1420 1302 se
1435 1271 1603 1302 habuerit.

142 1322 298 1363 Repone,
329 1322 392 1353 Ubi
408 1320 572 1352 Phaeclriai
589 1321 761 1350 ostenderet
774 1317 869 1348 nihilo
884 1317 985 1347 minus
999 1315 1145 1347 Amicum
1159 1325 1190 1345 se
1206 1325 1281 1354 esse,
1303 1324 1393 1354 quam
1411 1314 1605 1354 Antiphoni:

141 1365 293 1401 homiuem
307 1365 477 1407 adfurum.
525 1365 534 1397 ,‘
549 1360 748 1401 Phaedriai,’
765 1366 803 1392 ut
820 1370 924 1400 supra
945 1364 952 1377 ‘
968 1358 1116 1398 Cliniaj‚'
1141 1357 1352 1398 ‘'Hospitai!
1375 1357 1468 1387 Bent.
1513 1358 1604 1388 Ami-

141 1417 210 1439 cum
233 1418 265 1439 se
291 1417 355 1438 esse
383 1408 443 1438 ΒΓ.
489 1406 630 1438 Bothius
655 1405 756 1436 hosce
777 1413 896 1434 versus
922 1402 970 1433 sic
996 1401 1101 1442 legit:
1132 1400 1193 1432 Ubi
1213 1410 1277 1431 esse
1299 1400 1430 1431 amicum
1446 1400 1606 1432 Phcedriae

140 1451 238 1481 ‘nihilo
254 1451 356 1481 minus
375 1451 379 1491 1
405 1451 590 1481 Ostenderet
605 1459 638 1479 se
651 1458 742 1488 quam
757 1446 951 1486 Antiphoni.-
975 1444 1126 1476 hominem
1146 1445 1185 1474 ad
1202 1444 1323 1481 forum.
1370 1443 1449 1483 Bip.
1464 1443 1556 1474 Peri.
1573 1453 1605 1475 se

142 1494 308 1524 collocant
336 1499 373 1524 nt
398 1493 500 1524 Bent.
547 1492 617 1523 Pro
643 1501 675 1522 se
701 1500 766 1521 esse
797 1489 914 1521 Guelf.
937 1491 969 1520 2.
991 1497 1055 1518 sese
1081 1489 1203 1518 est.—S
1227 1486 1337 1518 Senem
1361 1495 1424 1517 esse
1450 1487 1520 1517 add.
1544 1487 1604 1518 ΒΓ.

140 1537 229 1567 ιΙιιεεὶ
245 1537 415 1576 υμμι-ι·ιί’ὶεν
427 1548 436 1566 .-
460 1545 494 1566 eo
510 1545 556 1565 me
570 1535 642 1565 add.
659 1544 760 1565 senem
784 1533 886 1563 Both.
910 1540 953 1562 ex
975 1531 1055 1562 Hel.
1099 1530 1198 1560 Jussu
1219 1530 1253 1562 J.
1286 1530 1356 1567 Ego
1372 1539 1419 1559 me
1434 1538 1497 1559 esse
1513 1529 1606 1560 Perl.

142 1582 228 1610 —10
253 1580 333 1614 Quis
347 1583 391 1610 est
414 1579 568 1609 ulterior?
592 1577 701 1609 Nimis
718 1581 897 1616 argutatur
914 1574 1086 1614 Guyetus,
1101 1573 1232 1612 legens,
1249 1572 1316 1612 quis
1330 1576 1376 1602 est
1390 1570 1548 1603 interior?
1570 1573 1604 1604 h.

143 1632 173 1652 e.
190 1621 345 1661 digni01·;
369 1628 405 1653 et
419 1621 498 1652 inde
516 1619 713 1659 conficiens,
732 1615 1180 1656 Chremetem>Demiphone
1196 1616 1360 1655 majorem
1381 1620 1463 1645 natu
1486 1614 1605 1646 fuisse.

144 1665 248 1697 Quasi
266 1673 344 1695 vero
361 1665 415 1695 hic
437 1664 480 1695 de
506 1664 635 1694 honore
663 1669 798 1703 agatur,
822 1666 857 1692 et
880 1669 946 1691 non
970 1660 1014 1690 de
1042 1669 1182 1690 numero
1209 1658 1476 1689 advenientium.
1504 1658 1606 1690 IVest.

144 1707 285 1748 Con-rige
302 1708 352 1746 qui
366 1711 412 1738 est
428 1707 583 1738 ulterior?
605 1706 659 1736 vel
675 1706 832 1743 fortasse,
847 1704 900 1744 qui
917 1703 1145 1734 isteulterior?
1160 1702 1262 1732 Bent.
1278 1701 1356 1742 Bip.
1371 1704 1417 1735 at,
1434 1704 1479 1739 al,
1495 1702 1607 1733 Phoed.

144 1751 272 1790 Deiph.
289 1754 321 1780 at
337 1754 420 1781 atat
438 1750 477 1781 Ρ.
501 1750 604 1780 Bent.
621 1750 800 1780 attat.—ll
827 1747 911 1778 GM.
937 1746 1009 1777 GC.
1027 1746 1085 1777 Br.
1101 1745 1204 1776 Bent.
1222 1744 1324 1775 Both.
1341 1745 1398 1774 Fa.
1416 1744 1497 1775 Par.
1522 1744 1608 1775 belua

144 1798 206 1832 pen·
224 1802 325 1823 unum
342 1793 363 1824 l.
388 1797 396 1810 ‘
412 1793 483 1824 Nos
511 1801 587 1823 cum
615 1791 757 1822 Heinsio
784 1790 886 1821 metri
913 1798 1014 1820 causa
1030 1788 1221 1828 spernimus
1237 1787 1302 1823 sed,
1318 1786 1406 1827 quod
1425 1787 1606 1819 redundat.

143 1836 200 1867 Sic
218 1835 302 1866 Eun.
321 1845 353 1866 v.
370 1838 403 1866 8.
420 1838 452 1866 5.
476 1836 485 1852 ‘
498 1834 593 1865 Perii
609 1834 691 1875 quid
708 1834 771 1865 hoc
787 1840 898 1864 autem
917 1837 969 1863 est
985 1830 1107 1862 mali?’
1121 1830 1130 1844 '
1154 1830 1233 1871 Rip.
1280 1830 1342 1861 Sed
1357 1839 1491 1869 quoque
1508 1830 1608 1862 abest

147 1878 359 1919 Deum—12
385 1878 456 1909 Duo
477 1878 556 1908 mihi
579 1880 650 1908 sunt
676 1887 731 1916 pro
759 1886 819 1907 uno
834 1873 925 1908 dati?
949 1876 1050 1906 Both.
1095 1873 1208 1905 Abest
1222 1872 1299 1904 mihi
1316 1883 1335 1903 a
1352 1872 1469 1904 Guelf.
1487 1875 1606 1904 3.-13

144 1921 247 1953 Hunc
265 1931 313 1951 vs.
329 1921 499 1961 expungit
516 1920 607 1960 Guy.
647 1920 710 1951 Est
727 1929 808 1950 vero
825 1918 1099 1960 appositissimus
1117 1916 1416 1948 etLafinissimus.
1458 1915 1555 1946 Unde
1571 1920 1608 1947 et

144 1964 484 1995 Priscianusffnstit.
511 1963 701 1994 Grammat.
724 1962 782 1993 lib.
800 1970 863 1993 vn.
891 1971 966 1992 enm
984 1960 1113 1992 iaudat.
1135 1959 1400 2002 (incommodius
1417 1961 1474 1989 est.
1496 1958 1607 1990 West.

145 2007 208 2047 Spe
221 2006 269 2037 uti
287 2006 453 2046 flio—14
477 2006 522 2036 G.
539 2007 566 2036 si
582 2007 610 2036 is
624 2007 690 2036 dat.
735 2006 808 2037 ΕΡ.
832 2005 861 2035 si
886 2006 952 2036 dac.
1000 2003 1083 2035 Wit.
1101 2006 1136 2034 et
1152 2002 1274 2033 Boend.
1291 2001 1319 2032 si
1334 2002 1360 2032 is
1374 2002 1439 2041 (lut,
1455 2001 1532 2031 sacis
1548 2006 1607 2035 est.

144 2051 256 2081 West.
302 2049 339 2079 Si
363 2049 392 2079 is
412 2051 467 2080 (lat
491 2049 638 2079 Br.-15
663 2049 714 2080 M.
743 2053 779 2079 et
804 2048 880 2079 ΕΡ.
906 2047 945 2078 ab
967 2046 1032 2078 hoc.
1079 2047 1200 2087 Neque
1218 2045 1320 2076 aliter
1334 2045 1420 2076 Mss.
1445 2044 1613 2076 Boeeleri:

146 2092 219 2123 ΕΑ.
237 2095 337 2123 tomen
356 2101 418 2132 pro
435 2095 511 2122 tum.
544 2092 654 2122 West.
701 2091 740 2122 Si
754 2090 791 2122 ab
807 2091 861 2121 hoc
875 2089 1036 2130 nillilfiat.
1070 2090 1166 2120 Bem.
1192 2088 1231 2120 Si
1257 2088 1351 2119 abeo:
1376 2092 1411 2118 et
1427 2092 1606 2127 praeterea,

147 2135 252 2166 ethic
277 2135 363 2165 liber
387 2138 422 2165 et
447 2144 563 2166 omnes
586 2134 656 2171 alii,
679 2134 758 2164 nihil
775 2134 837 2175 fiet
853 2133 991 2164 habent.
1018 2132 1077 2163 Fa.
1125 2132 1199 2163 Fiet
1215 2131 1323 2163 nostri
1340 2140 1479 2168 omnes;
1503 2130 1606 2162 iidem

148 2184 260 2210 tamen
277 2178 343 2210 hoc.
367 2178 468 2209 Bent.
511 2177 563 2208 Ab
578 2177 633 2208 hoc
649 2177 708 2209 ΒΓ.
723 2175 840 2207 Guelf.
857 2179 888 2208 2.
904 2178 936 2206 3.
953 2176 992 2206 Ζ.
1009 2175 1136 2216 Delph.

520 2390 722 2433 ACTUS
756 2391 842 2433 IV.
903 2389 1110 2432 SCENA
1143 2390 1235 2432 III.

381 2492 620 2522 ANTJPHO.
652 2492 796 2522 GETA.
830 2491 1079 2522 CHREMES.
1113 2490 1356 2521 DEMlPHo.

151 2560 245 2601 AN.
267 2559 520 2610 EXPECTO,
544 2571 677 2613 quam
698 2572 803 2601 mox
823 2559 1013 2613 recipiat
1032 2559 1119 2600 huc
1142 2572 1240 2600 sese
1260 2558 1400 2600 Geta:

193 2659 263 2692 ΑΝ.
287 2660 439 2701 Expecto,
459 2670 551 2701 quom
572 2670 645 2692 mox
658 2661 781 2692 domum
802 2670 869 2692 sese
889 2660 1020 2701 recipiat
1036 2659 1130 2692 Geta.
1176 2659 1239 2690 Sed
1253 2662 1399 2700 patruum
1418 2658 1610 2691 Chremetem

758 2745 993 2758 ‘temo

148 2794 151 2797 ’
198 2803 215 2831 1
240 2800 324 2832 Mss.
342 2800 442 2832 Bodl.
459 2800 504 2832 G.
522 2800 605 2832 Wit.
623 2811 697 2833 cum
720 2801 793 2834 ΕΡ.
808 2800 940 2841 recipiat
952 2809 1028 2840 sese,
1044 2799 1166 2832 omisso
1182 2799 1261 2830 huc.-
1285 2799 1374 2841 quod
1403 2809 1464 2831 nec
1494 2800 1607 2830 Dona-
