1966 3302
499 229 848 260 ADELPHORUM
883 229 992 259 Ac'r.
1028 229 1092 258 iv.
1126 227 1193 258 sc.
1232 228 1273 255 v.
1535 215 1618 256 757

158 327 214 370 Et
245 327 365 379 sci03
396 338 497 367 nam
528 329 569 367 te
601 338 731 379 am03
763 339 853 385 quo
889 324 1045 378 magis,
1079 337 1179 378 quae
1212 322 1323 376 agis,
1358 334 1474 362 ourae
1517 323 1618 360 sunt

331 394 453 435 mihi.

156 463 257 504 AEs.
303 462 376 504 Ita
414 462 546 519 vel—1313
580 474 650 502 me
681 464 999 515 promerentem
1037 473 1172 508 ames,
1221 459 1328 499 dum
1368 458 1512 505 vivas,
1554 455 1628 515 mi·

313 514 472 585 *ii—ater,

156 598 222 639 Ut
250 598 321 639 me
350 598 434 639 hoc
456 596 664 638 delictum
695 596 930 637 admisisse
952 596 1103 654 ing-ne,
1141 593 1186 634 id
1207 594 1314 635 mihi
1337 594 1617 634 vehementer

147 652 213 663 Ἣ
327 665 463 716 dolet,

155 734 213 776 Et
230 747 300 775 me
319 735 385 775 tui
405 734 556 788 pudet,
617 733 703 776 Ml.
736 731 882 773 Credo
911 730 1087 783 hercle3
1120 743 1222 772 nam
1254 729 1478 782 ingenium
1510 727 1615 769 novi

331 808 454 845 tuum
717 822 720 823 ν

157 870 386 913 Liberale:
419 871 500 912 sed
519 882 692 919 vereor,
713 868 1025 927 neindiligens
1045 867 1228 908 nimium
1251 866 1354 907 sies.
1561 864 1619 904 50

157 939 210 980 In
231 952 322 992 qua
343 939 525 981 civitate
545 938 722 980 tandem
742 928 784 980 te
805 938 1016 978 arbitrare
1038 936 1216 978 vivere?

155 1006 382 1059 Virginem
402 1006 585 1056 vitiasti,
607 1019 740 1060 quam
763 1010 806 1047 te
820 1005 898 1059 Jus
919 1018 1005 1046 non
1026 1003 1172 1045 suerat
1196 1007 1385 1055 tangere.
1465 1039 1531 1050 ,Μ

156 1074 186 1115 J
191 1087 262 1115 am
283 1075 329 1116 id
349 1079 584 1128 peccatum
603 1074 795 1128 primum
813 1086 1022 1127 magnum
1039 1086 1049 1124 3
1071 1084 1295 1125 magnum,
1310 1075 1357 1112 at
1376 1070 1617 1111 humanum

334 1148 493 1184 tamen.

157 1210 323 1252 Fecere
346 1211 420 1252 alii
442 1224 583 1265 saepe,
606 1211 714 1253 item
732 1210 867 1253 boni:
889 1215 952 1260 at,
975 1213 1215 1263 postquam
1237 1207 1282 1248 id
1305 1206 1467 1257 evenit,
1488 1205 1616 1257 cedo,

154 1349 235 1380 amo,
263 1351 355 1382 eoque
379 1341 525 1380 majorem
547 1351 654 1373 curam
674 1351 779 1373 eorum
800 1351 867 1380 quae
893 1340 964 1380 agis
987 1350 1075 1380 gero.
1121 1339 1189 1371 AEs.
1208 1340 1261 1370 Ita
1277 1339 1369 1370 velim
1384 1339 1465 1370 hunc
1480 1348 1555 1378 erga
1571 1348 1619 1369 me

154 1393 287 1415 amorem
301 1385 470 1425 continues,
487 1386 559 1417 dum
574 1385 671 1416 vitam
684 1394 775 1424 agaS,
789 1388 818 1415 et
833 1394 867 1415 eo
883 1394 930 1415 me
941 1384 1072 1423 dignum
1084 1388 1243 1424 praestem,
1254 1384 1297 1413 mi
1306 1386 1409 1424 pater,
1427 1386 1463 1413 ut
1477 1392 1524 1413 me
1539 1382 1618 1412 hunc

153 1427 274 1467 culpam
294 1428 480 1459 commisisse
505 1428 697 1459 vehementer
718 1428 815 1466 doleo,
837 1431 868 1458 et
889 1427 937 1458 tm·
948 1426 1057 1466 gratia
1072 1428 1185 1467 pudore
1200 1426 1376 1467 suffundor.
1422 1425 1488 1457 Μι.
1512 1424 1620 1456 Facile

153 1469 190 1499 id
215 1471 304 1501 credo
316 1481 329 1508 ,⁶
350 1481 422 1502 nam
438 1481 530 1511 quam
544 1471 646 1511 proboe
661 1470 705 1502 sis
720 1471 832 1501 indolis
848 1474 879 1501 et
902 1471 1045 1509 ingenuoe
1060 1471 1135 1507 scio,
1151 1471 1205 1500 sed
1221 1473 1321 1500 metuo
1337 1479 1374 1500 ne
1393 1469 1426 1500 in
1442 1469 1534 1500 rebus
1556 1468 1622 1498 tuis

153 1513 364 1552 negligentior
389 1515 432 1545 sis
458 1518 551 1555 atque
576 1514 744 1545 incautior.
789 1514 829 1544 Ιη
854 1523 986 1554 quanam
1013 1513 1141 1544 civitate
1164 1514 1286 1543 demum
1301 1512 1439 1553 opinaris
1454 1515 1484 1543 te
1500 1521 1593 1551 agere
1605 1509 1622 1543 Ζ)

154 1564 254 1586 nonne
274 1556 409 1588 Athenis
432 1557 524 1597 vivis,
539 1556 590 1588 ubi
613 1558 697 1596 leges
719 1556 850 1595 vigent?
899 1555 1027 1594 Virgini
1042 1556 1153 1587 vitium
1169 1555 1319 1594 obtulisti,
1336 1565 1427 1596 quam
1442 1565 1481 1586 ne
1497 1555 1620 1595 quidem

153 1599 311 1638 attingere
326 1600 384 1631 tibi
399 1600 520 1631 licitum
526 1600 607 1639 fuit.
649 1601 726 1631 Jam
741 1600 857 1630 crimen
871 1598 956 1629 ‘istud
979 1599 1116 1639 primum
1129 1609 1225 1638 grave
1247 1603 1314 1630 est.-
1343 1608 1442 1637 grave
1458 1602 1541 1629 ceree
1552 1609 1562 1628 :
1585 1600 1621 1628 at

156 1641 188 1672 in
215 1641 366 1674 hominem
388 1646 490 1683 potest
504 1645 632 1675 cadere.-
655 1643 807 1673 admisere
821 1642 901 1673 illud
924 1651 1041 1682 quoque
1054 1642 1225 1682 saepissime
1240 1642 1302 1672 viri
1317 1642 1387 1680 alii,
1403 1641 1497 1672 etiam
1510 1640 1599 1681 probi
1609 1651 1621 1671 .-

155 1687 188 1714 at
201 1689 364 1727 postquam
378 1687 412 1718 id
427 1685 550 1724 fecisti,
566 1687 627 1725 dic,
643 1696 757 1727 quaeSO,
784 1686 934 1726 quodnam
958 1685 1126 1717 remedium
1148 1685 1420 1726 circumspiciendo
1446 1684 1517 1716 huic
1531 1683 1621 1723 facto

765 1783 804 1795 θ’

156 1857 240 1886 -45
266 1855 358 1890 Quod
382 1855 530 1887 Br.—46
554 1855 633 1886 Amo
654 1858 685 1886 te
713 1854 840 1895 Delph.
869 1855 942 1885 Dat
968 1854 1073 1885 Both.
1106 1855 1150 1885 Ut
1170 1854 1275 1885 sient.-
1298 1864 1370 1885 mun
1392 1857 1423 1884 te
1449 1864 1539 1891 amo,·
1562 1866 1619 1896 quo

155 1907 256 1937 mage,
272 1908 341 1938 quoe
355 1899 437 1939 agis,
446 1903 519 1930 sunt
533 1908 615 1929 σανα»
630 1901 753 1930 m.—-47
779 1898 1014 1929 Promerentem
1029 1899 1126 1939 ames]
1142 1897 1228 1929 GM.
1245 1901 1291 1928 ut.
1309 1897 1402 1928 Peri.
1429 1898 1458 1927 Ο
1471 1897 1514 1927 mi
1527 1902 1620 1938 pater

157 1941 303 1972 Ena—50
329 1942 411 1972 Novi
436 1942 597 1980 ingenium
623 1942 811 1973 Rom—51
840 1941 937 1974 Tand.
964 1941 1024 1971 civ.
1054 1940 1185 1972 ica—52
1208 1940 1268 1970 Jus
1292 1950 1353 1971 non
1377 1940 1462 1979 erat]
1488 1940 1567 1972 0.1.
1594 1952 1620 1974 s.

150 1983 273 2023 fuerat.
303 1984 359 2015 Ita
375 1988 444 2015 stat
459 1985 664 2016 trochaicus,
707 1985 889 2015 Praeterea
903 1986 1001 2016 Bem.
1032 1985 1082 2015 ita
1104 1985 1262 2022 collocat,
1283 1983 1534 2022 nonjusfuerat.
1561 1985 1619 2017 Fa.

158 2027 278 2058 Nostri
295 2027 470 2065 omnesjus
484 2038 544 2058 non
561 2027 684 2066 fuerat.
708 2028 808 2058 Beut.
839 2028 913 2059 Non
928 2028 986 2067 jus
1002 2028 1102 2058 Bent.
1118 2027 1197 2068 Bip.
1215 2027 1397 2057 Fert—53
1422 2026 1477 2057 Ita
1499 2026 1619 2059 distin-

157 2079 233 2108 guo.
269 2070 386 2101 Plaut.
402 2071 511 2101 Mero..
527 2080 568 2101 11.
586 2073 619 2101 2.
635 2073 688 2102 48.
733 2071 742 2088 ⁴
761 2070 955 2102 Humanum
981 2080 1096 2102 amare
1112 2070 1186 2102 est!
1232 2070 1273 2100 ln
1291 2069 1488 2111 quibusdam
1507 2070 1617 2102 Codd.

157 2113 301 2143 alterum
319 2122 465 2151 magnum
481 2113 706 2144 desideratur.
752 2113 853 2146 Quod
878 2114 1031 2145 additum
1058 2113 1143 2144 facit
1169 2117 1409 2144 tetrametrum
1431 2113 1620 2155 brachyca-

157 2155 370 2195 talecticum,
386 2156 440 2186 vel
461 2156 620 2197 ecthlipsi
641 2156 800 2196 neglecta
827 2157 1104 2188 acatalecticum.
1150 2156 1318 2188 Restituit
1342 2157 1500 2187 Muretus
1525 2158 1622 2188 velut

156 2199 350 2239 neglectum
364 2208 384 2229 a
398 2198 573 2230 Librariis.
600 2199 701 2231 West.
736 2200 813 2230 Jam
835 2200 868 2230 id
893 2203 1049 2241 peccatum
1073 2199 1208 2240 primum
1231 2209 1389 2238 magnum,
1404 2203 1437 2230 at
1453 2200 1621 2233 humanum

155 2240 274 2280 tamen]
298 2242 428 2273 Versus
443 2242 497 2273 hic
514 2242 670 2273 trimeter
686 2242 878 2273 trochaicus
895 2248 948 2274 est
968 2243 1318 2284 hypercatalectich
1333 2243 1522 2283 cujusmodi
1548 2244 1621 2274 nul·

156 2285 225 2315 lum
241 2285 342 2315 alium
358 2284 449 2325 apud
472 2285 675 2316 Terentium
699 2285 845 2317 invenio.
890 2287 964 2327 Ego
993 2291 1076 2327 puto
1098 2286 1263 2322 geminari
1287 2285 1416 2316 debere
1434 2285 1619 2317 dictionem

156 2337 314 2367 magnum,
330 2327 568 2368 distinguendo
584 2328 767 2369 utrobique
784 2328 848 2359 hoc
865 2329 979 2368 modo,
994 2330 1069 2360 ‚Iam
1084 2329 1118 2359 id
1129 2333 1288 2369 peccatum
1302 2328 1437 2369 primum
1451 2339 1597 2368 maguum
1608 2341 1619 2362 .-

155 2380 314 2410 magnum,
330 2375 364 2401 at
379 2371 546 2402 humanum
571 2375 686 2403 tamen.
731 2372 786 2402 Ita
803 2381 919 2403 versus
943 2377 995 2403 est
1021 2372 1214 2403 trochaicus
1240 2376 1445 2403 tetrameter
1470 2373 1621 2404 catalec-

157 2414 258 2452 ticus,
284 2418 321 2444 ut
347 2415 474 2445 ceteri:
512 2424 580 2445 non
607 2420 720 2446 tamen
746 2424 865 2446 moveo
896 2415 1068 2456 vulgatam
1093 2416 1175 2446 lect.
1205 2415 1260 2447 Fa.
1306 2415 1541 2446 Certissimum
1567 2421 1621 2447 est

155 2466 302 2496 magnum
320 2457 484 2497 geminari
499 2457 553 2488 hic
570 2457 718 2497 debere3
742 2463 777 2488 et
803 2457 900 2489 nimis
927 2458 1048 2489 timide
1075 2457 1306 2498 Faernus‚qui
1331 2458 1364 2488 in
1387 2459 1534 2489 Textum
1551 2468 1619 2490 non

155 2500 330 2537 asciverit,
345 2500 422 2530 Jam
443 2503 601 2541 peccatum
613 2501 749 2541 primum
764 2501 797 2531 id
822 2511 992 2541 magnum.-
1015 2511 1161 2540 magnum
1176 2504 1209 2531 at
1225 2502 1392 2532 humanum
1407 2505 1520 2533 tamen.
1559 2502 1618 2532 Sic

156 2542 343 2582 Euphoniae
361 2552 464 2573 causa
479 2543 569 2583 lego,
585 2553 650 2574 non
666 2544 742 2574 «Iam
756 2544 788 2574 id
802 2548 960 2585 peccatum
976 2545 1112 2586 primum
1134 2554 1294 2584 magnum.
1339 2545 1502 2575 Ceterum
1520 2545 1619 2576 redo-

156 2594 276 2616 namus
304 2585 439 2616 cuidam
469 2586 791 2626 correcti-inertiam,
808 2597 874 2627 qua
892 2588 1001 2618 Civem
1020 2589 1163 2627 apponit
1179 2596 1296 2618 versus
1323 2587 1433 2618 initio.
1479 2588 1619 2628 Quippe

159 2627 267 2659 Civem
283 2627 384 2659 fuisse
395 2629 465 2669 jam
482 2629 548 2659 ista
566 2628 814 2668 iudicaverant,
831 2632 839 2648 ‘
855 2631 966 2663 Quam
985 2636 1019 2661 te
1035 2630 1172 2671 nonjus
1197 2629 1310 2661 fuerat
1327 2630 1494 2670 tangere.’
1518 2631 1617 2662 Bent.

157 2669 228 2702 Alii
245 2672 350 2702 semel
366 2682 510 2710 magnum
537 2672 640 2702 daut:
667 2672 726 2702 sed
743 2673 869 2714 duplex
899 2673 993 2713 posci
1010 2683 1029 2703 a
1045 2678 1154 2704 metro
1169 2673 1256 2704 vidit
1278 2673 1335 2704 Fa.
1352 2678 1388 2704 et
1404 2673 1494 2705 Mur.
1518 2674 1619 2705 resti-

157 2714 249 2744 tuit:
274 2724 371 2754 quem
400 2719 586 2755 sequuntur
614 2716 700 2746 Dae.
717 2716 822 2747 West.
850 2716 952 2747 Bent.
981 2716 1057 2756 Rip.
1081 2716 1225 2747 Primum
1253 2726 1412 2755 magnum,
1437 2720 1468 2747 et
1490 2716 1550 2748 ΒΓ.
1576 2717 1616 2748 Ζ.

160 2756 206 2786 Et
222 2765 282 2796 pro
297 2760 331 2787 at
353 2757 446 2788 Perl.
462 2758 518 2798 qui
533 2762 630 2788 notat
645 2761 679 2788 at
695 2767 758 2798 pro
774 2763 804 2789 et
821 2758 946 2789 habere
963 2757 1079 2790 Guelf.
1096 2761 1215 2790 3.-54
1241 2759 1282 2789 B.
1299 2759 1374 2797 viri,
1392 2759 1514 2790 omisso
1530 2759 1617 2798 item,

158 2797 274 2830 Guelf.
291 2801 322 2831 2.
337 2805 371 2831 et
387 2801 518 2832 eveniet.
544 2800 635 2831 Peri.
661 2801 700 2832 Id
717 2802 827 2832 omitt.
852 2801 978 2843 Delph.
1006 2803 1078 2833 Dat
1096 2802 1198 2834 Both.
1227 2803 1303 2832 Jam
1322 2802 1354 2832 ia
1368 2812 1398 2841 μ.
1412 2813 1442 2843 μ.
1458 2812 1618 2842 magnum,
