1966 3302
297 201 382 242 844
820 213 859 241 Ρ.
891 212 1131 244 TERENTn
1163 213 1282 245 AFRI

297 308 387 349 Sed
406 308 615 349 continuo
633 307 800 349 voltum
821 321 972 350 earum
993 310 1111 351 sensi
1131 310 1353 351 immutari
1373 309 1582 361 omnium,

298 375 416 426 Quia
436 380 526 416 tam
547 375 824 416 incommode
843 377 936 418 illis
956 376 1048 418 fors
1069 378 1283 420 obtulerat
1302 377 1536 420 adventum
1555 392 1714 422 meum.

296 442 400 484 Una
417 443 593 484 illarum
613 443 780 484 interea
800 457 984 499 propere
1004 445 1314 501 praecucurrit,
1324 445 1534 488 nuntians
1686 447 1743 489 11

298 509 375 551 Me
394 511 595 552 venisse:
624 524 721 563 eg0,
742 511 842 566 ejus
863 513 1039 553 videndi
1061 513 1261 568 cupidus,
1279 517 1398 554 recta
1417 526 1678 568 consequor.

296 577 546 632 Postquam
565 579 726 628 introii,
749 581 975 634 extemplo
998 582 1094 636 ejus
1114 582 1312 622 morbum
1335 582 1524 635 cognovi
1545 583 1705 635 miser3

298 644 414 685 Nam
435 658 591 698 neque,
610 649 655 686 ut
675 647 811 688 celari
831 654 1001 701 posset,
1024 654 1196 703 tempus
1218 649 1414 703 spatium
1434 650 1572 691 ullum
1593 650 1745 699 dabat,

297 711 459 765 Neque
478 725 587 753 voce
610 713 711 762 alia,
731 727 783 755 ac
804 728 874 756 res
896 718 1118 767 monebat,
1141 718 1241 771 ipsa
1261 721 1437 770 poterat
1456 718 1679 772 conqueri.
1691 717 1748 758 15

298 779 543 833 Postquam
577 781 752 833 aspexi,
787 795 814 823 o
851 783 1022 825 facinus
1053 785 1302 838 indignum!
1334 786 1537 839 inquam3
1569 791 1615 827 et
1650 798 1746 827 cor-

468 848 584 901 ripui
605 849 724 890 illico

296 915 373 957 Me
393 916 495 958 inde
514 916 780 969 lacrymam,
803 917 1048 958 incredibili
1068 930 1114 958 re
1136 920 1264 970 atque
1287 920 1426 960 atroci
1447 921 1659 974 percitus.
1715 946 1771 1015 ἢν

293 1059 457 1100 improviso
471 1064 501 1092 et
514 1061 614 1092 subito
630 1071 677 1091 me
692 1061 852 1093 viderant.-
872 1063 926 1093 sed
939 1062 1020 1093 illico
1035 1063 1241 1095 animadverti
1255 1073 1360 1096 earum
1382 1067 1518 1098 omnium
1530 1067 1632 1098 cultus
1646 1069 1747 1098 trans-

292 1107 425 1135 mutatos
439 1114 513 1141 esse,
528 1108 687 1144 postquam
708 1107 978 1137 consideraverunt
993 1107 1127 1137 reditum
1141 1117 1240 1138 meum
1254 1107 1465 1149 intempestive
1478 1110 1543 1141 illis
1558 1110 1646 1148 forte
1666 1109 1746 1141 obti-

291 1145 385 1183 gisse.
431 1147 553 1177 Interea
569 1157 609 1177 ex
624 1147 687 1177 illis
703 1158 763 1178 una
778 1149 918 1179 celeriter
931 1151 1068 1179 cucurrit
1085 1151 1124 1180 ad
1137 1150 1411 1190 proenuntiandum
1427 1163 1473 1184 me
1488 1154 1667 1184 advenisse:
1689 1162 1746 1192 ego

292 1189 433 1219 videndae
449 1190 642 1221 Philumena
655 1190 824 1230 cupiditate
838 1192 950 1222 ardens
963 1195 1048 1222 recta
1062 1192 1141 1223 hanc
1163 1193 1308 1223 ancillam
1322 1194 1473 1235 insequor.
1517 1196 1684 1236 Postquam
1697 1196 1748 1226 in·

289 1240 416 1268 gressus
430 1242 496 1262 eum
511 1233 692 1271 cubiculum,
714 1233 875 1271 confestim
893 1235 1079 1274 deprehendi
1102 1245 1160 1276 quo
1176 1236 1277 1266 morbo
1294 1239 1472 1269 tentabatur
1482 1249 1493 1270 .·
1509 1249 1580 1270 nam
1600 1238 1747 1279 tempori-e

293 1273 425 1305 brevitas
451 1274 634 1315 impediebat
658 1277 819 1316 quominus
843 1277 909 1315 ejus
933 1278 1091 1318 partitudo
1110 1279 1326 1318 occultaretur,
1346 1290 1441 1321 neque
1462 1283 1529 1322 ipsa
1547 1281 1749 1322 poteratala‘a

291 1326 372 1356 voce,
395 1327 430 1347 ac
451 1319 569 1348 dolores
590 1319 753 1357 cogebant,
769 1321 905 1358 gemitus
926 1330 966 1350 ex
990 1323 1083 1359 partu
1104 1325 1133 1352 et
1157 1325 1280 1361 questus
1302 1324 1400 1354 edere.
1445 1325 1614 1365 Postquam
1629 1325 1699 1355 visu
1713 1323 1749 1354 id

290 1362 424 1399 comperi
437 1370 448 1396 ,·
463 1372 478 1390 o
489 1361 632 1401 probrum
648 1361 779 1400 ingens!
795 1364 875 1402 apud
888 1372 934 1393 me
946 1363 1027 1401 dixi,
1040 1367 1069 1393 et
1081 1365 1223 1394 continuo
1239 1365 1309 1396 inde
1320 1376 1366 1396 me
1377 1366 1524 1406 subduxi,
1533 1368 1747 1408 illacrymans,

294 1412 328 1433 re
343 1403 420 1434 mihi
435 1413 494 1434 non
518 1404 657 1435 credibili
672 1409 701 1435 et
717 1409 839 1445 aspectu
861 1406 1015 1437 horrenda
1030 1410 1195 1438 commotus
1209 1418 1245 1438 ac
1254 1409 1464 1448 perturbatus.
1509 1411 1618 1441 Mater
1634 1410 1746 1442 Philu-

901 1519 1139 1540 eeobeeeeeoee

295 1608 362 1640 duo
388 1608 496 1639 nostri
524 1609 706 1641 veterrimi.
742 1609 836 1642 Bene.
890 1612 940 1642 illi
963 1612 1089 1643 B.—ll
1114 1613 1247 1644 Illarum
1262 1613 1352 1652 forte
1373 1613 1493 1644 interea
1519 1622 1634 1645 omnes
1660 1614 1746 1646 Mss.

296 1653 394 1683 Roecl.
411 1658 443 1683 et
461 1653 507 1682 sic
526 1652 568 1683 G.
585 1653 652 1682 ET.
671 1653 753 1684 EM.
776 1655 785 1670 ‘
802 1654 942 1685 Versum
959 1655 1047 1686 hunc
1065 1657 1098 1686 in
1113 1666 1209 1686 suum
1227 1665 1333 1696 genus
1347 1657 1532 1696 redigimus
1547 1658 1611 1688 hoc
1627 1657 1746 1690 modo:

295 1696 573 1733 dictionemsorte
589 1695 739 1726 delemus
755 1706 795 1726 ex
813 1698 1017 1729 auctoritate
1033 1699 1130 1729 Bem.
1143 1703 1177 1729 et
1193 1708 1254 1740 pro
1267 1700 1447 1739 praecurrit,
1459 1700 1654 1740 reponimus
1666 1709 1749 1741 proe-

293 1740 442 1775 cucurrit,
457 1748 498 1768 ex
515 1738 593 1768 Bas.
611 1743 646 1768 et
663 1739 736 1769 aliis
753 1740 866 1770 multis
883 1741 902 1771 l.
918 1751 942 1771 s.
961 1742 1007 1772 ita
1027 1742 1182 1779 procedit
1201 1741 1415 1773 trochaicus!
1437 1742 1496 1773 Fa.
1526 1744 1535 1759 ‘
1553 1743 1625 1774 Una
1639 1752 1746 1775 earum

293 1781 412 1812 interea
436 1791 566 1821 propere
589 1782 804 1820 proecucurrit.
849 1783 906 1813 lta
923 1785 1008 1815 citat
1023 1784 1217 1815 Priscianus
1236 1794 1272 1815 x.
1290 1794 1322 1825 p.
1339 1787 1413 1816 901.
1438 1791 1474 1816 et
1499 1785 1548 1817 sic
1573 1786 1620 1817 ibi
1635 1786 1748 1817 codex

294 1831 402 1854 vetus.
448 1825 565 1855 Nostri
584 1834 712 1860 omnes,
731 1825 800 1856 Una
815 1826 939 1857 illarum
953 1826 1042 1865 forle
1062 1828 1181 1858 interea
1200 1837 1327 1868 propere
1351 1828 1528 1867 proecurrit.
1574 1828 1748 1860 Volebant

294 1867 325 1897 hi
343 1867 714 1907 Correctores,propere
730 1868 841 1899 currit.
867 1869 906 1899 ln
923 1870 1079 1900 Petrensi
1093 1870 1353 1910 deestprnpere.’
1371 1871 1473 1901 Bent.
1496 1871 1506 1887 ‘
1519 1871 1745 1903 Proecucurrit.

297 1909 381 1941 Mss.
399 1910 515 1941 Leidd.
533 1910 692 1951 quinque,
708 1915 743 1941 et
767 1911 823 1942 Tr.
849 1921 924 1943 cuin
941 1913 1019 1943 edd.
1039 1913 1288 1952 vetustissimis,
1303 1913 1457 1952 Venetis,
1473 1912 1617 1954 Argent.
1641 1914 1747 1947 Tarv.

297 1952 372 1983 EA.
387 1952 551 1991 St.‚A1di,
568 1953 727 1993 Gryphii,
742 1953 897 1993 aliorum,
912 1956 1090 1994 proecurrit.
1108 1956 1278 1987 Priscian.
1300 1955 1382 1986 Inst.
1404 1955 1522 1987 Gram.
1537 1958 1555 1987 Ι.
1572 1965 1609 1988 x.
1623 1966 1745 1997 proecu-

295 1996 404 2034 currit,
421 1995 508 2036 quod
525 2001 561 2026 et
579 1996 637 2026 Fa.
657 1995 810 2028 defendit
828 2006 870 2028 ex
888 1998 984 2029 Bem.
1000 1999 1080 2029 Bas.
1097 1999 1246 2040 aliisque.
1285 1998 1434 2030 Videtur
1451 2003 1564 2030 autem
1577 2000 1747 2040 proecurrit

297 2037 338 2068 ad
364 2047 496 2068 sensum
523 2039 651 2074 melius,
679 2038 759 2079 quia
786 2042 964 2079 praecessit
986 2041 995 2057 ‘
1021 2041 1213 2077 exclamat,’
1237 2046 1272 2072 et
1299 2051 1375 2071 mox
1405 2041 1559 2081 sequitur
1593 2044 1602 2060 ‘
1629 2052 1747 2074 conse·

295 2080 420 2121 qnor.’'
446 2082 543 2112 West.
553 2080 643 2119 sorte
655 2083 824 2121 praecurrit
836 2083 894 2114 ΒΓ.
910 2093 970 2113 una
978 2083 1066 2121 forte
1078 2085 1441 2124 interea...proecucurrit
1450 2084 1550 2115 Both.
1565 2084 1665 2126 quia‘
1675 2085 1745 2117 vul·

294 2129 394 2163 gatar
415 2124 622 2164 praecucurrit
643 2125 804 2162 nuntians,
821 2131 961 2157 vetante
978 2126 1155 2158 Prisciano
1170 2138 1177 2157 :
1212 2136 1288 2157 nam
1306 2132 1364 2158 aut
1379 2127 1556 2158 nuntiatum
1569 2128 1673 2160 scribi
1687 2128 1746 2160 de-

296 2166 379 2205 buit,
395 2173 464 2205 aui,
482 2167 570 2207 quod
587 2168 722 2198 omnino
740 2168 846 2208 magis
860 2169 984 2208 placet,
999 2170 1137 2200 nuntiat.
1175 2170 1280 2207 Forte,
1296 2169 1385 2210 quod
1403 2170 1502 2209 vulgo
1518 2170 1747 2211 desider-amr,

295 2215 471 2249 comparet
486 2210 519 2240 in
545 2210 669 2240 nostris
685 2210 838 2241 omnibus
855 2215 889 2242 et
906 2212 1034 2243 Mureti
1051 2213 1209 2243 editione.
1254 2213 1439 2253 Vulgatum
1455 2213 1579 2244 illarum
1594 2219 1672 2254 post
1683 2223 1747 2246 una

295 2261 337 2282 ex
352 2252 476 2292 interp.
494 2251 656 2283 infertum
682 2262 768 2292 esse,
784 2263 900 2284 versus
923 2260 976 2286 est
992 2255 1229 2286 indicio.’—l2
1255 2255 1308 2286 Me
1323 2256 1437 2286 vidisse
1461 2265 1545 2286 unus
1561 2257 1628 2287 Mn.
1645 2256 1746 2288 Baecz.

294 2294 384 2332 hujus
399 2295 500 2326 Both.
527 2296 647 2325 risendi
662 2295 718 2326 ΒΓ.
748 2301 783 2326 et
809 2306 870 2336 pro
889 2306 919 2326 v.
933 2297 955 2328 l.
971 2298 1108 2338 ridendi,
1122 2298 1263 2329 cidendoe
1281 2297 1396 2330 Guelf.
1415 2301 1445 2329 1.
1467 2302 1552 2329 recta
1567 2299 1619 2329 via
1640 2308 1743 2330 conse-

294 2347 370 2376 quor
384 2336 501 2369 Guelf.
519 2340 637 2368 3-—13
666 2339 717 2369 Ne
733 2338 788 2369 hic
804 2339 936 2379 quidem
956 2341 1149 2372 trochaicus
1165 2346 1245 2378 stat,
1263 2341 1325 2371 nisi
1344 2341 1385 2371 ad
1402 2341 1583 2372 lectionem
1598 2342 1694 2372 Bem.
1709 2345 1746 2373 et

293 2380 384 2410 vict.
400 2380 614 2416 emendetur,
629 2381 799 2420 Postquam
823 2382 906 2412 intro
931 2384 1054 2422 adveni,
1070 2386 1224 2423 extemplo
1238 2382 1304 2420 ejus
1318 2383 1464 2414 morbum.
1499 2385 1557 2415 Fa.
1610 2383 1667 2417 Sic
1683 2385 1744 2416 Fa.

295 2431 337 2452 ex
351 2423 446 2454 Bem.
460 2423 579 2454 dedit:
604 2423 663 2454 sed
678 2429 909 2455 correctorem
933 2426 1033 2465 sapit.
1080 2426 1199 2457 Nostri
1216 2427 1304 2456 enim
1323 2427 1471 2457 universi
1486 2431 1523 2458 et
1537 2426 1595 2458 alii
1606 2426 1745 2468 ubique,

294 2465 464 2506 Postquam
479 2466 597 2496 introii.
641 2466 757 2505 Forte,
781 2467 951 2507 Postquam
965 2469 1105 2507 introiti,
1119 2469 1291 2510 extempulo
1305 2469 1370 2507 ejus
1391 2470 1529 2500 morbum
1541 2470 1669 2510 cognovi
1683 2470 1743 2500 mi-

293 2517 351 2538 ser.
378 2514 414 2539 ut
428 2509 569 2540 Plautus
586 2518 693 2548 saepe,
709 2510 784 2540 Aul.
803 2518 828 2540 1.
844 2512 875 2541 2.
895 2513 946 2541 15.
962 2515 972 2528 ‘
987 2512 1074 2542 Nam
1091 2512 1116 2542 si
1132 2512 1218 2551 ignis
1233 2512 1335 2551 vivet,
1348 2518 1384 2542 tu
1398 2512 1596 2553 extinguere
1610 2519 1743 2543 extem-

296 2550 397 2590 pulo?
422 2552 516 2582 Bent.
540 2552 624 2581 intro
649 2552 762 2582 adi-eni
788 2553 867 2592 Bip.
891 2553 992 2585 Both.
1018 2554 1108 2585 Perl.
1133 2555 1242 2585 introii
1260 2555 1318 2586 Br.
1345 2553 1431 2586 GM.
1458 2558 1468 2572 ‘
1487 2555 1554 2594 ejus
1574 2553 1642 2586 duo
1657 2555 1742 2586 Mss.

295 2593 479 2624 omittunt!
492 2594 679 2625 Boni—14
699 2595 790 2633 Lege
804 2605 841 2626 ac
854 2595 1048 2636 distingue3
1072 2600 1107 2628 ut
1115 2598 1213 2628 celare
1223 2600 1343 2638 possiet,-
1355 2602 1390 2628 et
1401 2607 1438 2628 ac
1451 2607 1501 2628 res
1513 2597 1649 2628 meluit
1662 2597 1742 2638 ipsa.

294 2635 384 2666 And.
397 2644 451 2666 ιιι.
461 2639 551 2667 3.19.
568 2636 705 2677 ‘Neque
717 2638 883 2676 postulem
899 2639 957 2669 abs
970 2640 1056 2676 te,ni
1071 2641 1142 2680 ipsa
1155 2649 1205 2670 res
1219 2645 1366 2671 moneat.
1383 2639 1473 2672 Quid
1486 2639 1568 2672 est?
1583 2641 1593 2657 ‘
1605 2640 1653 2671 Ut
1665 2649 1742 2681 pos-

296 2684 348 2708 set
364 2679 475 2709 celare
495 2678 645 2708 morbum
658 2679 676 2718 ;'
690 2689 775 2710 uxor
791 2680 944 2719 scilicet;
967 2692 1065 2722 quam
1082 2683 1196 2714 statim
1211 2683 1296 2714 adiit
1308 2683 1526 2714 osculaturus.
1553 2681 1627 2713 Nisi
1642 2684 1744 2715 celare

295 2721 429 2760 legeris,
446 2721 518 2760 Ipsa
534 2721 796 2761 disjungendum
815 2723 881 2754 erit
896 2733 916 2754 a
933 2724 1004 2754 Res.
1028 2725 1130 2756 Bent.
1164 2726 1302 2756 Frustra
1325 2730 1435 2756 mutat
1460 2726 1493 2756 in
1517 2725 1616 2756 celare
1639 2726 1742 2756 Bent-

295 2763 456 2804 Bip.—15
475 2764 539 2794 Res
550 2764 667 2795 sinebat
681 2764 797 2797 Guelf.
811 2769 840 2797 3.
861 2765 871 2783 ⁴
885 2768 1028 2807 conqueri
1038 2771 1160 2808 poterat
1172 2777 1288 2800 omnes
1300 2769 1384 2799 Mss.
1401 2777 1486 2800 unus
1496 2767 1579 2808 ipsi)
1589 2767 1742 2800 Eueni.-
