1966 3302
512 239 858 271 ADELPHORUM
896 239 1001 269 Ae'r.
1034 239 1106 268 ιιι.
1139 238 1206 268 sc.
1241 238 1290 266 11.
1530 226 1614 266 715

173 337 470 385 Patiamurne‚
490 347 545 376 an
564 347 789 376 narremus
811 333 1037 391 cuipiffln'?
1098 332 1219 373 CAN.
1250 331 1349 373 Au!
1380 331 1440 372 mi
1469 331 1614 378 homo,

346 414 536 444 sanusne
559 414 608 442 es
624 402 643 442 ’ἰ
975 392 984 395 W

172 471 241 513 An
261 471 343 531 hgc
364 468 663 524 proferendum
683 468 761 510 tibi
783 467 958 508 videtur
978 480 1167 520 usquam
1187 466 1320 508 esse'?
1381 463 1472 505 GE.
1504 463 1616 504 Mihi

342 537 520 592 quidem
540 549 626 577 non
647 536 808 610 th.

171 606 201 648 J
205 619 274 648 am
294 606 495 660 primum,
516 604 640 645 illum
662 603 805 662 aheno
827 601 973 643 animo
996 614 1023 642 a
1041 600 1169 641 nobis
1190 613 1305 648 esse,
1337 611 1405 639 res
1432 598 1534 651 ipsa
1554 597 1617 637 in-

344 673 474 713 dicat.
871 662 914 668 “⁸
1561 665 1618 705 40
1664 703 1667 705 ,

182 741 315 783 Nunc
334 741 373 780 si
392 740 477 780 hoc
499 738 646 792 palam
667 736 940 791 proferimus,
959 735 1031 776 ille
1051 734 1223 794 inii—cias
1245 733 1341 782 ibit,
1364 737 1433 772 sat
1454 732 1561 773 scio.
1640 746 1644 749 ’

174 809 274 849 Tua
289 808 422 856 fama,
438 810 483 847 et
504 809 644 858 gnatae
666 804 771 854 vita,>
791 803 837 844 in
858 802 1040 843 dubium
1059 791 1220 844 veniet:
1242 804 1334 841 tum
1357 800 1395 840 si
1415 812 1620 840 maxume

173 875 400 924 Fateatur,
422 886 519 914 cum
539 875 657 913 amet
677 871 827 921 aliam,
848 883 936 910 non
957 873 1025 910 est
1044 869 1150 910 utile
1168 868 1283 909 hanc
1303 867 1369 908 illi
1389 866 1506 908 dari:
1592 864 1595 867 ”

173 943 456 996 Quapropter
477 951 658 993 quoquo
689 943 822 992 pacto
853 937 988 979 tacito
1019 942 1087 979 est
1119 949 1245 990 opus.
1306 935 1385 976 So.
1417 933 1511 976 Ah!
1542 934 1624 975 mi-

341 1008 457 1049 nime
479 1007 666 1060 gentium
684 1018 694 1047 ε

171 1137 276 1168 silium
287 1144 400 1176 quoere‚
416 1134 605 1173 auferamus
620 1143 688 1164 cum
701 1132 823 1163 silentio
841 1132 895 1163 hoc
912 1131 1038 1170 malum,
1054 1141 1094 1162 au
1109 1130 1204 1162 alicui
1219 1130 1483 1161 communicemus.
1530 1130 1622 1161 CAN.

175 1180 264 1217 Hau,
286 1178 330 1210 mi
355 1179 452 1215 homo,
473 1187 629 1217 composne
652 1176 763 1207 mentis
785 1185 815 1205 es
827 1173 843 1206 2²
886 1174 940 1206 An
956 1174 1010 1205 hoc
1026 1174 1127 1205 verbis
1142 1174 1344 1214 detegendum
1359 1183 1423 1203 esse
1437 1173 1499 1203 ullo
1515 1174 1546 1203 in
1561 1174 1623 1204 loco

171 1226 294 1254 censes?
337 1221 405 1252 GE.
429 1220 515 1251 Mihi
530 1219 651 1260 quidem
665 1229 725 1250 non
741 1218 862 1248 videtur
884 1226 946 1248 esse
967 1216 1193 1257 proferendum.
1235 1217 1310 1247 Jam
1332 1215 1466 1255 primum
1491 1225 1625 1246 amorem

169 1275 257 1296 suum
276 1276 293 1295 α
307 1263 393 1294 nobis
406 1264 566 1302 avertisse,
580 1272 613 1293 re
628 1262 695 1302 ipsa
710 1260 796 1292 uobis
811 1259 1011 1298 manifestum
1025 1263 1165 1300 apparet.
1210 1260 1301 1290 Nunc
1315 1259 1343 1289 si
1357 1258 1412 1289 hoc
1424 1258 1626 1297 divulgemus,

171 1308 226 1338 ine
238 1306 431 1347 pernegabit‚
450 1305 541 1346 probe
560 1306 633 1344 scio,
657 1314 690 1335 se
710 1307 866 1344 stuprasse
893 1302 1110 1343 Pamphilam.-
1138 1306 1190 1333 tua
1206 1301 1407 1340 existimatio,
1422 1305 1451 1332 et
1466 1302 1546 1332 salus
1561 1304 1624 1331 tuae

164 1350 248 1392 filiae
261 1351 295 1380 in
317 1349 487 1391 periculum
502 1349 690 1379 adducetur:
712 1350 777 1378 tum
791 1345 914 1377 etiamsi
925 1345 1070 1384 fateatur
1085 1356 1151 1377 eam
1166 1345 1304 1384 vitiasse,
1318 1355 1378 1376 uon
1392 1344 1532 1375 conducit
1547 1344 1626 1374 hanc

171 1393 220 1424 illi
233 1393 355 1429 nubere,
370 1393 489 1433 quando
505 1391 599 1422 aliam
613 1391 674 1422 sibi
695 1389 825 1420 amicam
847 1389 1002 1420 sumserit.
1048 1388 1264 1427 Quamobrem,
1289 1387 1392 1428 quovis
1413 1389 1512 1426 modo,
1533 1387 1626 1417 silere

173 1435 258 1467 istud
273 1438 403 1477 oportet.
441 1435 502 1466 So.
523 1433 604 1466 Alc!
625 1433 802 1474 neutiquam
827 1432 862 1463 id
875 1431 1008 1471 faciam,
1023 1441 1083 1463 uon
1098 1430 1211 1463 tacebo.
1258 1431 1327 1463 GE.
1353 1430 1438 1466 Quid
1452 1430 1498 1461 vz's
1512 1432 1628 1469 agere?

782 1525 1025 1537 oueaeeaeoom

175 1598 260 1628 —37
285 1596 428 1627 Consule.
450 1594 537 1626 Mss.
552 1593 687 1635 quidam
704 1600 739 1625 et
756 1592 834 1625 edd.
858 1596 944 1624 vett.
963 1592 1111 1633 prospice.
1155 1591 1262 1622 Sensu
1280 1594 1315 1621 et
1331 1593 1441 1621 metro
1458 1588 1557 1630 plane
1574 1598 1629 1620 eo-

176 1639 264 1670 dem.
292 1638 394 1670 West.
439 1638 504 1669 Do.
521 1642 556 1668 et
574 1646 688 1668 omnes
707 1641 875 1677 quotquot
891 1641 971 1667 sunt
987 1636 1007 1666 l.
1026 1645 1052 1666 s.
1079 1638 1203 1675 praeter
1220 1633 1262 1664 V.
1283 1643 1375 1673 porro
1398 1632 1546 1673 prospice.
1569 1633 1628 1664 Fa.

175 1682 260 1713 Tres
277 1690 319 1712 ex
335 1680 456 1712 nostris
471 1679 640 1711 veterrimi
654 1680 783 1711 consule.
807 1680 926 1710 Recte.
949 1678 1135 1709 Remu—38
1151 1676 1228 1708 Au!
1243 1677 1285 1706 mi
1302 1677 1398 1706 homo.
1440 1676 1526 1707 Haec
1542 1684 1629 1715 prae-

176 1729 230 1755 ter
244 1729 392 1755 mentem
415 1723 541 1754 Donati
564 1723 598 1753 in
618 1722 701 1752 Mss.
720 1721 917 1762 quibusdam
934 1726 970 1752 et
987 1720 1065 1751 edd.
1080 1720 1222 1751 vetustis
1240 1720 1404 1750 Sostratae
1422 1718 1630 1749 tribuuntur.

182 1767 281 1798 West.
319 1766 514 1807 Legendum
543 1769 661 1796 monet
679 1765 778 1796 Bent.
800 1765 976 1800 Faciamur,
990 1764 1105 1794 demto
1120 1772 1169 1794 ue.
1199 1762 1269 1793 ‘Au
1285 1773 1336 1797 au,
1351 1762 1394 1792 mi
1408 1760 1509 1800 homo]
1531 1761 1629 1792 Bem.

173 1810 229 1840 Vi.
249 1813 285 1840 et
301 1809 368 1840 Do.
385 1809 489 1840 semel
503 1812 639 1839 tantum
656 1817 695 1838 au
711 1807 863 1838 habent!
891 1807 948 1838 Fa.
993 1806 1113 1838 Nostri
1131 1815 1196 1836 uno
1213 1809 1359 1845 excepto
1371 1810 1490 1834 omnes
1506 1803 1557 1834 Au
1572 1813 1632 1834 au:

172 1861 284 1893 neque
300 1852 399 1883 aliter
415 1857 481 1882 stat
498 1860 629 1882 versnS.
654 1850 751 1881 Bent.
781 1851 950 1881 Patiamur
965 1870 974 1879 .
987 1872 994 1880 .
1008 1872 1016 1880 .
1033 1872 1041 1880 .
1057 1851 1119 1887 Au,
1136 1859 1175 1879 au
1191 1848 1292 1879 Both.
1327 1847 1391 1886 Au,
1404 1856 1456 1885 au,
1471 1848 1513 1876 mi
1525 1846 1630 1877 homo.-

174 1904 267 1926 sanus
280 1905 339 1925 nou
354 1905 397 1926 es.
442 1895 500 1925 ΒΓ.
519 1894 575 1934 qui
592 1893 693 1924 etiam
712 1894 786 1924 haec
801 1894 963 1924 Sostrata*
978 1892 1109 1923 tribuit.
1148 1891 1212 1930 Au,
1228 1901 1267 1921 au
1285 1912 1292 1921 .
1308 1913 1315 1921 .
1327 1913 1335 1921 .
1351 1898 1446 1920 sanus
1460 1892 1512 1919 es?
1534 1889 1628 1920 Peri.

174 1937 329 1969 Sauun’ne
343 1941 395 1968 es?
416 1946 466 1968 an.
509 1937 565 1967 Sic
582 1936 660 1976 Bip.
685 1945 760 1976 quae
787 1940 885 1966 notat
908 1936 917 1953 ‘
933 1934 1132 1966 retrahimus
1158 1933 1201 1964 ad
1230 1933 1469 1973 integrandum
1494 1941 1629 1962 versum

175 1989 218 2012 ex
233 1980 389 2022 sequenti
405 1978 557 2010 an.’—39
580 1979 632 2010 An
647 1979 702 2009 hoc
716 1978 931 2018 proferendum
946 1977 1006 2009 tibi
1021 1987 1148 2017 usquam
1163 1986 1228 2007 esse
1242 1974 1393 2007 videtur?
1428 1974 1471 2006 Ο.
1487 1974 1511 2005 1.
1527 1984 1552 2005 S.
1571 1974 1630 2004 tibi

174 2023 298 2054 videtur
313 2033 376 2054 esse
389 2032 527 2062 usquam,
544 2027 673 2062 praeter
689 2022 904 2060 Bembinum,
931 2021 964 2052 in
981 2030 1045 2062 quo
1063 2020 1187 2060 legitur
1203 2029 1329 2059 usquam
1344 2028 1419 2049 esse.
1465 2017 1630 2048 Ceterum

174 2066 284 2106 prima
297 2066 393 2106 hujus
408 2074 523 2096 versus
540 2065 670 2105 syllaba
686 2064 719 2094 in
736 2064 989 2104 praecedentem
1006 2073 1136 2094 versum
1151 2062 1320 2103 rejicitur:
1339 2070 1455 2092 versus
1468 2069 1547 2090 vero
1561 2064 1631 2091 stat

176 2108 313 2149 abJecto
328 2117 356 2144 r,
379 2118 421 2139 ex
444 2106 624 2146 ‘videtur‚'
647 2107 727 2137 item
745 2117 786 2145 m,
803 2116 845 2137 ex
870 2112 878 2124 ⁶
891 2105 1054 2147 quidem,'
1071 2106 1221 2146 quamvis
1238 2113 1426 2136 consonans
1443 2112 1631 2143 cousequa-

176 2157 242 2183 tur.
267 2151 327 2182 Fa.
366 2150 485 2182 Nostri
504 2150 623 2189 partim
640 2159 703 2180 esse
717 2159 858 2190 usquam,
875 2149 998 2189 partim
1015 2158 1144 2187 usquam
1158 2157 1234 2179 esse.
1270 2147 1337 2178 Sed
1354 2156 1438 2177 unus
1455 2155 1497 2176 ex
1515 2145 1631 2185 Regiis

176 2203 244 2225 non
259 2194 361 2225 habet
377 2202 440 2224 esse
451 2203 461 2223 .·
484 2192 572 2223 idem
590 2202 666 2224 cum
684 2193 791 2222 tribus
807 2192 879 2222 aliis
906 2192 1129 2230 Proferemlum
1155 2191 1221 2221 hoc.
1265 2190 1358 2229 Lege
1376 2188 1428 2219 An
1443 2188 1522 2228 prof.
1538 2188 1593 2218 hoc
1609 2191 1634 2218 t.

177 2247 208 2268 υ.
224 2240 372 2277 usquam?
395 2235 447 2266 Mi
462 2246 492 2276 q.
509 2245 540 2266 η.
554 2246 586 2275 p.
611 2235 713 2266 Bent.
757 2234 810 2265 An
829 2245 862 2275 p.
878 2235 932 2265 hoc
950 2257 957 2265 .
971 2257 979 2265 .
994 2257 1001 2265 .
1014 2257 1022 2265 .
1036 2234 1162 2264 ‘videtur
1178 2242 1307 2273 unquam
1318 2231 1334 2263 ‘2
1358 2233 1417 2263 ΒΓ.
1463 2231 1516 2262 An
1529 2241 1561 2271 p.
1578 2231 1633 2261 hoc

175 2303 186 2312 .
201 2302 209 2310 .
222 2303 230 2311 .
247 2302 255 2311 .
272 2279 395 2310 videtur
418 2281 566 2319 usquam?
595 2279 698 2309 Both.
742 2277 783 2308 P.
809 2277 864 2307 hoc
881 2300 889 2309 .
903 2300 910 2308 .
926 2299 934 2307 .
948 2299 955 2307 .
971 2287 1002 2308 υ.
1029 2286 1092 2307 esse
1116 2279 1265 2316 usquam?
1287 2275 1366 2314 Bip.
1412 2273 1482 2305 Tibi
1507 2284 1633 2314 usquam

174 2331 241 2354 esse
255 2319 403 2353 videtur?
425 2321 639 2361 Deum—40
662 2320 765 2360 Vulg.
788 2320 863 2350 Jam
879 2318 1155 2359 frequentissimo
1172 2327 1299 2349 errore.
1324 2317 1421 2348 Both.
1446 2316 1502 2357 qui
1531 2317 1635 2356 igitur

176 2365 237 2397 dat
254 2366 339 2396 Nam
353 2375 383 2405 p.
397 2364 500 2395 (thimo
515 2364 602 2395 illum
616 2363 726 2394 alieno.
766 2363 826 2393 Br.
844 2363 881 2393 ab
896 2362 1079 2393 uobis—41
1104 2361 1144 2392 In
1162 2360 1360 2402 quibusdam
1378 2360 1464 2390 Mss.
1481 2364 1516 2390 et
1531 2359 1632 2390 editis

177 2408 326 2449 antiquis
342 2408 392 2448 [in
410 2406 565 2438 Addend.
587 2410 753 2437 memorat
780 2405 823 2437 G.
851 2415 926 2435 cum
952 2405 1022 2436 ET.
1049 2410 1083 2435 et
1107 2403 1203 2444 EM]
1225 2408 1277 2434 est
1298 2402 1502 2443 proferemus.
1525 2402 1636 2434 West.

176 2451 297 2482 Nostri
311 2459 426 2481 omnes
442 2449 604 2480 mendose
618 2448 820 2489 proferemus.
845 2448 947 2478 Bent.
993 2447 1193 2485 Profer-emus
1216 2446 1277 2477 ΒΓ.
1306 2446 1362 2486 qui
1389 2446 1492 2475 etiam
1510 2444 1636 2476 nnllam

177 2493 429 2525 distinctionem
444 2492 548 2522 habet
565 2497 644 2531 post
659 2491 731 2522 scio.
776 2491 977 2529 Proferemus
995 2488 1112 2521 Guelf.
1139 2491 1254 2520 1.-43
1280 2489 1430 2529 Reponit
1449 2489 1548 2518 Bent.
1574 2498 1635 2519 non

179 2540 223 2567 est
239 2537 316 2567 utile
330 2535 413 2574 huic,
426 2534 476 2566 illi
491 2534 570 2565 duri.
614 2535 674 2565 ΒΓ.
700 2533 784 2573 legit
809 2543 877 2563 cum
899 2536 983 2563 amat
998 2556 1006 2563 .
1022 2556 1029 2564 .
1047 2555 1054 2563 .
1071 2532 1119 2562 illi
1134 2533 1218 2562 dare.
1259 2532 1276 2558 .‘
1288 2531 1322 2563 J.
1338 2534 1432 2561 amat.
1450 2530 1533 2561 GM.
1547 2531 1634 2562 dare.

177 2579 244 2610 Sed
272 2589 288 2610 e
313 2579 347 2609 in
371 2577 437 2608 fine
464 2582 630 2608 mutatum
649 2580 792 2617 apparet
810 2586 828 2606 a
843 2585 945 2606 manu
960 2574 1103 2615 alicujus
1122 2573 1293 2615 imperiti.'
1317 2574 1491 2604 Peru-44
1519 2573 1637 2604 Tacito.

177 2622 246 2653 Ms.
263 2621 354 2662 Lips.
371 2626 406 2651 et
422 2619 521 2651 Bodl.
539 2629 615 2650 cum
630 2619 831 2659 quibusdam
847 2618 926 2648 edd.
951 2622 1036 2649 vett.
1061 2617 1171 2648 celato.
1195 2616 1305 2647 West.
1353 2616 1549 2656 Quapropter
1564 2626 1638 2655 quo-

179 2674 237 2704 quo
260 2667 350 2704 pacto
365 2665 462 2694 celato
478 2666 523 2694 est
537 2672 625 2703 opus.
662 2663 758 2692 Bem.
776 2665 811 2692 et
826 2670 940 2691 omnes
957 2658 1030 2690 fere
1048 2661 1119 2699 alii,
1135 2658 1271 2690 tacito’st
1287 2669 1378 2699 opus.-
1403 2664 1437 2688 et
1455 2659 1502 2689 ita
1519 2668 1636 2689 versus

178 2711 258 2746 stat,
273 2707 371 2738 aliter
387 2715 464 2737 non.
493 2705 551 2737 Fa.
596 2704 754 2744 Quinque
780 2713 823 2734 ex
839 2703 964 2734 nostris
982 2703 1098 2734 tacito.-
1124 2703 1236 2742 plures
1253 2706 1288 2732 et
1305 2702 1509 2732 vetustiores
1525 2701 1634 2732 celato.

182 2749 248 2780 Cui
275 2750 336 2780 hoc
365 2749 491 2789 placet,
515 2748 562 2778 ita
575 2747 682 2786 legat,
700 2747 896 2786 Quapropter
911 2756 1024 2786 quoquo
1034 2749 1125 2785 pacto
1140 2749 1183 2776 est
1201 2746 1295 2776 celato
1311 2754 1395 2785 opus,
1441 2744 1494 2774 ΑΙι
1511 2744 1637 2774 minime

181 2792 332 2832 gentium.
354 2792 457 2824 Bent.
502 2790 628 2831 Quoquo
642 2790 737 2821 tacito
753 2793 842 2829 pacto
854 2792 900 2820 est
915 2798 988 2829 opus
1005 2789 1106 2821 Both.
1156 2788 1265 2819 Celata
1282 2787 1338 2818 ΒΓ.
1382 2786 1454 2819 Aha
1470 2785 1585 2818 Guelf.
1603 2799 1636 2818 .›.
