1966 3302
525 258 841 288 PHoRMiouis
876 258 985 288 Ac'r.
1019 259 1070 288 11.
1104 259 1171 289 sc.
1206 258 1238 290 ι.
1517 251 1601 293 947

153 351 243 392 GE.
273 350 428 392 Laudo
448 351 588 392 hunc:
619 352 695 392 sed
717 365 845 393 cesso
866 352 985 393 adire
1007 353 1335 406 quamprimum
1356 356 1535 396 scnem‘?

156 419 289 468 Here,
310 419 456 459 salve:
489 418 660 459 salvom
681 427 724 459 te
746 419 982 460 advenisse
1004 421 1190 473 gaudeo.
1251 421 1341 462 DE.
1374 421 1475 462 Ho!

152 485 280 526 Bone
300 488 465 534 custos,
487 486 632 526 salve:
666 486 866 527 columen
888 500 990 528 vero
1010 488 1206 538 familiae,

153 553 238 595 Cui
257 552 560 593 commendavi
581 552 719 593 filium
738 553 836 594 hinc
859 555 1013 596 abiens
1035 569 1194 596 meum.

151 618 242 661 GE.
272 618 302 660 J
307 619 543 659 amdudum
564 623 609 660 te
632 633 781 661 omnes
802 634 881 661 nos
903 635 1116 663 accusare
1139 623 1272 664 audio

149 686 392 735 Immerito,
414 689 459 726 et
478 686 630 727 horum
651 701 721 728 me
741 688 932 729 omnium
955 690 1313 733 immeritissimo.
1545 694 1603 735 60

153 754 271 795 Nam
293 754 402 807 quid
422 767 490 795 me
510 755 552 796 in
572 756 656 796 hac
678 769 726 796 re
747 756 892 797 facere
909 758 1092 798 voluisti
1111 759 1193 798 tibi
1210 759 1229 799 Τ

150 822 330 863 Servom
351 822 569 862 hominem
591 836 775 863 causam
796 836 921 864 orare
941 824 1059 876 leges
1079 837 1168 865 non
1189 825 1339 867 sinunt
1358 840 1368 878 3

150 888 310 942 Neque
331 889 574 930 testimonii
595 889 732 930 dictio
755 895 839 931 est.
901 890 995 930 DE.
1027 890 1162 931 Mitto
1182 892 1343 933 omnia.

149 955 282 997 Addo
299 956 415 997 istuc
435 968 445 997 ε
477 957 730 1010 imprudens
752 958 898 998 timuit
918 958 1178 999 adolescens
1197 972 1207 1000 t
1241 960 1353 1001 sino.

147 1022 216 1065 Tu
237 1037 413 1065 servos:
444 1037 608 1074 verum,
630 1025 669 1065 si
691 1031 880 1078 cognata
896 1030 964 1067 est
980 1039 1200 1076 maxume,
1545 1034 1603 1075 65

147 1142 298 1174 Phaedria
310 1154 319 1173 :
333 1144 385 1175 sed
399 1144 492 1174 nimis
510 1145 598 1175 tardo
614 1145 837 1184 quamprimum
852 1154 952 1176 senem
964 1145 1188 1185 Demiphonem
1200 1148 1348 1180 salutare.
1395 1150 1483 1182 Here
1498 1154 1603 1185 salvus

144 1185 205 1216 sis:
227 1185 408 1217 incolumem
429 1190 460 1217 te
483 1188 524 1217 ad
543 1197 597 1217 nos
619 1187 749 1217 rediisse
764 1188 864 1218 laetor.
909 1188 975 1219 DE.
998 1187 1078 1219 Ho!
1098 1191 1225 1228 egregie
1238 1194 1352 1230 custos,
1366 1195 1398 1222 et
1411 1198 1512 1224 rector
1527 1197 1602 1226 ado—

144 1228 331 1260 lescentum.-
349 1229 485 1266 familioe
508 1238 579 1259 vero
593 1230 846 1269 sustentaculum,
866 1230 952 1268 cujus
966 1230 1049 1272 fidei
1068 1231 1261 1271 proficiscens
1276 1236 1484 1266 commendavi
1493 1238 1601 1278 filium

144 1279 253 1300 meum.
297 1271 365 1302 GE.
387 1272 517 1301 Jamdiu
538 1273 746 1302 accusationes
767 1277 839 1302 tuas
862 1273 895 1303 in
917 1283 971 1303 nos
993 1284 1093 1303 omnes
1113 1275 1205 1304 audio
1224 1275 1357 1314 injustas
1372 1278 1403 1307 in
1419 1278 1602 1321 iintneriws,

144 1315 235 1352 atque
251 1314 283 1343 in
295 1323 342 1343 me
354 1314 488 1344 maxime
502 1315 636 1344 omnium
652 1314 946 1345 immanissimum.-
978 1325 1048 1346 nam
1063 1317 1136 1356 quid
1153 1327 1200 1347 me
1222 1317 1255 1347 in
1271 1318 1327 1348 hac
1341 1329 1434 1350 causa
1449 1327 1600 1361 praestare

145 1355 273 1386 voluisti
297 1356 377 1386 tibi?
398 1365 484 1386 servo
507 1357 624 1387 homini
648 1367 756 1387 causas
785 1367 879 1396 agere
913 1358 996 1396 teges
1023 1368 1083 1389 non
1108 1360 1308 1399 permittunt,
1339 1372 1433 1402 neque
1462 1366 1599 1396 testimo-

144 1396 231 1428 nium
254 1398 426 1438 perhibere.
471 1400 542 1430 DE.
569 1400 726 1430 Praetereo
751 1403 852 1430 cetera
861 1410 872 1436 ;
894 1399 1019 1440 insuper
1042 1400 1250 1441 imprudentia
1279 1404 1384 1435 aetatz's
1406 1406 1439 1436 in
1464 1417 1602 1439 sermone

145 1439 238 1470 hoesz‘t
267 1441 378 1471 timens
401 1442 642 1472 adolescentulus
672 1442 832 1481 Antipho.-
855 1446 930 1481 esto,
962 1447 996 1473 tu
1020 1453 1126 1474 servus
1156 1446 1246 1475 lestis
1269 1448 1397 1485 produci
1424 1449 1456 1478 in
1479 1450 1598 1487 judici-

144 1491 196 1512 um
216 1492 276 1514 non
301 1483 452 1523 potuisti:
486 1494 594 1515 verum
621 1484 648 1515 si
670 1486 814 1525 proxima
843 1488 891 1515 est
915 1489 1056 1524 cog-nata,
1087 1496 1145 1517 non
1172 1491 1275 1518 tamen
1296 1499 1416 1521 necesse
1436 1491 1508 1528 ficit
1532 1503 1601 1524 eam.

749 1578 787 1590 OC
793 1579 990 1592 '‘m-‘IN‘

144 1654 197 1684 Ita
217 1653 286 1685 tim.
312 1654 357 1685 ibi
371 1658 438 1685 tum
452 1665 520 1686 eum
546 1655 604 1687 dat
625 1657 814 1689 Belin—55
839 1658 917 1690 Non
946 1659 1134 1699 interrogat
1161 1661 1306 1691 ssr.—56
1333 1662 1384 1691 ΟΙι
1409 1662 1469 1693 Br.
1496 1663 1599 1697 Bent.

143 1696 267 1736 Delph.
285 1697 361 1736 Bip.
381 1698 565 1729 Boin—58
591 1699 655 1730 Hic
670 1700 859 1732 Bent.-6o
882 1702 1027 1733 Quidam
1043 1702 1198 1738 Codices,
1213 1706 1243 1733 et
1260 1713 1306 1733 me
1320 1704 1454 1735 omnium
1469 1705 1597 1738 horunc.

143 1739 260 1779 Atque
277 1738 326 1769 ita
342 1740 462 1779 legisse
479 1741 612 1772 videtur
636 1743 804 1781 Donatus,
829 1744 893 1774 nisi
919 1745 1009 1784 quod
1030 1750 1191 1785 corrupta
1215 1745 1288 1784 ejus
1306 1746 1407 1777 verba
1424 1748 1597 1787 leguntur.

143 1781 243 1812 Bodl.
258 1784 288 1812 et
302 1791 350 1812 me
364 1783 498 1813 omnium
513 1784 639 1815 horuuc’
662 1795 742 1815 nunc
757 1786 1041 1818 immeritissimmn.
1088 1788 1205 1818 Leidd.
1221 1798 1348 1827 omnes,
1365 1789 1409 1819 G.
1426 1790 1525 1820 Bodl.
1547 1792 1595 1824 M.

143 1824 263 1854 Boend.
279 1824 567 1858 immeritissz'mum.
614 1826 729 1868 Atque
756 1828 805 1859 ita
830 1838 872 1859 ex
895 1829 963 1859 Ms.
982 1829 1244 1861 Uratislaviensi
1269 1831 1353 1861 citat
1376 1832 1599 1873 Pulmannus,

143 1866 319 1898 Boeclerus
336 1877 377 1897 ex
394 1869 462 1898 suis
480 1868 645 1900 omnibus.
691 1870 754 1901 Est
772 1881 873 1910 porro
890 1871 923 1901 in
945 1871 1017 1903 EA.
1061 1872 1128 1903 Sed
1146 1873 1260 1903 nescio
1279 1874 1445 1914 quomodo
1462 1876 1596 1915 elegan-

141 1908 209 1940 tius
226 1914 304 1949 post
318 1908 356 1940 τὸ
372 1913 380 1927 ‘
392 1910 568 1942 Immerito
582 1911 589 1924 ’
604 1912 747 1943 infertur
762 1914 1004 1945 immeritis-simo
1015 1925 1025 1944 .·
1042 1915 1131 1945 unde
1146 1925 1188 1945 ex
1203 1916 1288 1946 Mss.
1306 1916 1455 1956 reliquis,
1473 1923 1508 1948 et
1524 1919 1596 1949 edi-

142 1951 290 1982 tionibus
305 1952 404 1984 Junt.
423 1952 500 1983 Ald.
517 1954 570 1985 St.
588 1955 732 1995 aliisque
749 1956 868 1996 probae
885 1962 974 1988 notae
999 1957 1047 1987 ita
1071 1957 1175 1988 edidi.
1221 1958 1275 1988 Ita
1297 1963 1333 1989 et
1355 1959 1597 1992 Gambarellus

142 1993 237 2034 legit.
260 1994 359 2026 West.
395 1995 441 2025 Et
456 2005 502 2026 me
517 1997 652 2028 omnium
663 1998 786 2038 horum]
810 1999 848 2028 In
867 1999 962 2030 Bem.
979 1999 1028 2030 ita
1043 2000 1114 2031 haec
1129 2000 1360 2031 collocantur:
1379 2006 1409 2032 et
1426 2012 1473 2032 me
1487 2003 1597 2035 horum

141 2036 285 2067 amnium.
331 2038 485 2068 Donatus
499 2048 591 2078 vero,
604 2050 622 2070 a
639 2050 706 2080 quo
723 2040 773 2071 bis
789 2041 862 2072 h'aec
878 2042 981 2072 verba
997 2048 1229 2082 exponuntur,
1244 2044 1278 2074 in
1294 2044 1444 2074 secunda
1459 2048 1596 2086 exposi-

142 2079 235 2110 tione
251 2079 300 2110 ita
315 2089 357 2110 ea
372 2080 471 2119 citat,
484 2081 592 2112 horum
606 2085 795 2120 commerito,
811 2083 899 2124 quod
916 2094 976 2115 nos
992 2085 1041 2115 ita
1055 2085 1209 2125 legimm,
1223 2086 1340 2117 horunc
1354 2098 1381 2118 0.
1397 2088 1543 2120 immerit.
1560 2089 1597 2120 id

143 2128 208 2157 est,
223 2121 340 2153 horunc
353 2123 485 2153 omnium
501 2125 746 2156 immeritissz'mo
757 2136 767 2156 ε
788 2126 838 2156 ita
853 2127 981 2166 optime
999 2132 1068 2158 stat
1083 2137 1209 2158 versuS.
1258 2130 1384 2159 Postea
1399 2130 1433 2159 in
1448 2131 1529 2160 Bas..
1546 2131 1596 2161 in·

143 2164 308 2195 venimus*
320 2166 484 2205 scriptum
508 2167 634 2197 horunc.
666 2168 726 2198 Fa.
773 2168 988 2199 Veteri-imus
1014 2180 1148 2210 quoque
1175 2174 1305 2211 noster,
1331 2171 1458 2203 horunc.
1491 2173 1593 2205 Bent.

141 2206 388 2237 Immerieissimo
403 2208 597 2248 elegantius
611 2214 663 2240 est
676 2211 720 2248 τῷ
733 2211 1022 2242 immeritissimum.
1067 2213 1157 2243 Mur.
1184 2213 1302 2243 horum.
1326 2214 1417 2245 Perl.
1462 2216 1517 2246 Me
1531 2227 1593 2247 om-

140 2249 227 2279 nium
241 2249 349 2280 horum
363 2250 402 2280 Z.
415 2251 543 2290 Delph.
589 2252 645 2282 Me
659 2253 774 2283 horunc
788 2253 923 2284 omnium
938 2255 996 2284 Br.
1015 2255 1117 2285 Bent.
1134 2256 1235 2285 Both.
1252 2256 1344 2287 Perl.
1391 2257 1447 2287 Me
1461 2259 1595 2289 omnium

140 2291 265 2322 horunc'
289 2292 454 2331 Bip.-64
477 2294 601 2325 Mallet
626 2294 838 2326 Palmerius:
860 2296 950 2327 Adde
975 2296 1110 2327 istucce:
1129 2299 1249 2337 pudens
1272 2298 1378 2329 timuit
1398 2301 1595 2332 adolescens.-

140 2337 180 2364 nt
195 2334 402 2374 respiciatur
424 2344 540 2366 versus
567 2339 620 2367 54.
645 2338 704 2368 sed
732 2342 768 2368 et
787 2338 869 2368 Mss.
886 2338 1036 2379 quidam,
1053 2344 1087 2370 et
1104 2340 1190 2370 editi
1207 2345 1340 2371 veteres
1356 2342 1488 2381 legunt.
1505 2345 1594 2374 Adde

140 2376 232 2408 istuc.
264 2376 356 2407 Adde
376 2377 473 2417 istuc]
508 2377 605 2409 Idem
626 2379 711 2410 liber
735 2380 825 2410 Addo
850 2381 951 2412 istuc:
976 2382 1066 2421 quod
1092 2384 1198 2423 magis
1226 2392 1436 2424 consequens
1460 2385 1596 2416 vitietur

141 2418 229 2457 aliis,
252 2428 325 2458 quae
344 2419 377 2449 in
396 2420 502 2459 prima
519 2431 665 2460 persona
681 2432 700 2452 a
715 2422 928 2461 Demiphone
948 2423 1149 2463 efferuntur,
1172 2426 1180 2442 ‘
1197 2426 1325 2465 Mitt0‚‘
1348 2427 1357 2442 ‘
1372 2426 1469 2457 sino.’
1514 2428 1593 2458 Hoc

141 2466 177 2492 et
187 2461 360 2492 Ubaldino
375 2463 580 2493 Bandinello
602 2465 774 2504 placebat.
794 2465 853 2496 Fa.
900 2467 1016 2497 Nostri
1037 2467 1138 2498 Adde.
1162 2468 1263 2499 Bent.
1310 2468 1388 2499 Sino
1403 2469 1458 2499 hoc
1474 2470 1592 2502 Guelf.

141 2505 173 2533 3.
197 2504 285 2534 Perl.
330 2505 432 2544 Vulg.
453 2507 539 2535 Addo
562 2507 661 2537 istuc.-
685 2507 868 2548 aliicodd„
886 2508 918 2538 iu
934 2509 984 2538 his
1001 2510 1121 2546 nostri,
1141 2510 1242 2540 Adde.
1286 2511 1478 2551 Utrumque
1500 2512 1592 2544 fraus

141 2551 175 2576 et
188 2546 374 2586 corruptio.
418 2547 513 2577 Istaec
535 2550 780 2579 contemnentis
797 2556 862 2581 est.
887 2551 986 2581 Both.
1012 2552 1068 2591 qui
1085 2552 1144 2582 dat
1163 2552 1262 2582 Mitto
1277 2554 1377 2583 omnia
1396 2554 1510 2589 Istaec:
1533 2555 1591 2585 im-

136 2589 284 2627 prudens,
298 2589 349 2627 350.
385 2588 475 2620 Adde
496 2589 556 2620 dat
577 2590 637 2620 ΒΓ.
679 2591 770 2622 Addo
787 2592 899 2632 rejicit
916 2594 1042 2633 Delph.
1058 2593 1091 2624 in
1109 2604 1240 2624 versum
1257 2598 1393 2625 63.—65
1415 2596 1462 2626 Tu.
1475 2597 1594 2638 servos]

141 2630 224 2662 Sub.
239 2640 286 2662 es,
319 2631 445 2661 sustuli
463 2633 676 2664 exclamandi
699 2639 825 2672 notam,
842 2636 936 2675 quasi
956 2636 1029 2666 liaec
1048 2646 1106 2675 per
1121 2636 1334 2673 ἀποσιώπησιν
1356 2638 1593 2670 interminatus

142 2681 241 2704 servo
257 2673 398 2704 dixisset
418 2674 598 2714 Demipho.
644 2676 767 2716 Neque
795 2677 895 2707 aliter
922 2679 1069 2709 Fabrini.
1098 2679 1198 2710 IVes-t.
1247 2680 1295 2710 Tu
1318 2689 1342 2710 s.
1370 2690 1402 2710 es
1427 2680 1543 2712 Guelt'.
1561 2685 1593 2714 3.

143 2714 217 2745 Dat
240 2715 299 2746 ΒΓ.
325 2716 370 2746 Tu
385 2726 502 2754 sertus,
524 2727 639 2749 verum.
673 2718 723 2755 Si,
738 2721 790 2758 ᾅϊ.
838 2719 882 2750 Et
906 2720 1016 2750 Bruns
1037 2726 1152 2751 notat:
1179 2726 1187 2739 ‘
1202 2721 1327 2753 Nostra
1343 2722 1516 2754 distinctio
1534 2724 1591 2755 bo-

142 2766 219 2786 num
246 2766 380 2788 sensum
403 2758 529 2797 fundit,
557 2765 592 2791 et
617 2770 734 2799 verum,
759 2761 870 2801 (cujus
885 2762 993 2792 simile
1017 2768 1067 2794 est
1091 2763 1124 2794 in
1152 2764 1237 2795 Eun.
1255 2773 1295 2796 ιι.
1312 2767 1344 2795 3.
1361 2768 1413 2796 54.
1428 2765 1496 2804 55.)
1511 2773 1592 2806 apte

143 2799 329 2840 respondet
345 2801 388 2839 τῷ
411 2801 529 2841 ‘sin0,'
553 2808 589 2834 et
614 2804 777 2843 explicari
804 2804 919 2844 debet,
945 2806 1005 2835 lioc
1023 2815 1138 2837 verum
1154 2812 1228 2838 est:
1256 2817 1330 2849 quae
1347 2809 1449 2849 plena
1465 2809 1590 2841 locutio
