1966 3302
523 252 830 284 ΡΗοηΜιυΝιε
867 253 971 283 Acr.
1004 254 1046 283 v.
1078 254 1144 283 sc.
1179 254 1230 284 11.
1490 247 1599 289 1011

148 348 242 390 GE.
273 347 513 402 Argentum
535 348 759 390 inventum
781 347 837 390 'st
858 349 1104 392 Phaedriae:
1135 351 1190 392 de
1203 351 1348 405 jurgio
1372 351 1542 393 siletur.

149 415 385 458 Provisum
406 419 490 466 est,
526 428 581 456 ne
603 415 648 456 in
668 417 910 470 praesentia
930 417 1026 459 haec
1047 417 1149 459 hinc
1171 419 1330 460 abeat:
1362 419 1467 473 quid
1489 433 1601 462 nunc

320 497 454 537 porro
468 485 487 524 Τ

150 550 272 601 Quid
292 551 399 594 fiet?
432 552 476 593 in
495 553 650 594 eodem
671 552 761 594 luto
780 552 986 595 haesitas:
1019 567 1243 596 vorsuram
1265 555 1430 606 solves,
1547 557 1603 598 15

150 618 280 661 Geta.
339 619 547 662 Praesens
568 620 688 674 quod
708 620 854 663 fuerat
872 623 1053 672 malum,
1077 623 1122 663 in
1154 621 1267 663 diem
1290 624 1424 665 abiit:
1453 624 1600 678 plagae

321 693 537 739 crescunt,

150 753 254 805 Nisi
285 757 521 810 prospicis.
583 757 715 799 Nunc
735 758 838 800 hinc
859 758 1035 800 domum
1056 759 1148 808 ibo,
1182 772 1235 800 ac
1258 759 1478 802 Phanium
1499 762 1603 804 edo-

322 825 449 874 cebo,

151 889 224 933 Ne
243 891 350 946 quid
371 898 571 934 vereatur
592 892 918 945 Phormionem,
940 899 1016 936 aut
1037 895 1132 950 ejus
1154 896 1411 938 orationem.

149 1020 236 1051 illam
257 1024 475 1053 conventuram
496 1031 570 1054 esse.
616 1022 684 1055 GE.
711 1023 842 1054 Factum
863 1027 910 1054 est
932 1028 966 1055 ut
980 1024 1141 1065 pecuniam
1164 1025 1302 1062 haberes,
1320 1027 1488 1057 Phaedrz'a:
1510 1036 1526 1058 e
1551 1027 1605 1059 lite

150 1073 220 1094 cum
236 1064 424 1096 Phormione
439 1069 629 1096 transactum
644 1069 689 1096 est
703 1077 712 1096 .·
732 1067 934 1107 praecavz'mus
946 1078 982 1097 ne
995 1068 1153 1099 Phanium
1167 1068 1201 1099 in
1215 1069 1383 1108 proesentia
1398 1071 1484 1100 domo
1499 1074 1606 1101 nostra

150 1106 351 1138 dimittatur.-
374 1107 449 1147 quz'tl
464 1118 544 1147 nunc
558 1113 652 1140 vero?
674 1109 815 1151 quidfiet
831 1109 921 1141 rebus
936 1109 1039 1142 meis?
1062 1111 1094 1141 in
1108 1112 1210 1142 eodem
1223 1123 1317 1152 coeno,
1335 1113 1427 1148 Geta,
1443 1113 1605 1144 immersus

150 1159 182 1179 es
195 1159 206 1186 ‚·
231 1159 386 1180 versuram
402 1151 500 1181 solves
511 1161 523 1188 ;
547 1151 666 1182 debitas
681 1153 805 1183 tandem
817 1153 906 1184 dabis
928 1163 1033 1192 poenas
1048 1157 1134 1184 tanto
1148 1156 1311 1192 graviores
1326 1160 1438 1196 quanto
1455 1165 1609 1195 praesens,

150 1193 231 1232 quod
246 1196 315 1223 erat
331 1194 455 1232 malum,
470 1193 588 1224 diutius
600 1194 706 1232 fuerit
729 1195 860 1227 dilatum
872 1206 884 1233 ;
906 1196 993 1227 video
1007 1197 1133 1236 plagas,
1146 1197 1227 1228 ictus
1241 1198 1412 1233 verberam,
1428 1199 1479 1239 qui
1494 1201 1525 1229 te
1540 1209 1604 1230 mu-

150 1238 226 1265 nent
240 1235 272 1266 in
286 1236 354 1266 dies
366 1236 489 1276 augeri,
506 1237 567 1267 nisi
582 1237 640 1268 tibi
654 1239 797 1270 consulis.
831 1239 923 1269 Nunc
937 1240 1060 1270 domum
1074 1250 1120 1270 me
1134 1241 1299 1280 conferam,
1313 1245 1342 1272 et
1355 1241 1511 1272 Phanium
1524 1252 1605 1282 proe·

150 1278 286 1315 monebo,
308 1288 346 1309 ne
373 1279 433 1310 ullo
458 1281 545 1311 modo
565 1281 672 1312 credat
687 1281 907 1313 Phormionem
926 1282 1025 1322 ipsam
1040 1291 1167 1314 uxorem
1193 1284 1367 1321 ducturum,
1383 1295 1436 1316 nec
1451 1288 1607 1316 terreatur

150 1329 287 1352 sermone
301 1321 517 1364 Demiphoni-⁴1,
532 1326 562 1354 et
576 1323 743 1355 Sostratae.
765 1362 768 1366 .

758 1417 999 1433 eeeeeeeeeeee

147 1489 336 1522 Qnaestion.
363 1489 476 1522 Plaut.
492 1501 524 1532 p.
541 1494 594 1523 83.
612 1492 775 1533 probatus
793 1504 812 1525 a
830 1495 964 1527 Ruhnk.
980 1505 997 1525 o
1016 1495 1100 1526 Geta
1116 1494 1214 1526 Witt.
1231 1494 1274 1525 ibi
1290 1494 1447 1527 Guelf.3.
1460 1504 1608 1537 proenun-

147 1533 199 1563 eiu
223 1531 339 1564 Guelf.
356 1535 472 1565 1.-15
498 1535 581 1566 Mss.
599 1536 705 1575 varie,
725 1537 893 1568 Vorsuram
918 1543 954 1570 et
975 1538 1123 1570 Versum.
1168 1537 1246 1569 Hoc
1269 1538 1310 1569 ad
1335 1547 1470 1570 sensum
1495 1540 1607 1580 aptius

150 1575 288 1607 videtur
310 1576 497 1608 hominibus
522 1578 625 1609 etiam
652 1579 809 1611 eruditis.
853 1582 916 1612 Est
939 1586 1055 1612 autem
1080 1582 1088 1598 ‘
1106 1580 1259 1612 Vorsura
1283 1581 1441 1617 solvere,'
1459 1581 1609 1614 debitori

150 1618 337 1650 dissoivere
355 1620 499 1660 pecunia
515 1621 652 1652 aliunde
674 1621 796 1654 foenori
819 1629 973 1665 accepta,
990 1624 1037 1655 ita
1054 1628 1092 1655 ut
1116 1624 1266 1655 creditor
1288 1624 1424 1665 quidem
1441 1630 1607 1666 mutetur,

144 1662 212 1692 sed
236 1661 390 1694 debitum
417 1669 566 1695 maneat.
613 1664 685 1696 Cic.
712 1665 787 1697 Att.
805 1676 838 1698 v.
854 1670 905 1699 15.
949 1669 958 1685 ‘
975 1667 1026 1699 Ut
1049 1676 1182 1706 verear,
1197 1677 1239 1698 ne
1266 1667 1362 1707 illud,
1378 1668 1467 1709 quod
1493 1673 1608 1700 tecum

150 1705 356 1745 permutavi,
372 1715 512 1737 versura
534 1706 613 1737 mihi
636 1708 834 1740 solvendum
860 1710 926 1742 sit?
969 1710 1038 1741 Sed
1053 1711 1061 1727 ‘
1078 1719 1247 1741 versuram
1270 1709 1408 1741 facere'
1431 1715 1482 1742 est
1505 1721 1609 1751 pecu-

150 1747 240 1778 niam
256 1747 378 1779 foenori
394 1749 565 1790 accipere,
579 1756 732 1782 mutuum
749 1752 905 1792 accipere
922 1753 982 1784 snb
1006 1753 1125 1784 usuris.
1163 1753 1236 1784 Cic.
1254 1752 1330 1785 Att.
1348 1762 1383 1784 v.
1397 1756 1448 1784 21.
1493 1754 1502 1771 ‘
1514 1755 1609 1785 Sala-

148 1790 246 1821 minii
270 1801 347 1822 cum
379 1792 496 1823 Romae
524 1802 696 1825 versuram
719 1792 834 1826 facere
860 1797 1083 1836 vellent‚non
1111 1796 1293 1835 poterant!
1320 1796 1420 1828 West.
1469 1797 1609 1829 Vorsura

150 1833 265 1873 potius
291 1834 471 1874 legendum
495 1836 641 1876 septimo
664 1846 756 1877 casu,
779 1848 878 1878 quam
899 1849 1072 1875 vor-suram,
1088 1838 1154 1870 etsi
1180 1839 1310 1870 Budaeo
1335 1840 1436 1871 aliter
1460 1841 1606 1873 videtur.

151 1876 234 1908 Θου.
257 1875 373 1918 Aliqui
387 1878 581 1909 maluerunt
595 1889 721 1911 vorsum
735 1881 850 1912 solvis.-
874 1882 963 1922 quod
981 1882 1096 1913 nescio
1111 1891 1178 1923 qua
1206 1883 1337 1913 ratione
1354 1882 1512 1921 fecerint,
1531 1893 1608 1915 cum

149 1928 180 1950 ο.
198 1918 220 1951 l.
235 1929 261 1950 s.
277 1924 313 1951 et
328 1921 485 1952 Donatus
501 1921 829 1962 habeant‚vorsuram
841 1925 946 1957 solves.
971 1925 1029 1957 Fa.
1075 1925 1184 1956 Immo
1208 1930 1305 1957 certa
1321 1926 1451 1957 ratione
1467 1924 1609 1965 faciunt,

143 1961 207 2001 qui
222 1963 353 1994 malunt
374 1963 511 1995 Vorsura
533 1965 634 1997 solvis.
681 1965 831 2007 Resjam
849 1972 930 1999 nota
946 1972 1011 2008 est,
1027 1968 1180 1999 Salmasii
1197 1968 1364 2000 industria
1381 1975 1417 2001 et
1434 1970 1608 2001 Frederici

146 2004 328 2038 Gronovii.
374 2006 534 2038 Ceterum
560 2008 626 2039 duo
654 2018 697 2039 ex
723 2009 899 2041 codicibus
925 2011 1052 2042 nostris
1067 2020 1134 2042 non
1159 2011 1286 2043 habent
1312 2013 1407 2044 Geta.
1454 2013 1610 2054 Repono,

152 2046 332 2090 Quidfiet?
353 2049 387 2080 in
400 2051 505 2080 eodem
526 2050 653 2082 haesitas
676 2052 760 2083 luto.-
782 2063 912 2085 versura
935 2056 1052 2086 solves.-
1076 2055 1221 2085 Praesens
1243 2056 1321 2096 quod
1338 2055 1461 2093 suerat,
1476 2056 1510 2086 in
1525 2057 1609 2087 diem

147 2092 264 2122 malum
283 2091 384 2122 abiit.-
405 2093 508 2133 plagoe
522 2098 672 2125 crescunt.
698 2095 799 2127 Bent.
844 2106 943 2138 quem
961 2097 1115 2139 seqnitur
1136 2098 1238 2130 Both.
1266 2099 1404 2130 Vorsura
1419 2099 1511 2129 solvis
1528 2100 1607 2140 Bip.

150 2134 160 2149 ‘
185 2133 454 2166 Vorsuramsolvis
481 2136 567 2166 citat
595 2137 755 2170 Laetam.
771 2139 869 2170 n.9.'
894 2140 990 2172 Lind.
1023 2142 1031 2157 ‘
1049 2140 1089 2171 In
1117 2140 1320 2181 quibusdam
1347 2142 1426 2173 edd.
1451 2143 1538 2173 male
1562 2143 1609 2174 le-

150 2176 242 2216 gitur
255 2177 437 2209 versuram?
459 2179 500 2209 R.
518 2179 651 2211 D.-1o
673 2180 734 2212 Br.
757 2181 824 2213 abit
847 2192 923 2214 cum
948 2183 994 2224 gl.
1016 2183 1223 2227 crescit2—18
1248 2184 1406 2224 Guyetus
1423 2185 1511 2216 hunc
1534 2195 1607 2216 ver-

151 2228 225 2250 sum
253 2228 464 2261 expungens,
477 2222 621 2253 scenam
644 2224 822 2256 commodo
849 2226 945 2257 exitu
972 2226 1118 2258 mutilat.
1152 2226 1356 2264 Palmerius,
1384 2228 1474 2269 quod
1498 2228 1607 2260 Phor-

149 2262 218 2293 mio
234 2272 301 2294 non
316 2264 361 2294 sit
383 2265 587 2296 metuendus
603 2266 746 2304 Phanio,
763 2267 857 2308 legit,
875 2269 927 2299 Ne
949 2270 1024 2309 quid
1046 2272 1190 2300 vereatur
1213 2270 1440 2310 Phormionem,
1457 2274 1512 2302 aut
1526 2272 1609 2303 senis

148 2304 344 2343 orationem;
367 2316 428 2348 per
443 2317 545 2339 senem
567 2309 758 2349 intelligens
776 2311 1012 2352 Demiphonem.
1057 2312 1207 2343 Videtur
1228 2318 1342 2345 autem
1361 2314 1439 2353 Ejus
1456 2312 1606 2345 referen-

149 2347 232 2379 dum
253 2348 296 2379 ad
313 2349 578 2383 Nausistratam.
606 2352 707 2384 West.
753 2353 822 2386 Hic
837 2364 954 2386 versus
975 2355 1047 2395 jam
1064 2365 1082 2386 a
1097 2357 1225 2388 saeculo
1249 2366 1385 2388 crucem
1407 2357 1607 2398 interpreti-

149 2389 212 2420 bus
240 2390 329 2423 fixit.
374 2393 465 2426 Quid
495 2394 585 2425 enim
614 2394 783 2428 Phanium
814 2401 992 2429 vereretur
1018 2398 1248 2439 Phormionem,
1273 2400 1331 2441 qui
1362 2400 1394 2431 ei
1421 2405 1457 2431 et
1488 2400 1608 2431 marito

151 2433 373 2468 amicissimus
400 2441 488 2478 erat,
508 2441 544 2469 et
566 2438 762 2479 nuptiarum
791 2440 961 2481 inventor,
987 2441 1158 2483 inceptor,
1179 2441 1376 2484 perfector?
1421 2442 1514 2476 Quid
1543 2442 1609 2482 <ius

803 2537 947 2570 NOTAE

193 2609 236 2645 1.ss
264 2606 431 2640 Vorsuram
444 2609 556 2651 solves]
572 2610 613 2643 Id
630 2616 694 2653 est,
711 2612 744 2644 in
761 2614 852 2645 simi-
907 2613 1073 2646 ditionem
1103 2624 1197 2646 suam
1230 2614 1376 2647 faciunt.
1419 2616 1606 2648 Vorsuram

150 2656 175 2687 li
189 2658 388 2690 conditione
399 2661 609 2702 es,atqueii,
627 2663 684 2704 qui
695 2667 734 2695 ut
749 2674 851 2696 unam
905 2666 1022 2699 facere
1037 2667 1174 2708 dicitur,
1186 2668 1243 2709 qui
1255 2678 1301 2700 aes
1318 2669 1464 2700 alienum
1476 2678 1519 2701 ex
1536 2678 1606 2701 aere

151 2709 380 2750 syngrapham
429 2711 627 2753 dissolvant,
671 2715 850 2754 pecuniam
905 2718 1017 2749 alieno
1047 2718 1162 2758 solvit,
1194 2718 1284 2760 quod
1311 2720 1393 2751 nihil
1425 2720 1515 2752 alind
1542 2726 1608 2761 est,

151 2762 300 2790 mutuam
316 2760 438 2801 majori
455 2760 584 2794 foenore
608 2764 734 2795 iterum
760 2765 848 2796 acci·
905 2779 1006 2811 quam
1023 2774 1156 2802 vertere
1173 2770 1390 2808 creditorem,
1405 2777 1443 2804 et
1458 2777 1604 2804 mutare.

150 2808 271 2849 piunt:
295 2810 327 2841 in
344 2811 417 2843 dies
434 2813 526 2845 enim
551 2814 755 2847 deteriorem
772 2825 850 2848 con·
