1966 3302
564 214 789 245 EUNUcm
828 214 934 244 Aer.
971 214 1010 242 v.
1045 214 1114 244 sc.
1149 213 1221 244 ix.
1521 203 1603 244 537

148 309 239 352 PH.
273 308 399 351 Nihil
429 309 773 362 praetermissum
805 315 888 352 est.
930 308 997 351 Ite
1025 309 1124 351 hac.
1171 313 1210 349 Ω
1243 307 1339 349 Vos
1371 308 1530 357 valete,
1563 313 1606 349 et

316 376 530 431 plaudite.

574 455 874 486 CALLIOPIUS
908 455 1176 486 RECENSUI.

146 573 291 622 emissam
305 576 349 606 est
363 584 382 605 α
398 577 442 614 te,
457 575 495 606 de
513 574 682 606 Thrasonis
705 574 874 605 virtutibus
896 574 1026 606 scilicet.
1072 574 1125 606 Ita
1144 574 1202 605 hac
1224 584 1338 605 omnes.
1388 574 1447 605 Vos
1463 576 1558 607 valete
1575 579 1605 607 et

142 617 290 656 Plumae·
673 659 860 700 Calliopius
877 660 1046 691 recensui.

756 762 894 774 econ-ene
896 762 995 774 eeeee

145 829 268 861 Militis
297 830 492 870 convenire,
519 831 545 861 si
568 830 720 862 Atticam
748 830 955 871 elegantiam
984 830 1168 870 intelligas,
1204 839 1267 869 pro
1294 830 1411 870 lepore
1439 831 1603 862 sermonis

146 873 269 905 Attici.
292 873 351 905 Fa.
392 874 509 905 Nostri
526 883 640 905 omnes
652 874 858 914 eloquentiam
871 883 946 904 cum
963 874 1051 904 Edd.
1069 879 1152 904 vett.
1175 871 1273 904 Bent.
1308 873 1397 905 Pall.
1415 878 1503 905 teste
1521 875 1605 906 Par.

145 916 360 956 eloquentiam.
391 916 472 947 Itid.
493 916 577 948 GM.
622 917 662 947 In
688 917 762 947 GC.
781 915 871 946 fallit
901 916 1085 957 scriptura.
1111 917 1197 947 Perl.
1245 916 1296 946 Ex
1328 917 1475 957 antiquis
1501 917 1603 949 codd.

148 959 277 989 rectius
291 958 396 990 suasit
413 958 534 990 Fae'rn.
558 959 757 998 elegantiam.
778 959 857 998 Bip.
889 959 1109 998 Eloquentiam
1126 959 1185 989 ΒΓ.
1219 959 1312 989 Vobis
1328 959 1360 989 in
1374 959 1428 989 hoc
1441 969 1503 990 esse
1523 961 1603 1000 Bip.

146 1000 274 1041 Delph.
320 1002 396 1032 Esse
418 1011 480 1042 pro
496 1002 594 1033 inesse
618 1002 721 1032 Bent.
745 1002 784 1032 Z.
810 1001 911 1033 Both.
939 1002 1120 1032 Fert—64
1146 1001 1212 1033 Ms.
1240 1001 1336 1042 Lips.
1368 1002 1463 1032 Nihil
1485 1007 1605 1042 proeter

144 1044 328 1084 promissum
349 1048 397 1075 est
411 1053 468 1076 cio
489 1055 541 1075 vos
556 1046 653 1076 valete
673 1044 828 1085 plaudite.
878 1044 1049 1085 Calliopius
1066 1045 1215 1075 recensui.
1261 1044 1480 1075 Leidensium
1497 1055 1602 1076 unus:

145 1097 236 1117 ωυοε
251 1087 360 1118 valete.
405 1088 489 1118 Mss.
508 1087 643 1128 plurimi
669 1088 801 1128 legunt,
825 1091 863 1118 ut
890 1086 993 1117 edidi.
1040 1087 1076 1118 Si
1105 1097 1180 1118 curn
1210 1087 1347 1118 Murem
1378 1092 1414 1118 et
1438 1088 1605 1119 Fabriciis

144 1129 252 1169 legas,
276 1129 369 1160 Nihil
381 1134 497 1170 praeter
510 1130 692 1170 promissum
707 1133 764 1168 est,
789 1129 952 1160 Phaedria
968 1139 1031 1169 per
1049 1130 1167 1170 jocum
1194 1128 1411 1161 confirmabit
1435 1130 1482 1168 id,
1511 1131 1603 1172 quod

146 1172 188 1202 de
203 1172 378 1203 Thrasone
395 1172 530 1203 dixerat
546 1173 695 1204 Gnatho.
725 1173 839 1213 Atque
856 1173 905 1203 ita
922 1172 1108 1203 ediderunt
1122 1173 1251 1211 Juntae,
1264 1173 1318 1204 Fr.
1335 1173 1602 1213 Raphelengius,

146 1215 213 1245 alii.
259 1215 308 1246 lte
321 1215 398 1245 hac:
423 1215 496 1247 ΕΡ.
520 1216 571 1246 Ite
585 1216 653 1246 hac.
669 1228 692 1245 ω
708 1225 759 1246 vos
768 1216 866 1246 valete
879 1216 1031 1255 plaudite.
1077 1215 1177 1248 Quod
1192 1224 1272 1246 vero
1296 1216 1329 1246 in
1347 1216 1546 1257 quibusdam
1565 1217 1605 1248 li-

147 1257 216 1288 bris
240 1257 424 1297 legeretur,
446 1258 496 1289 Ite
519 1259 576 1289 hac
600 1268 617 1288 o
637 1268 691 1289 vos
714 1259 814 1289 valete
835 1261 865 1289 et
879 1258 1029 1299 plaudite,
1045 1258 1124 1289 inde
1141 1263 1258 1289 natum
1275 1264 1428 1289 autumat
1445 1259 1488 1291 G.
1500 1260 1537 1291 F.
1554 1260 1604 1291 Ite

145 1300 328 1338 lmeomnes,
354 1301 441 1341 quod
458 1301 559 1332 estin
577 1301 775 1342 quibusdam
800 1301 886 1332 Mss.
911 1305 946 1332 et
973 1301 1086 1333 editis.
1115 1301 1213 1333 West.
1261 1301 1305 1332 G.
1333 1302 1390 1332 illa
1412 1302 1421 1318 ‘
1439 1301 1493 1332 Ite
1518 1302 1603 1333 hac'

147 1342 318 1374 Gnathoni
334 1343 454 1374 tribuit
473 1354 483 1382 3
503 1344 512 1359 ‘
527 1343 587 1374 sed
605 1348 641 1374 et
658 1345 726 1375 ET.
743 1344 826 1375 EM.
851 1344 889 1374 Id
905 1345 937 1374 in
960 1343 1043 1375 Add.
1067 1344 1162 1375 Nihil
1186 1344 1430 1384 prcetermz'ssum
1449 1347 1506 1376 est.
1553 1345 1604 1377 Ite

145 1386 203 1417 hac
227 1395 340 1417 omneS.
392 1385 454 1417 Vos
466 1387 563 1417 valete
578 1389 609 1418 et
624 1386 780 1427 plaudite]
806 1387 926 1418 Nullus
951 1387 1087 1418 omnino
1118 1386 1204 1418 liber
1228 1387 1376 1427 scriptus
1396 1387 1500 1418 habet
1530 1387 1603 1419 dic-

147 1429 275 1459 tionem
297 1438 398 1459 omnes
413 1439 426 1465 ;
449 1439 516 1470 qua
529 1429 658 1469 demta,
681 1439 745 1460 non
763 1435 833 1460 stat
848 1439 978 1460 versus.
1023 1429 1165 1470 Antiqui
1182 1439 1297 1461 omnes
1314 1430 1400 1461 hanc
1424 1430 1604 1462 continent

145 1471 342 1511 lectionem,
366 1471 459 1503 Nihil
482 1475 597 1513 proeter
615 1473 802 1512 promissum
823 1475 878 1503 est.
923 1472 975 1503 Ite
1001 1472 1069 1504 hae.
1119 1472 1180 1504 Vos
1195 1473 1294 1504 valete
1309 1476 1338 1504 et
1353 1473 1513 1513 plaudz‘te:
1537 1484 1603 1515 quo

144 1513 281 1555 quidem
295 1513 395 1545 modo
412 1524 528 1546 versus
545 1518 722 1546 contracta
738 1515 891 1546 dictione
914 1516 923 1532 ‘
940 1515 1035 1546 Nihil
1047 1515 1056 1528 ’
1081 1514 1113 1545 in
1129 1525 1229 1546 unam
1253 1515 1431 1556 syllabam,
1453 1516 1603 1557 optimus

145 1562 201 1588 est
218 1557 423 1588 trochaicus.
439 1558 554 1597 Nunc,
568 1558 625 1599 qui
636 1559 679 1588 sit
692 1558 808 1589 horum
827 1558 1005 1589 verborum
1023 1568 1155 1598 sensus,
1169 1558 1352 1590 videndum
1371 1564 1423 1590 est
1438 1569 1446 1590 ε
1472 1564 1603 1600 etputo

145 1600 234 1631 hunc
250 1604 389 1639 esse‚ut
404 1600 628 1641 interroganti
646 1600 834 1638 Gnathoni,
857 1602 866 1618 ‘
881 1600 988 1631 Dixin
1006 1610 1068 1640 ego
1084 1601 1119 1632 in
1136 1601 1198 1632 hoc
1225 1611 1299 1632 esse
1325 1601 1418 1633 vobis
1446 1601 1602 1635 Atticam

146 1642 378 1683 elegantiam,'
400 1643 475 1683 plus
497 1643 704 1684 respondeat
720 1643 896 1683 Phaedria,
913 1644 1072 1683 dicendo,
1095 1644 1190 1675 Nihil
1208 1647 1326 1684 praeter
1345 1645 1531 1685 promissum
1543 1651 1602 1685 est,

146 1695 246 1726 quam
264 1685 291 1716 si
308 1686 545 1726 responderet,
565 1686 574 1703 ‘
590 1686 717 1717 Dixisti
731 1686 752 1718 :’
778 1687 923 1718 dicendo
939 1687 1029 1717 enim
1044 1687 1126 1717 nihil
1137 1692 1255 1727 praeter
1266 1687 1452 1728 promissum
1478 1693 1536 1729 est,
1565 1695 1602 1720 et

146 1728 363 1760 Gnathonem
392 1729 596 1769 promisisse,
626 1734 662 1760 et
689 1729 896 1760 Thrasonem
919 1734 1085 1770 praestare
1117 1729 1307 1770 significat:
1342 1731 1369 1761 si
1399 1731 1487 1761 enim
1518 1732 1601 1763 nihil

146 1777 274 1811 praeter
300 1771 498 1811 promIssum
523 1777 589 1810 est,
613 1781 696 1813 ergo
726 1773 840 1803 omnia
867 1777 947 1804 sunt
974 1778 1011 1803 ut
1035 1773 1202 1813 promissa
1226 1777 1317 1804 sunt.
1362 1774 1449 1805 Sane
1466 1774 1601 1807 inlibro

145 1813 346 1845 Victoriano
364 1815 540 1855 antiquum
555 1815 721 1855 glossema
745 1815 778 1845 in
805 1815 955 1855 margine
980 1815 1163 1855 ascriptum
1188 1820 1240 1847 est
1265 1816 1299 1846 in
1326 1816 1415 1848 hunc
1442 1817 1600 1850 modum:

148 1856 274 1888 Omnia
289 1857 454 1897 promisso
472 1863 529 1888 tuo
545 1857 766 1899 respondent,
782 1862 818 1889 et
834 1858 915 1889 nihil
929 1864 1029 1889 extra
1046 1858 1128 1889 illud
1142 1862 1205 1890 est.
1232 1859 1386 1892 Faernus.
1415 1860 1601 1892 Veterrimi

146 1909 189 1930 ex
204 1900 329 1931 nostris
347 1900 462 1936 etiam,
487 1900 581 1931 Nihil
599 1904 719 1941 proeter
730 1902 916 1942 promissum
927 1905 983 1932 est.
1002 1902 1104 1932 Bent.
1139 1902 1189 1932 Ite
1204 1901 1276 1941 hac]
1301 1902 1339 1932 L.
1357 1902 1462 1943 antiq.
1487 1913 1600 1935 omnes.

145 1942 216 1974 Sed
229 1943 338 1973 nullus
353 1942 413 1974 lib.
437 1943 556 1984 script.
579 1944 612 1974 id
629 1944 720 1985 quod
749 1944 809 1976 Fa.
833 1948 963 1982 monet,
988 1944 1065 1975 hab.
1090 1954 1204 1975 omnes.
1250 1944 1367 1975 Habet
1395 1949 1507 1976 autem
1524 1946 1599 1978 GC.

146 1995 246 2025 quem
262 1985 318 2016 ille
341 1995 406 2016 non
423 1985 521 2017 vidit.
565 1986 653 2017 Post
677 1996 795 2018 vocem
819 1986 925 2018 ‘hac’
950 1987 1106 2028 sequitur
1132 1987 1165 2017 in
1189 1987 1273 2018 GM.
1303 1997 1364 2027 pro
1396 1988 1528 2025 glossa:
1555 1990 1598 2020 ad

145 2029 280 2059 domum
296 2028 409 2068 illius3
432 2033 468 2060 et
484 2029 517 2059 in
535 2032 698 2060 contextu
714 2029 845 2070 signum
863 2034 921 2060 aut
942 2030 992 2061 lit.
1037 2030 1076 2060 In
1095 2029 1181 2061 GM.
1197 2034 1232 2061 et
1249 2030 1366 2061 Guelf.
1390 2033 1422 2062 2,
1443 2033 1474 2061 3.
1497 2030 1598 2063 finem

145 2071 277 2101 faciunt
292 2071 422 2102 verba:
449 2072 623 2112 Calliopius
649 2073 796 2104 recensui.
822 2072 915 2104 Perl.
960 2073 1087 2104 Proeter
1111 2072 1252 2112 missum]
1285 2073 1378 2104 Edit.
1403 2075 1600 2115 promissum,

146 2113 314 2154 probante
329 2114 434 2144 Bent.
451 2119 485 2145 et
502 2115 550 2146 sic
567 2115 669 2145 etiam
688 2115 720 2145 in
738 2115 804 2147 Ms.
821 2124 840 2145 a
855 2125 908 2155 pr.
929 2125 975 2148 m.
999 2115 1090 2155 quod
1118 2125 1298 2154 perperam
1320 2121 1510 2147 correctum
1532 2124 1599 2150 est.

145 2157 266 2187 Bruns.
310 2155 451 2187 Omittit
468 2157 528 2187 Br.
552 2161 594 2195 et,
616 2162 651 2188 et
668 2157 716 2188 ita
731 2158 897 2189 Fabulam
921 2157 1074 2189 claudit;
1103 2158 1241 2188 Terentii
1258 2158 1335 2195 Afri
1362 2159 1529 2190 Eunuchus
1542 2171 1598 2191 esi:-

142 2199 233 2239 plicit
245 2209 256 2229 .·
275 2199 447 2239 Calliopius
459 2201 625 2230 recensuit.
652 2200 776 2231 Praeter
786 2201 972 2240 promissum
987 2201 1070 2232 dant
1084 2200 1186 2232 Bent.
1200 2201 1238 2233 Z.
1256 2201 1339 2243 Bip.
1355 2201 1457 2234 Both.
1471 2202 1597 2244 Delph.

146 2245 172 2273 Ω
188 2251 256 2273 nou
269 2241 398 2274 habent
412 2242 515 2274 Bent.
532 2242 611 2284 Bip.
630 2242 730 2273 Both.
748 2243 840 2274 Perl.
857 2243 984 2284 Delph.

669 2407 801 2439 1³¹1le
833 2409 1076 2440 EUNUcffl.
