1966 3302
498 255 811 288 memnonis
845 254 954 286 AcT.
989 255 1032 284 v.
1065 254 1133 286 sc.
1167 255 1274 285 vm.
1500 245 1612 286 1043

155 350 336 397 Redeat
355 363 461 393 sane
479 351 522 392 in
543 351 755 405 gratiam:
782 350 876 404 jam
900 349 1112 404 supplicii
1134 350 1246 391 satis
1263 353 1334 390 est
1353 349 1481 390 mihi:
1556 350 1613 391 40

155 421 313 463 Habet
331 419 442 469 haec,
460 419 502 460 ei
521 419 657 472 quod,
679 419 783 460 dum
801 419 938 467 vivat,
953 430 1090 471 usque
1113 418 1168 458 ad
1190 430 1339 458 aurem
1360 417 1612 470 obganniat.

154 487 288 530 NAU.
310 486 384 528 An
403 499 502 527 meo
522 486 692 536 merito,
713 485 870 527 credo:
894 484 1000 538 quid
1023 497 1104 538 ego
1125 497 1240 525 nunc
1258 496 1611 533 commemorem,

326 553 567 607 Demipho,
982 591 991 597 ,

157 618 436 673 Singillatim,
460 620 607 673 qualis
629 632 711 673 ego
744 619 790 660 in
824 619 939 660 hunc
960 618 1154 660 fuerim?
1217 618 1307 658 DE.
1340 616 1463 658 Novi
1486 629 1612 671 aeque

326 687 478 728 omnia

153 752 338 796 Tecum.
398 754 531 796 NAU.
564 753 770 795 Meriton’
804 753 889 794 hoc
921 765 1020 795 meo
1054 751 1228 794 videtur
1259 752 1461 794 factum?
1523 753 1612 793 DE.

332 820 517 862 Minime
535 820 751 874 gentium3

153 887 336 938 Verum,
358 887 537 941 quando
549 886 646 940 jam
669 888 924 928 accusando
949 887 1042 929 fieri
1063 887 1275 929 infectum
1296 900 1385 928 non
1406 891 1571 940 potest,

154 954 374 1008 Ignosce:
406 957 525 1007 orat3
548 954 805 1006 confitetur3
837 959 1020 1008 purgat:
1053 955 1161 1008 quid
1182 955 1250 996 vis
1272 955 1497 1007 amplius?
1557 955 1613 996 46

86 1039 90 1041 ⁴
153 1021 315 1064 PHoR.
337 1021 574 1063 Enimvero
596 1022 721 1075 prius
737 1035 870 1076 quam
890 1022 988 1064 haec
1009 1022 1086 1064 dat
1105 1022 1296 1072 veniam,
1312 1021 1419 1063 mihi
1437 1022 1614 1077 prospi—

327 1090 442 1131 ciam
464 1094 511 1130 et
532 1088 767 1131 Phaedriae.

150 1206 234 1229 nunc
247 1197 283 1230 in
295 1199 454 1238 gratiam:
467 1197 538 1236 jam
552 1198 631 1230 satis
646 1199 711 1230 hoec
725 1198 803 1230 ultio
819 1198 897 1230 mihi
911 1199 1036 1240 sufficit.
1084 1199 1192 1230 Habet
1218 1210 1238 1229 a
1253 1209 1300 1230 me
1324 1199 1390 1229 haec
1408 1196 1616 1229 Nausistrata

152 1241 234 1281 quod
248 1241 288 1281 ei,
303 1241 375 1273 dum
391 1240 487 1272 stabit
507 1242 542 1273 in
564 1242 642 1277 vita,
664 1242 704 1273 ad
727 1251 833 1273 aurem
856 1242 974 1272 oceinat
1002 1245 1032 1272 et
1058 1241 1275 1272 obmurmuret.
1321 1242 1391 1272 NA.
1415 1242 1467 1272 An
1484 1241 1530 1271 ita
1543 1242 1616 1279 sor-

150 1287 234 1314 tasse
246 1285 283 1314 de
306 1294 340 1314 eo
361 1294 544 1322 merueram,
568 1288 603 1315 ut
624 1284 668 1315 sic
690 1294 808 1315 mecum
830 1284 961 1324 ageret!
984 1285 1072 1315 credo
1088 1294 1169 1315 vero.
1217 1285 1303 1319 Quid
1317 1294 1397 1314 nunc
1413 1293 1468 1323 ego
1482 1284 1618 1314 minuta-

152 1325 213 1357 tim
234 1325 294 1356 tibi
317 1337 456 1366 narrem,
477 1328 596 1367 qualem
618 1337 675 1366 ego
702 1337 776 1365 erga
801 1336 869 1356 eum
890 1337 938 1358 nze
964 1327 1138 1366 gesserim?
1182 1327 1249 1357 DE.
1274 1326 1377 1357 Probe
1392 1326 1424 1356 id
1439 1326 1501 1357 scio
1518 1330 1616 1357 tecum

148 1368 285 1409 pariter.
326 1370 396 1401 NA.
420 1369 473 1400 An
489 1370 547 1400 tibi
559 1369 665 1400 videor
680 1369 777 1407 digna
785 1368 890 1406 fuisse
906 1370 962 1400 hac
977 1370 1184 1400 contumelia?
1216 1370 1284 1400 DE.
1310 1369 1445 1400 Minime
1460 1371 1615 1400 omnium:
1655 1396 1657 1399 .

150 1420 258 1442 verum
278 1421 347 1442 cum
371 1412 437 1442 haec
461 1413 546 1443 illius
573 1413 673 1452 culpa,
688 1411 959 1442 criminationibus
981 1416 1011 1442 et
1026 1412 1285 1451 increpationibus
1298 1412 1427 1450 infecta,
1445 1413 1534 1442 reddi
1557 1422 1617 1442 mm

147 1457 262 1494 potest,
276 1455 410 1485 condona
426 1454 486 1485 illi.
533 1454 695 1494 obsecrat,
717 1454 882 1495 confitetur
906 1464 937 1485 se
958 1455 1132 1494 deliquisse,
1156 1455 1292 1493 postulat
1307 1458 1341 1484 ut
1355 1464 1442 1484 suam
1454 1455 1617 1494 purgatio·

151 1505 233 1535 nem,
246 1499 277 1527 et
291 1496 532 1535 satisfactionem
546 1497 689 1537 accipias.
738 1497 823 1531 Quid
838 1497 942 1536 exigis
955 1497 1088 1536 amplius
1101 1500 1113 1527 ἲ
1158 1497 1231 1528 ΡΗ.
1256 1497 1422 1535 Equidem,
1435 1497 1617 1537 priusquam

152 1537 219 1570 hoec
233 1549 265 1571 se
279 1539 437 1579 ignoscere
450 1539 565 1571 marito
579 1541 701 1580 culpam
713 1540 905 1580 pronuntiet,
919 1539 997 1570 mihi
1010 1541 1245 1580 praecavendmn
1259 1542 1290 1570 et
1305 1539 1475 1571 Pliaeclrioe.
1515 1540 1618 1580 Heus,

764 1633 1001 1647 eeeeeeeeeeee

153 1707 230 1730 cnm
245 1699 378 1731 Danais
394 1709 466 1732 rem
486 1699 577 1740 faxo,
591 1703 627 1731 et
650 1699 741 1740 pube
764 1700 923 1739 Pelasga,
940 1701 1025 1731 Esse
1049 1703 1150 1741 putet
1166 1700 1187 1739 ;’
1210 1700 1257 1733 ita
1286 1701 1410 1733 rationi
1429 1712 1542 1735 versus
1566 1702 1616 1735 in-

152 1743 350 1774 commoda:
376 1752 454 1774 nam
478 1743 538 1774 nisi
558 1753 600 1774 ex
623 1746 776 1773 mactatus
790 1753 805 1773 s
822 1742 981 1782 elidatur,
995 1748 1087 1774 stare
1111 1753 1179 1775 non
1203 1748 1340 1784 potest:
1366 1755 1426 1775 nos
1445 1755 1526 1785 ergo
1544 1748 1615 1777 vul-

152 1788 270 1824 gatam
296 1794 487 1826 sequemur,
503 1790 541 1817 ut
563 1787 735 1816 Donatus.
755 1785 816 1816 Fu.
860 1785 955 1816 Unus
984 1796 1118 1827 quoque
1140 1797 1181 1817 ex
1200 1787 1338 1818 Nostris
1362 1797 1438 1818 cum
1463 1788 1526 1819 Ed.
1545 1795 1615 1820 vet.

152 1826 244 1857 Faxo
260 1828 320 1858 tali
339 1828 383 1858 sit
399 1831 565 1860 mactatus.
607 1827 722 1859 Ceteri
737 1827 822 1867 fere,
838 1827 928 1858 Faxo
944 1829 1003 1860 tali
1018 1839 1086 1859 eum
1102 1833 1281 1861 mactatum.
1319 1831 1413 1871 Lege
1435 1841 1477 1862 ex
1495 1832 1617 1863 codice

151 1867 278 1909 Regio,
293 1870 385 1901 Faxo
407 1880 481 1901 eum
506 1872 566 1901 tali
588 1874 757 1901 mactatum
782 1873 874 1910 atque
898 1871 946 1901 hic
973 1874 1018 1902 est
1047 1872 1228 1908 infortunio.
1273 1872 1401 1905 Heaut.
1426 1883 1468 1904 11.
1484 1876 1515 1905 3.
1541 1878 1614 1906 100.

153 1910 164 1927 ‘
179 1910 390 1952 Ademptum
407 1912 554 1952 tibijam
582 1912 662 1944 faxo
683 1922 817 1944 omnem
835 1913 987 1944 metum.’
1012 1915 1108 1946 Bent.
1148 1915 1201 1946 Sit
1223 1919 1378 1946 mactatus
1399 1916 1479 1956 Bip.
1504 1918 1513 1934 ‘
1533 1918 1614 1948 For-

151 1956 247 1985 tasse
263 1955 391 1986 rectius
407 1955 457 1987 hic
477 1955 650 1994 infortunio
665 1955 736 1986 est!
760 1956 867 1986 West.
892 1956 959 1986 Hic
975 1957 1122 1988 Chremes
1137 1961 1183 1988 est
1199 1958 1272 1989 ΕΡ.
1290 1962 1325 1989 et
1342 1967 1423 1989 sane
1440 1959 1499 1990 ΒΓ.
1521 1960 1618 1991 Chre-

152 2005 218 2027 mes
232 2006 251 2027 e
266 1997 400 2036 g1.-41
424 1998 506 2028 Hoec
527 1998 618 2029 habet
633 1998 738 2030 Both.
754 1998 882 2029 tacite:
907 2000 972 2038 eJ'us
989 1999 1106 2031 Guelf.
1126 2003 1245 2043 2.‡-42
1268 2001 1313 2031 At
1330 2011 1394 2032 meo
1417 2002 1519 2032 Bent.
1535 2003 1616 2043 Bip.

152 2038 196 2070 Z.
211 2039 314 2070 Both.
341 2040 437 2071 Peri.
475 2040 573 2071 Rem.
599 2044 635 2070 et
658 2041 735 2071 Bas.
759 2047 840 2071 nunc
863 2051 916 2072 ea:
942 2042 991 2072 ita
1007 2043 1225 2073 emendatum
1247 2047 1300 2074 est
1327 2048 1364 2074 et
1385 2044 1419 2074 in
1435 2045 1527 2075 Vict.
1556 2046 1614 2077 Fa.

152 2080 247 2112 Dele
276 2091 312 2112 ea
340 2091 416 2113 cum
444 2082 554 2113 tribus
582 2081 732 2121 Nostris,
758 2088 794 2113 et
821 2093 920 2114 versu
948 2085 1085 2116 volente
1109 2090 1145 2116 et
1174 2086 1358 2117 sententia.
1384 2087 1480 2118 Bene.
1507 2087 1554 2118 At
1579 2099 1616 2119 ea

152 2123 283 2155 retinet
301 2124 381 2164 Bip.
396 2125 455 2156 ΒΓ.
474 2133 702 2155 commemorem
728 2124 788 2155 tibi
813 2126 935 2156 omisso
962 2127 1117 2167 Demipho
1145 2127 1259 2158 Guelf.
1276 2131 1392 2159 2.-43
1417 2129 1616 2168 Singillatim

152 2165 233 2197 Bas.
249 2170 285 2198 et
300 2167 393 2198 Vict.
411 2171 448 2198 at
471 2167 570 2199 Bem.
599 2171 635 2198 et
662 2167 766 2209 aliqui
794 2168 852 2198 alii
878 2169 1081 2207 singulatim.-
1107 2180 1223 2200 omnes
1246 2180 1328 2201 vero
1350 2171 1420 2210 iili3
1445 2173 1544 2212 qualis
1558 2183 1614 2213 ego

152 2207 189 2239 in
211 2208 443 2248 huncsuerz‘m:
465 2214 501 2240 et
525 2210 709 2248 singulatim
739 2209 879 2250 quidem
906 2221 1022 2241 versus
1048 2212 1214 2251 admittit,
1238 2213 1328 2244 sicut
1352 2218 1388 2244 et
1416 2215 1615 2255 singillatim,

153 2260 342 2291 pronomen
359 2262 441 2283 vero
467 2262 523 2291 ego
550 2253 650 2282 etiam
679 2252 800 2292 exigit.
825 2253 884 2284 Fa.
929 2253 1124 2292 Singulatim
1150 2255 1216 2286 duo
1245 2255 1386 2294 Nostri3
1409 2267 1465 2295 ego
1487 2258 1519 2287 in
1534 2258 1615 2290 hunc

154 2302 283 2326 omnes.
308 2294 405 2326 Bent.
449 2294 495 2325 At
523 2295 556 2324 in
571 2295 672 2326 istunc
688 2295 790 2326 Both.
806 2296 923 2326 tacite.
945 2297 1046 2336 qualis
1059 2297 1091 2327 in
1107 2298 1200 2328 istum
1231 2298 1310 2329 hunc
1333 2298 1534 2330 (inem—44
1560 2301 1615 2332 Ita

153 2335 236 2367 Bas.
253 2340 290 2368 et
306 2337 400 2368 Vict.
417 2341 453 2368 at
468 2337 572 2378 aliqui
588 2338 678 2376 libri,
695 2342 730 2368 et
747 2338 779 2367 in
798 2337 837 2368 iis
852 2339 949 2370 Bem.
966 2339 1076 2370 merito
1092 2340 1147 2370 hoc
1162 2350 1238 2375 meo,
1255 2350 1318 2372 nec
1336 2342 1435 2372 aliter
1451 2347 1521 2374 stat
1540 2353 1613 2374 ver-

157 2388 237 2410 sus:
258 2379 294 2410 in
310 2389 377 2420 quo
394 2379 497 2411 etiam
521 2389 586 2410 meo
607 2380 858 2420 monosyllabon
874 2385 937 2411 est.
962 2382 1021 2413 Fa.
1068 2382 1179 2413 Etiam
1205 2383 1324 2414 Nostri
1347 2384 1475 2424 aliquot
1493 2387 1614 2418 merito.

154 2420 260 2453 Bent.
283 2422 402 2454 Merito
419 2422 499 2463 Bip.
513 2422 704 2454 Boon—46
728 2422 856 2462 Ignosce
881 2425 983 2454 oranti
999 2424 1096 2456 Witt.
1133 2425 1218 2456 Mox
1241 2426 1290 2456 vis
1305 2427 1435 2458 omittit
1452 2428 1611 2460 Biz-47

813 2519 955 2551 NOTAE

157 2585 300 2619 verbum
327 2589 381 2619 est
406 2590 552 2618 sumtum
581 2597 600 2618 a
626 2587 743 2620 sacris.
772 2589 858 2621 Dic·
913 2599 1015 2631 super
1030 2600 1105 2622 eam
1120 2591 1315 2623 fundebant
1334 2593 1447 2632 3unde
1464 2598 1610 2628 maetam

159 2642 231 2669 tum
250 2640 387 2677 putant,
418 2637 527 2678 quasi,
554 2638 658 2678 magis
687 2642 799 2675 aucto,
823 2639 858 2670 id
911 2640 1001 2671 illam
1019 2641 1192 2678 dicebant,
1218 2642 1313 2683 quasi
1342 2643 1448 2684 magis
1465 2650 1610 2678 auctam.

157 2690 223 2727 est,
251 2696 384 2728 augeo3
417 2697 495 2719 nani
535 2688 729 2730 priusquam
760 2690 859 2722 victi·
912 2690 1068 2722 Mactare
1084 2697 1204 2728 morte,
1219 2693 1400 2734 supplicio,
1413 2694 1608 2736 damno,in-

159 2745 249 2768 mam
292 2737 518 2776 immolarent,
547 2739 624 2771 thus
657 2744 714 2771 aut
743 2740 858 2774 vinum
912 2738 1075 2784 fortunio,
1091 2742 1215 2775 dicitur
1228 2754 1288 2786 per
1300 2746 1543 2787 metaphoram.
