1966 3302
476 219 894 250 HEAUTONTmoR.
924 219 1034 250 Ac'r.
1068 219 1133 249 1v.
1165 219 1233 250 sc.
1267 221 1298 251 1.
1523 211 1610 254 615

158 315 228 357 De
249 315 359 357 illa?
417 314 497 356 So.
527 314 724 367 Nescio;
755 315 842 356 nisi
862 320 912 356 ut
931 327 990 356 ex
1011 315 1111 369 ipsa
1133 327 1324 369 quaeraS,
1352 314 1467 357 unde
1495 316 1609 359 hunc

328 383 547 432 habuerit,
1551 385 1609 425 45

156 452 204 493 Si
226 452 342 507 potis
362 455 430 492 est
448 450 643 504 reperiri.
703 451 787 492 ΞΥ.
819 451 1005 493 Interii!
1035 450 1135 505 plus
1167 450 1263 504 spei
1296 449 1441 500 video,
1474 463 1607 504 quam

324 518 444 560 volo.

155 586 321 629 Nostra
339 592 422 637 est,
445 587 508 627 ita
538 585 575 626 si
597 590 679 626 est·
739 585 828 626 CH.
860 585 1045 626 Vivitne
1078 584 1170 635 illa,
1204 585 1279 626 cui
1311 590 1358 626 tu
1388 584 1605 626 dederas?

326 654 404 695 So.
444 653 625 694 Nescio.

155 721 243 762 CH.
275 719 398 771 Quid
414 720 680 761 renuntiavit
693 720 830 761 olim?
875 720 951 761 So.
976 719 1215 761 Fecisseid
1234 720 1352 773 quod
1367 719 1607 773 jusseram.

153 788 243 831 CH.
277 789 456 831 Nomen
473 789 669 830 mulieris
682 788 792 830 cedo
807 789 928 843 quod
944 789 1018 838 sit,
1035 791 1082 829 ut
1102 792 1337 842 quaeratur.
1384 788 1463 829 So.
1486 788 1607 829 Phil-

325 861 427 898 tere.

152 925 236 968 SY.
265 925 374 980 Ipsa
391 929 484 966 est:
515 924 672 965 mirum
701 924 744 965 ni
779 925 854 966 illa
885 924 1011 966 salva
1042 926 1127 974 est,
1154 926 1197 964 et
1219 935 1300 976 ego
1327 922 1454 976 perii.
1516 923 1606 965 CH.

323 992 542 1042 Sostrata,
1550 992 1606 1033 50

152 1059 346 1114 Sequere
364 1072 435 1100 me
455 1059 568 1100 intro
588 1057 686 1099 hac.
747 1057 826 1099 So.
860 1057 921 1099 Ut
940 1061 1101 1112 praeter
1123 1071 1248 1112 spem
1269 1057 1442 1100 evenit!
1474 1071 1606 1113 quam

322 1125 450 1167 timui
475 1126 607 1174 male,

151 1257 281 1298 Nescio,
293 1257 357 1288 nisi
370 1260 404 1288 ut
413 1256 559 1297 exquiras
574 1256 612 1287 ab
626 1267 661 1288 ea
676 1257 755 1288 unde
770 1256 920 1297 acceperit
932 1256 1010 1288 hunc
1025 1257 1184 1295 annulum,
1206 1257 1233 1287 si
1248 1257 1283 1288 id
1305 1260 1407 1298 potest
1422 1256 1510 1287 sciri.
1543 1255 1606 1287 SY.

155 1300 278 1339 Occidi,
314 1300 401 1331 video
427 1301 499 1340 plus
529 1309 593 1330 esse
620 1300 700 1340 spei,
731 1301 768 1330 de
801 1299 962 1339 agnitione
977 1300 1072 1341 filice,
1103 1310 1193 1340 quam
1220 1301 1298 1331 volo.
1345 1300 1384 1330 Si
1412 1301 1461 1330 ita
1488 1302 1547 1337 est,
1572 1302 1606 1329 ut

150 1343 248 1381 refert
272 1342 429 1382 Sostrata,
450 1343 514 1373 haec
536 1343 760 1373 adolescentula
783 1347 830 1373 est
853 1344 889 1373 de
916 1346 1024 1373 nostra
1039 1342 1181 1381 familia.
1229 1343 1297 1374 CH.
1326 1342 1452 1374 Vivitne
1463 1343 1518 1372 illa
1528 1351 1608 1372 anus

150 1385 250 1416 cuitu
272 1386 448 1416 tradideras
464 1385 569 1426 filiam
595 1384 707 1417 tuam?
750 1385 809 1417 So.
835 1385 962 1416 Nescio.
1008 1386 1076 1417 CH.
1102 1385 1187 1420 Quid
1208 1385 1266 1416 illa
1291 1386 1400 1416 retulit
1427 1385 1486 1416 tibi
1511 1393 1606 1424 quon-

150 1429 221 1459 dam
246 1439 279 1459 se
293 1428 422 1468 secisse,
439 1431 600 1468 postquam
617 1427 645 1459 ei
660 1428 789 1458 dederas
803 1428 909 1469 filiam
932 1426 1170 1468 exponendam?
1215 1429 1274 1459 So.
1299 1428 1423 1459 Retulit
1438 1437 1470 1458 se
1488 1427 1605 1464 secisse

150 1471 184 1501 id
210 1473 288 1511 quod
307 1471 476 1510 jusseram,
504 1471 631 1509 scilicet,
663 1480 695 1502 se
724 1471 855 1511 puellam
883 1471 1070 1511 exposuisse.
1123 1471 1193 1502 Cn.
1230 1471 1296 1502 Dic
1317 1472 1396 1510 quod
1426 1470 1468 1500 sit
1495 1479 1604 1500 nomen

149 1523 238 1552 anus,
263 1517 298 1544 ut
323 1517 484 1555 quaeratyr
512 1513 577 1545 illa.
622 1513 682 1545 So.
708 1513 846 1544 Philtere
873 1517 919 1544 est
949 1522 1057 1544 nomen
1086 1513 1164 1552 ejus.
1222 1514 1287 1545 SY.
1325 1513 1400 1552 Ipsa
1421 1516 1480 1549 est,
1502 1523 1521 1542 a
1544 1523 1605 1552 qua

150 1556 314 1596 Antiphila
329 1558 458 1588 educata
473 1559 527 1587 est.
572 1556 693 1586 Mirum
708 1559 766 1595 est,
788 1556 822 1586 m*
838 1556 891 1586 illa
908 1565 984 1586 anus
1001 1559 1046 1586 est
1071 1556 1246 1595 incolumis,
1269 1559 1301 1587 et
1323 1566 1379 1595 ego
1393 1555 1487 1595 perii.
1532 1555 1603 1586 CH.

150 1598 306 1637 Sostrata,
327 1609 453 1640 sequere
478 1609 525 1629 me
548 1600 671 1630 domum
696 1599 753 1630 hac
779 1599 843 1630 via.
899 1600 960 1630 So.
996 1599 1040 1629 Ut
1069 1602 1177 1630 contra
1199 1609 1291 1640 quam
1319 1598 1444 1639 speravi
1473 1597 1572 1629 evenit
1588 1598 1604 1629 !

756 1698 836 1710 &enee
839 1698 914 1710 9000
917 1698 972 1710 σοι
976 1697 995 1709 O

149 1766 209 1798 ΒΓ.
223 1765 382 1797 Annulum
395 1775 428 1798 n.
444 1776 474 1799 a.
496 1767 607 1807 primo.
655 1766 760 1797 Primo
776 1764 891 1797 Guelf.
905 1768 1022 1797 3.-44
1044 1765 1104 1796 Βι·.
1118 1764 1342 1804 Agnovi.—45
1368 1763 1409 1795 In
1426 1763 1522 1794 Bem.
1535 1772 1603 1794 non

149 1814 204 1841 est
220 1809 389 1849 particula
404 1813 451 1849 ut,
466 1819 529 1850 qua
553 1809 684 1840 sublata
702 1819 815 1840 versus
832 1809 1049 1840 nihilominus
1065 1813 1147 1847 stat,
1173 1813 1208 1840 et
1223 1817 1338 1839 sensus
1364 1812 1417 1838 est
1444 1808 1605 1847 optimus,

148 1853 353 1892 exponendo
367 1853 377 1869 ‘
395 1852 478 1883 nisi'
495 1862 557 1893 pro
572 1854 581 1870 ‘
599 1852 658 1883 sed
673 1851 694 1883 :'
729 1857 766 1883 ut
782 1861 874 1893 saepe
890 1851 924 1882 in
939 1852 1002 1883 hoc
1021 1850 1182 1882 Auctore.
1207 1851 1266 1882 Fa.
1301 1852 1310 1867 ‘
1328 1850 1446 1882 Nostri
1463 1859 1600 1881 omnes:

147 1905 181 1926 n.
197 1898 232 1926 ut
246 1905 286 1926 ea:
298 1894 390 1935 ipsa!
420 1896 522 1926 Bent.
549 1895 604 1936 qui
628 1900 742 1926 tamen
769 1898 804 1926 ut
827 1894 969 1926 omittit.
1013 1894 1190 1925 Omittunt
1213 1894 1315 1924 etiam
1338 1893 1417 1934 Bip.
1436 1893 1475 1924 Z.
1499 1892 1602 1923 Both.

148 1937 359 1978 Delph.—46
381 1937 475 1969 Libri
491 1937 627 1979 quidam
640 1938 760 1979 scripti
776 1942 811 1969 et
823 1937 991 1978 impressi,
1007 1937 1043 1968 Si
1057 1940 1170 1977 potest.
1194 1936 1300 1967 West.
1332 1935 1389 1967 Ita
1404 1936 1463 1966 ΒΓ.
1487 1935 1604 1975 Reperz·

149 1979 264 2012 Guelf.
279 1983 311 2012 2.
328 1980 432 2012 Both.
446 1991 499 2021 spe
514 1983 630 2013 v.—48
653 1981 713 2012 So.
740 1981 862 2012 Fecisse
885 1980 919 2011 id
943 1981 1021 2020 quod
1038 1979 1203 2018 jusseram.
1239 1979 1389 2010 Praestat
1411 1979 1484 2010 haec
1502 1978 1604 2009 lectio

148 2032 220 2063 prae
244 2023 303 2054 ina
327 2023 537 2064 quorundam
562 2023 740 2054 Librorum
755 2033 763 2054 ι
798 2024 867 2055 CH.
892 2023 976 2059 Quid
999 2022 1189 2054 renuntiavit
1220 2023 1293 2068 alim
1311 2021 1449 2059 fecisse?
1479 2021 1537 2052 So.
1563 2021 1601 2051 Id

147 2067 227 2106 quod
243 2067 408 2106 jusseram.
430 2067 506 2098 EA.
534 2066 568 2097 id
593 2067 672 2106 quod
694 2066 848 2098 miseram.
873 2066 979 2097 West.
1025 2065 1034 2082 ‘
1052 2065 1136 2101 Quid
1160 2065 1351 2096 renuntiavit
1378 2062 1477 2095 olim?
1512 2063 1600 2094 Post

148 2109 222 2140 haec
237 2109 342 2140 verba
357 2113 521 2140 annotata
533 2113 585 2139 est
599 2110 633 2140 in
649 2108 736 2140 libro
753 2109 920 2140 Bembino
932 2118 1080 2150 persona
1095 2109 1274 2147 Sostratae,
1290 2107 1472 2138 recentiori
1489 2110 1602 2137 tamen

148 2160 269 2182 manu:
305 2151 353 2182 ita
369 2151 462 2192 prius
479 2156 553 2182 erat
568 2151 651 2182 etin
668 2152 722 2182 Vi.
738 2151 797 2183 sed
825 2151 947 2183 deinde
973 2156 1012 2182 ut
1036 2151 1068 2182 in
1095 2151 1231 2192 vulgata
1257 2150 1418 2188 lectione,
1433 2154 1601 2181 mutatum

148 2193 224 2225 est.²
247 2194 304 2225 Fa.
349 2194 410 2226 ΒΓ.
424 2194 461 2225 τὸ
469 2193 582 2232 fecisse
598 2194 772 2225 Chremeti
788 2195 920 2226 tribuit.
954 2194 1010 2225 Ita
1024 2199 1058 2225 et
1075 2194 1153 2234 Bip.
1170 2193 1382 2233 Delph.—49
1407 2192 1602 2232 Legendum

147 2241 264 2268 monet
278 2237 382 2268 Bent.
397 2237 540 2268 mulieri.-
563 2236 653 2277 quod
677 2238 779 2268 etiam
800 2237 861 2269 dat
886 2237 988 2268 Both.
1014 2237 1073 2268 ΒΓ.
1102 2237 1187 2276 legit
1212 2237 1430 2267 Finem—50
1453 2236 1526 2276 Ipsa
1540 2234 1601 2274 est]

147 2279 233 2311 GM.
259 2280 419 2319 praemitt.
445 2279 494 2320 Si,
524 2279 612 2320 quod
630 2289 793 2321 nusquam
809 2281 888 2312 alibi
908 2280 1056 2311 invenio.
1081 2280 1169 2311 Perl.
1214 2279 1274 2311 Br.
1300 2279 1328 2309 I.
1344 2282 1409 2310 est.-
1432 2279 1543 2308 mirum
1558 2281 1603 2308 est

146 2332 196 2354 ne.
233 2322 303 2354 Ubi
318 2326 418 2354 notat
434 2323 559 2362 Bruns,
576 2324 585 2339 ‘
597 2322 689 2353 Edit.
706 2323 815 2354 omitt.
830 2326 875 2355 est
892 2327 928 2354 et
945 2332 1007 2362 pro
1022 2333 1061 2354 ne
1075 2322 1202 2353 habent
1217 2322 1261 2352 πὶ.
1305 2321 1373 2352 Sed
1388 2322 1493 2352 lectio
1509 2320 1602 2352 codi-

147 2365 196 2396 cis
212 2366 340 2406 placet,
352 2364 452 2396 modo
462 2365 726 2406 interpungatur
742 2370 819 2406 post
831 2369 890 2405 est,
904 2370 940 2397 et
954 2375 992 2397 ne
1003 2365 1169 2397 habeatur
1182 2365 1345 2406 scriptum
1360 2374 1419 2404 pro
1432 2374 1493 2404 πω,
1503 2364 1552 2394 uti
1569 2363 1601 2393 in

147 2407 202 2440 ed.
218 2408 319 2440 Bent.
336 2407 409 2439 haec
427 2409 546 2440 vocula
563 2408 826 2440 seu-ibitur3—51
853 2409 895 2439 In
909 2409 1006 2440 Beni.
1024 2418 1090 2439 non
1103 2414 1158 2439 est
1172 2408 1279 2439 dictio
1292 2407 1368 2438 hac:
1389 2416 1455 2448 qua
1470 2406 1603 2437 sublata.

145 2459 264 2481 versus
280 2450 399 2489 stabit,
415 2460 482 2482 non
499 2450 657 2482 faciendo
674 2451 902 2492 synaloepham
920 2453 953 2482 in
971 2461 1016 2483 me
1032 2452 1135 2482 intro:
1170 2460 1211 2481 eo
1228 2451 1333 2490 magis
1357 2450 1436 2491 quia
1459 2449 1603 2490 Antiqui

146 2491 308 2525 dicebant
319 2495 387 2525 med
401 2493 496 2525 intro.
521 2494 578 2525 Fa.
604 2494 614 2510 ‘
632 2493 761 2525 Omnes
775 2495 881 2526 nostri
896 2495 981 2525 intro
995 2495 1051 2525 hac
1065 2505 1075 2525 .·
1101 2504 1212 2535 neque
1226 2493 1325 2525 aliter
1339 2493 1444 2524 stabit
1459 2491 1602 2523 versus.’

799 2601 942 2633 NOTAE

188 2669 231 2698 46
254 2664 385 2706 Interii]
406 2665 557 2698 Noiebat
571 2666 676 2708 Syrus
688 2665 846 2708 Antiphi-
901 2666 998 2698 rendi
1013 2666 1054 2698 ab
1071 2666 1129 2698 ino
1146 2669 1337 2708 argentum,
1353 2669 1389 2697 et
1404 2673 1446 2696 ne
1463 2664 1600 2705 vapula-

148 2717 214 2749 lam
231 2716 368 2757 agnosci
393 2721 463 2748 tarn
490 2717 561 2749 cito
586 2716 688 2748 filiam
706 2727 725 2747 a
742 2717 844 2748 Chre·
899 2722 966 2757 ret,
983 2717 1010 2749 si
1039 2720 1263 2758 cognosceret
1284 2714 1492 2748 Bacchidem
1523 2724 1597 2746 esse

148 2773 254 2808 mete,
271 2777 312 2800 ne
328 2768 462 2800 occasio
481 2769 727 2810 praeriperetur
752 2767 846 2800 aufe·
899 2768 1042 2800 amicam
1059 2766 1262 2808 Clitiphonis
1279 2764 1354 2798 filii.
