1966 3302
364 260 477 302 1010
869 266 905 295 v.
938 265 1181 295 ΤΕΕΕΝΤΗ
1220 267 1333 295 ΛΕΜ

367 367 430 409 Ut
450 367 522 415 sit,
545 364 620 419 qui
643 363 775 414 vivat,
797 362 899 403 dum
923 362 1044 403 aliud
1067 361 1232 416 aliquid
1254 361 1413 416 flagitii
1432 362 1653 404 conficiat.
1799 365 1828 405 5

368 435 457 477 GE.
489 432 783 474 Planissume.
844 431 935 472 DE.
970 431 1057 471 His
1080 443 1198 472 nunc
1233 431 1466 485 praemium
1498 435 1583 481 est,
1605 430 1684 485 qui
1702 436 1827 472 rect-a

541 514 684 555 prava
704 499 888 540 faciunt.

368 572 458 614 GE.
489 569 762 611 Verissume.
824 568 916 609 ΒΕ.
949 567 1010 609 Ut
1032 566 1294 608 stultissime
1317 567 1497 621 quidem
1532 566 1598 607 illi
1621 579 1710 608 rem
1733 579 1828 620 ges-

541 638 747 679 serimus.
1376 676 1379 678 .
1650 676 1653 678 ,

370 708 461 749 GE.
493 706 636 747 Modo
656 710 708 746 ut
727 705 810 745 hoc
829 704 1014 745 consilio
1040 703 1211 757 possiet
1233 702 1415 752 discedi,
1433 706 1481 744 ut
1496 704 1628 744 istam
1650 703 1800 744 ducat.

371 776 461 817 ΒΕ.
492 775 695 816 Etiamne
729 772 775 813 id
807 772 987 813 dubium
1008 772 1094 813 'st'l
1161 771 1252 813 GE.
1290 771 1430 812 Haud
1464 772 1558 812 scio
1594 771 1751 820 hercle,
1781 774 1831 812 ut

540 842 675 882 homo
696 840 763 891 ’st,
782 854 836 882 an
858 844 997 881 mutet
1018 841 1231 882 animum.

371 913 462 954 DE.
496 910 636 952 Hem!
667 913 809 950 mutet
827 910 1007 950 autem?
1069 909 1160 950 GE.
1194 907 1396 950 Nescio:
1425 920 1594 957 verum,
1627 907 1665 949 si
1699 907 1829 956 forte,

544 978 657 1019 dico.
1775 975 1830 1015 10

373 1049 465 1090 DE.
498 1047 570 1088 Ita
590 1046 765 1095 faciam,
796 1047 849 1085 ut
883 1044 1020 1085 frater
1041 1043 1234 1083 censuit:
1265 1055 1450 1083 uxorem
1471 1042 1565 1097 ejus
1584 1041 1672 1083 huc
1694 1041 1831 1084 addu-

543 1128 657 1163 eam,

372 1182 483 1225 Cum
504 1184 591 1224 ista
612 1188 660 1223 ut
679 1182 902 1235 loquatur:
925 1184 988 1231 tu,
1012 1179 1144 1231 Geta,
1168 1179 1244 1221 abi
1270 1192 1362 1234 prae
1381 1192 1393 1231 3
1414 1177 1569 1220 nuntia
1588 1177 1706 1220 hanc
1726 1192 1831 1220 ven-

543 1256 698 1293 turam.

371 1363 478 1401 sponte
500 1363 664 1399 argentum
690 1359 717 1390 ei
739 1357 953 1399 suppeditare,
971 1361 1006 1388 ut
1028 1357 1137 1388 habeat
1165 1356 1243 1387 uude
1262 1354 1360 1395 vivat,
1381 1358 1412 1386 et
1435 1355 1540 1386 «latur
1561 1356 1602 1386 ad
1623 1355 1687 1387 alia
1700 1354 1834 1395 flagitia

372 1402 616 1434 committenda?
660 1403 729 1433 GE.
757 1402 893 1432 Omnino
917 1402 963 1432 sic
984 1404 1042 1431 est.
1091 1401 1160 1430 DE.
1188 1399 1234 1430 Hi
1251 1409 1331 1430 nunc
1345 1398 1475 1439 praemz'a
1490 1398 1660 1439 accipiunt,
1676 1399 1730 1439 qui
1749 1401 1835 1429 recta

372 1447 404 1477 in
416 1456 515 1487 prava
531 1448 725 1486 detorquent.
771 1445 838 1476 GE.
867 1444 1034 1475 Verissime
1049 1443 1113 1473 haec
1128 1443 1212 1473 dicta
1227 1445 1310 1473 sunt.
1356 1442 1425 1473 DE.
1451 1442 1554 1477 Quam
1567 1442 1790 1482 imprudenter,
1805 1444 1835 1472 et

372 1491 474 1530 inepte
490 1489 559 1520 huic
583 1490 698 1520 lucrum
720 1487 944 1529 paraverimus.
991 1486 1059 1517 GE.
1084 1486 1172 1517 Bene
1198 1484 1326 1516 cesserit
1349 1483 1434 1515 nobis
1457 1485 1620 1515 consilium
1644 1484 1717 1516 huic
1739 1484 1836 1516 dandi

373 1533 510 1572 argenti,
525 1533 686 1563 dummodo
701 1531 794 1562 istam
810 1530 941 1571 accipiat
957 1539 1097 1560 uxorem.
1144 1528 1210 1559 DE.
1235 1527 1381 1559 Etiamne
1402 1527 1458 1558 hoc
1481 1526 1632 1559 incertum
1655 1530 1722 1559 est?
1765 1527 1834 1558 GE.

375 1576 440 1606 Per
457 1576 620 1607 Herculem
634 1574 755 1612 dubim,
771 1577 807 1604 ut
823 1575 908 1604 homo
923 1573 995 1610 levi,
1013 1577 1040 1603 et
1056 1572 1175 1613 perfido
1199 1576 1245 1602 est
1261 1570 1396 1611 iugenio,
1410 1581 1449 1602 an
1464 1571 1566 1602 verbis
1579 1573 1654 1612 stet,
1668 1573 1698 1601 et
1713 1573 1837 1603 maneat

370 1619 402 1649 in
422 1619 490 1660 fide
513 1620 599 1649 (lata.
647 1618 713 1649 ΒΕ.
740 1617 850 1649 Hem!
872 1627 914 1648 un
943 1619 1037 1647 mutet
1067 1616 1277 1646 voluntatem?
1322 1615 1388 1646 GE.
1415 1614 1539 1649 Nescio,
1573 1623 1679 1646 verum
1706 1612 1786 1653 dieo,
1809 1613 1837 1643 εἰ

366 1662 454 1700 forte
469 1662 635 1693 mutaverit
660 1660 820 1692 caminum
844 1661 882 1691 de
907 1659 1087 1699 accipientia
1109 1668 1213 1689 uxore.
1259 1658 1326 1688 ΒΕ.
1351 1657 1405 1688 Ita
1422 1658 1498 1689 mihi
1506 1657 1688 1696 faciendum
1700 1659 1787 1697 puto,
1802 1659 1837 1687 ut

365 1705 475 1742 frater
489 1705 601 1742 suasit,
617 1707 650 1735 ut
668 1714 794 1734 uxorem
810 1703 872 1742 ejus
894 1704 1046 1734 adducam
1065 1702 1311 1739 &asisin-atam,
1336 1711 1405 1741 quoe
1433 1711 1501 1732 cum
1524 1701 1585 1731 ista
1602 1700 1725 1731 Phanio
1747 1700 1838 1730 collo-

374 1752 499 1789 quatur.
545 1748 603 1787 Tu,
621 1748 715 1785 Geta,
731 1746 793 1786 abi,
810 1750 840 1777 et
864 1747 1027 1777 certiorem
1042 1744 1100 1782 suc
1121 1744 1287 1783 virginem,
1316 1744 1554 1775 Nausistratam
1569 1742 1689 1782 fratris
1709 1751 1839 1774 uxorem

986 1831 1025 1842 Ν
1029 1830 1226 1842 eeeeeeeee

375 1899 434 1929 Fa.
468 1902 502 1928 et
530 1899 633 1930 Bent.
661 1898 907 1929 nesciunt.—-5.
930 1901 949 1929 7
987 1898 1059 1929 Hos
1092 1903 1160 1928 tres
1189 1907 1306 1927 versus
1343 1895 1510 1936 expungit
1541 1895 1634 1935 Gay.
1673 1894 1837 1926 Ναΐν-’5

377 1943 423 1973 Et
450 1942 620 1980 Donatus,
642 1945 677 1971 et
702 1941 780 1972 libri
809 1941 995 1972 Bembinns
1021 1947 1057 1972 et
1083 1941 1317 1976 Victorianus,
1341 1940 1429 1969 aliud
1455 1937 1584 1979 aliquid.
1608 1938 1670 1969 Fa.
1715 1937 1838 1968 Nostri

377 1993 494 2016 omnes
511 1994 578 2015 uno
593 1990 740 2024 excepto
756 1984 874 2023 aliquid
890 1984 987 2015 aliteri.
1035 1984 1109 2015 Nec
1126 1993 1258 2021 versus,
1275 1992 1337 2013 nec.
1360 1982 1542 2013 sententia!
1559 1981 1718 2012 interest.
1740 1980 1841 2012 Bent.

377 2032 415 2059 et
440 2028 500 2058 Br.
525 2028 642 2067 aliquid
668 2028 764 2058 atiud.
789 2027 886 2058 Witt.
909 2026 1143 2068 confingat.—7
1166 2026 1314 2057 Dubitat
1339 2025 1510 2065 Gnyetus‚
1537 2033 1579 2055 an
1607 2023 1729 2055 Latine
1756 2023 1841 2055 satis

377 2071 525 2109 dicatur,
535 2080 646 2110 gerere
661 2071 755 2101 alicui
770 2080 846 2101 rem.
893 2069 984 2102 Quid
1003 2069 1029 2099 si
1046 2069 1151 2109 igitur
1168 2069 1223 2099 Illi
1238 2068 1482 2099 adverbialiter·
1504 2067 1651 2107 dicatur,
1665 2075 1740 2108 pro,
1756 2066 1843 2106 Illic,

378 2124 451 2153 sen,
469 2114 502 2144 in
519 2124 560 2145 ea
575 2114 635 2145 re?
658 2112 747 2154 quod
766 2113 925 2144 usitatum
945 2112 1103 2143 comicis.
1149 2112 1235 2142 Sane
1254 2111 1399 2142 Horatio
1418 2111 1528 2150 Epist.
1545 2119 1570 2142 ῐ.
1586 2113 1618 2141 S.
1634 2113 1667 2141 1.
1708 2109 1722 2126 “
1739 2109 1842 2141 Celso

379 2156 542 2196 gaudere,
559 2161 593 2188 et
610 2156 697 2187 bene
712 2166 782 2187 rem
811 2165 932 2196 gerere
959 2154 1200 2186 Albinovano)
1227 2156 1388 2186 {Veste—S
1412 2155 1509 2184 Mauo
1531 2154 1586 2184 hoc
1600 2153 1727 2184 omisso
1746 2154 1783 2183 ut
1796 2152 1841 2184 G.

379 2199 496 2232 Guelf.
515 2203 546 2231 1.
561 2200 677 2240 possiet
689 2209 707 2229 e
724 2199 819 2230 Bem.
837 2198 946 2230 edidit
964 2199 1019 2230 Fa.
1043 2199 1139 2238 possit
1156 2208 1269 2229 omnes
1286 2199 1309 2228 l.
1327 2208 1353 2227 s.
1368 2197 1457 2236 apud
1480 2197 1581 2228 Bent.
1599 2201 1636 2227 et
1651 2196 1700 2227 sic
1719 2196 1842 2226 Br.-9

379 2244 431 2274 Ex
450 2253 516 2274 uno
534 2242 643 2284 Regio
666 2242 738 2274 idue
762 2242 846 2282 iegit
863 2242 966 2273 Bent.
991 2252 1090 2283 quem
1119 2242 1271 2282 sequitur
1296 2241 1484 2272 Rom—10
1507 2239 1632 2271 Boend.
1647 2241 1746 2270 mutet
1772 2239 1843 2269 ani-

379 2297 475 2324 mum,
489 2285 581 2327 quod
604 2285 713 2317 edidit
740 2285 832 2316 Peri.
856 2287 865 2302 ‘
884 2295 926 2316 ex
951 2294 1043 2316 more
1066 2285 1210 2316 Terent.
1236 2283 1417 2325 repetendi
1448 2283 1564 2324 prius;
1586 2287 1634 2313 et.
1650 2283 1737 2314 Eun.
1752 2289 1794 2312 n.
1810 2283 1842 2312 3.

378 2332 431 2360 57.
462 2329 591 2360 Heaut.
616 2338 640 2359 1.
668 2331 699 2359 2.
729 2331 781 2360 18.
806 2332 842 2359 et
867 2328 914 2359 sic
943 2327 1084 2359 al.'—11
1111 2329 1195 2358 Mss.
1224 2333 1259 2359 et
1286 2326 1441 2366 impressi
1471 2326 1616 2367 plusculi
1635 2329 1671 2356 ut
1695 2334 1843 2356 uxorem.-

378 2382 456 2403 mox
474 2372 573 2404 Witt.
588 2371 631 2403 G.
653 2371 711 2402 huc
727 2371 802 2409 ejus.
826 2372 935 2402 West.
964 2372 1183 2403 Recentiores
1199 2369 1270 2401 fere
1289 2370 1368 2401 libri
1395 2379 1461 2400 non
1479 2369 1608 2400 habent
1635 2368 1843 2408 particulam

379 2419 440 2452 ut;
462 2425 528 2456 qua
555 2415 682 2454 demta,
708 2414 826 2455 itaque
855 2414 1030 2445 coliocatis
1057 2414 1182 2452 verbis,
1198 2418 1236 2445 ut
1263 2414 1295 2444 in
1321 2414 1418 2444 Beni.
1436 2417 1470 2443 et
1496 2412 1665 2443 nonnullis
1688 2411 1764 2443 aliis
1779 2415 1843 2445 est,

378 2467 509 2489 uxorem
533 2457 596 2496 eius
622 2458 681 2488 Ιιιιι·
707 2459 868 2493 adducam,
881 2457 1094 2488 numerosior
1123 2466 1237 2488 versus
1267 2456 1402 2497 est‚qni
1428 2460 1481 2486 est
1498 2455 1606 2486 lamb.
1630 2458 1769 2487 tetram.
1786 2462 1842 2484 ca-

381 2501 498 2532 talect.
527 2506 567 2531 ut
593 2499 711 2532 ceteri.
736 2501 796 2532 Fa.
843 2500 973 2532 Omnes
998 2501 1117 2539 nostri,
1143 2499 1276 2531 duobus
1304 2499 1474 2540 exeeptis,
1500 2502 1534 2530 ut
1557 2507 1698 2530 uxorem.
1742 2495 1844 2529 Quod

380 2549 494 2575 autem
511 2543 660 2574 Fae'rnus
677 2548 789 2583 putat,
809 2544 852 2574 Ut
868 2543 1017 2583 dempto,
1035 2543 1297 2574 numerosiorem
1322 2541 1396 2573 fore
1420 2552 1566 2580 versum,
1582 2546 1656 2572 tota
1672 2540 1727 2571 via
1750 2548 1844 2570 erra-

381 2588 444 2618 vit.
493 2586 566 2618 Nec
592 2587 745 2626 ineptum
772 2586 839 2625 hic,
855 2595 919 2617 nec
942 2586 1063 2617 inutile
1085 2587 1128 2617 Ut
1153 2592 1218 2626 est,
1236 2585 1323 2626 quod
1354 2585 1490 2625 quidam
1509 2588 1619 2625 putat.
1645 2583 1731 2614 Hec.
1749 2591 1791 2613 ΙΙ.
1811 2585 1843 2613 2.

381 2631 411 2660 2.
457 2628 466 2646 ‘
482 2629 600 2660 Patrio
617 2629 727 2660 animo
752 2629 862 2660 victus
886 2628 1020 2663 faciam,
1041 2633 1079 2659 ut
1108 2629 1167 2660 tibi
1192 2627 1402 2659 concedam!
1446 2628 1556 2658 Pon-0
1577 2626 1645 2657 duo
1661 2635 1703 2656 ex
1718 2624 1844 2657 nostris

382 2671 448 2709 ejus
462 2673 545 2709 huc‚·
568 2672 674 2702 ceteri
687 2672 744 2703 lmc
759 2671 845 2710 ejus.-
869 2672 957 2712 quod
976 2672 1101 2711 placet.
1127 2672 1223 2703 Bent.
1248 2672 1343 2702 etsie
1360 2670 1460 2702 Both.
1484 2671 1542 2701 ΒΥ.
1559 2669 1652 2700 Peri·
1667 2671 1702 2700 ut
1717 2676 1846 2699 uxorem

382 2714 445 2752 qius
460 2715 530 2746 huc.
548 2715 625 2755 Bip.
642 2715 749 2746 Zeun.
772 2715 881 2746 ducam
895 2714 1014 2746 Guelf.
1032 2717 1150 2747 3.-12
1179 2715 1223 2746 Tu
1240 2715 1338 2746 deest
1363 2715 1396 2745 in
1423 2714 1467 2746 G.
1485 2712 1607 2744 Boend.
1623 2711 1697 2744 ΕΡ.
1713 2711 1774 2742 Br.
1801 2711 1846 2743 Ο.

382 2755 456 2787 fere
473 2757 493 2787 1.
509 2767 535 2788 s.
553 2758 638 2787 etin
666 2758 706 2788 iis
726 2758 823 2788 Bem.
838 2761 874 2789 et
890 2758 981 2790 Vict.
1005 2761 1040 2788 tu
1069 2758 1151 2789 Geta
1168 2757 1229 2789 abi.
1256 2759 1315 2789 Fa.
1361 2758 1416 2788 Sic
1440 2762 1476 2788 et
1493 2752 1600 2788 nostri
1617 2754 1772 2797 plerique
1788 2757 1845 2785 tu.-

384 2799 443 2830 sed
471 2799 645 2831 distinctio
672 2800 837 2831 mutanda
863 2805 938 2840 est;
961 2811 1027 2832 non
1047 2800 1120 2838 Abi,
1135 2801 1325 2841 proemmtia,
1341 2800 1401 2832 sed
1417 2799 1480 2831 Abi
1500 2809 1578 2840 prae,
1593 2797 1716 2830 nuntia.
1739 2798 1845 2829 Bent.

384 2846 420 2874 et
436 2842 486 2874 sic
502 2843 713 2884 distinguere
731 2844 803 2875 vult
817 2844 926 2875 West.
950 2849 985 2876 et
1011 2844 1164 2884 sequitur
1181 2844 1275 2875 Pei-l.
1293 2843 1415 2885 quibus
1438 2842 1574 2883 praeivit
1591 2841 1783 2873 Gulielmus
1808 2840 1841 2871 in
