1966 3302
324 243 409 285 ’708
815 248 858 279 P.
890 244 1130 277 TEREN'ru
1164 244 1279 275 Arm

328 349 408 379 hunc
422 353 586 383 sumamus,
601 342 724 383 inquit,
739 341 830 373 diem.
872 339 942 372 Sed
966 344 1003 372 et
1026 338 1187 371 Afranius
1212 337 1246 368 in
1261 335 1456 369 Sororibus:
1481 335 1491 353 ‘
1509 335 1610 366 Nunc
1626 338 1660 367 te
1675 335 1771 369 obse-

333 394 490 431 quentem
508 393 609 428 atque
632 386 783 423 hilaram,
799 389 836 415 ut
851 384 937 423 dixi,
953 382 1132 422 praebeas.’
1183 380 1295 412 Hodie
1312 379 1446 422 quidem
1469 377 1559 418 apud
1583 377 1771 412 charisium

333 433 512 472 utrobique
536 430 665 460 editum
689 433 741 460 est
765 428 903 458 hilarem.
948 426 1016 457 Sed
1041 426 1140 466 plane
1157 428 1275 455 contra
1298 421 1443 454 auctoris
1466 421 1691 461 sententiam3
1713 423 1771 464 qui

330 476 403 506 haec
429 473 583 513 exempla
607 472 686 502 ideo
709 470 862 508 adducit,
883 473 921 500 ut
936 467 1105 499 ‘hilarus'
1121 467 1200 498 olim
1223 465 1351 497 dietum
1378 474 1453 496 esse
1475 463 1616 503 probet;
1640 474 1706 495 non
1733 469 1772 497 ut

327 516 489 555 ’1ιί13τίε,’
514 515 602 556 quod
630 515 663 544 in
695 512 863 544 communi
893 516 964 543 tum
994 520 1148 542 sermone
1175 512 1262 541 erat.
1284 509 1380 540 Bent.
1425 507 1539 538 Hilare
1566 507 1646 539 hunc
1671 507 1772 539 Both.

330 561 401 592 Hoc
415 560 512 591 abest
528 559 586 590 Br.
609 555 727 589 Guelf.
743 558 774 588 3.

732 803 936 845 ACTUS
968 802 1059 844 ΙΙΙ.
1118 799 1324 842 SCENA
1355 799 1392 841 Ι.

757 935 1025 967 SOSTRATA.
1058 934 1349 964 CANTHARA.

333 1025 410 1066 So.
442 1022 686 1071 OBSECRO,
722 1034 819 1062 mea
851 1019 1013 1068 nutriX,
1050 1017 1157 1072 quid
1192 1031 1305 1059 nunc
1337 1017 1439 1059 fiet?
1498 1016 1619 1058 CAN.
1651 1014 1772 1066 Quid

500 1091 590 1140 fiet,
613 1090 773 1143 rogas‘?

333 1159 486 1209 Recte,
508 1158 694 1211 aedepol,
727 1169 871 1210 spero.
931 1155 1012 1196 So.
1046 1152 1184 1194 Modo
1215 1152 1404 1202 dolores,
1439 1165 1539 1193 mea
1567 1155 1629 1201 tu,
1659 1149 1776 1191 occi—

504 1226 628 1278 piunt
647 1223 896 1278 primulum.

333 1294 456 1336 CAN.
487 1292 590 1334 Jam
612 1304 724 1332 nunc
745 1291 891 1339 times,
923 1289 1052 1343 quasi
1083 1300 1304 1342 nunquam
1339 1286 1523 1336 affueris,
1554 1298 1776 1339 nunquam

504 1364 596 1401 tute
617 1359 834 1413 pepereris
849 1359 868 1398 ‘l

334 1430 413 1471 So.
447 1428 658 1470 Miseram
690 1426 784 1467 me!
815 1425 1034 1466 neminem
1066 1423 1236 1464 habeo:
1270 1422 1378 1463 solae
1412 1435 1578 1463 sumus.
1660 1419 1777 1461 Geta

506 1499 652 1536 autem
673 1493 746 1534 hic
767 1506 851 1534 non
872 1493 1026 1544 adest3

334 1564 435 1606 Neo
457 1575 587 1617 quem
605 1561 662 1602 ad
684 1561 958 1602 obstetricem
978 1559 1171 1610 mittam3
1192 1570 1269 1598 nec
1290 1556 1367 1612 qui
1388 1559 1584 1597 arcessat
1603 1554 1779 1596 AEschi-

504 1642 620 1671 num.
1750 1623 1778 1663 5

376 1748 432 1780 Su.
457 1749 575 1780 Precor
600 1752 641 1787 te,
666 1758 732 1779 mea
753 1748 873 1784 nutrix,
888 1747 937 1779 dic
953 1747 1041 1786 mihi,
1056 1747 1129 1788 quid
1145 1746 1271 1778 eveniet.
1316 1745 1407 1778 CAN.
1433 1742 1583 1781 Quaeris?
1603 1752 1659 1784 per
1675 1742 1782 1774 Pollu-

333 1801 397 1822 cem
412 1791 556 1830 faustum
585 1802 688 1823 rerum
714 1795 854 1823 eventum
877 1801 977 1831 spera.
1021 1791 1081 1822 So,
1102 1791 1177 1820 Jam
1203 1791 1288 1820 modo
1312 1790 1428 1820 dolores
1446 1788 1622 1828 parituram
1637 1786 1781 1816 invadere

333 1838 499 1874 coeperunt.
546 1835 636 1866 CAN.
662 1835 754 1865 Nunc
768 1834 892 1871 metuis,
909 1833 997 1874 quasi
1011 1843 1166 1873 nunquam
1180 1832 1422 1872 parturientibus
1437 1840 1572 1870 praesens
1587 1827 1781 1867 interfueris,

333 1887 428 1916 neque
445 1881 478 1908 tu
492 1878 556 1917 ipsa
571 1878 664 1908 enixa
679 1877 907 1916 liberosfueriS.
952 1876 1028 1907 Sos.
1055 1876 1084 1905 Ο
1110 1881 1163 1906 me·
1179 1873 1427 1912 infortunatam!
1450 1873 1550 1903 Nemo
1564 1871 1641 1903 mihi
1656 1874 1714 1908 est,
1728 1871 1782 1911 qui

334 1930 420 1959 opem
439 1921 553 1958 ferat;
581 1921 654 1950 soloe
675 1920 792 1950 relictoe
812 1929 935 1950 sumus:
962 1919 1045 1949 Geta
1067 1922 1170 1949 autem
1191 1918 1262 1947 hinc
1283 1917 1382 1955 abest,
1397 1926 1450 1947 nec
1463 1916 1542 1946 ullus
1557 1924 1596 1945 ex
1609 1913 1783 1945 domesticis

333 1963 410 1994 mihi
424 1972 504 1994 nuuc
521 1966 630 2003 restat,
645 1971 732 2003 quem
754 1963 795 1993 ad
813 1962 1003 1993 obstetricem
1017 1962 1227 1992 accersendam
1243 1960 1378 1998 mittam,
1393 1961 1448 1990 aut
1462 1958 1514 1999 qui
1529 1956 1710 1989 AEschinum
1725 1956 1782 1986 huc

938 2067 1173 2079 eeeeeeeeeeee

380 2137 395 2165 1
423 2133 567 2173 Obsecro,
596 2143 663 2164 mea
691 2133 812 2164 nutrix.
857 2132 912 2163 Ita
939 2131 1232 2172 praestantissimae
1260 2130 1438 2168 editiones,
1458 2127 1651 2162 Junt.Ald.
1672 2130 1708 2159 et
1732 2126 1782 2158 his

336 2178 552 2208 vetustiores.
598 2176 637 2206 In
656 2177 729 2206 aliis
759 2177 795 2206 Ο.
814 2178 855 2214 te,
882 2185 948 2205 mea
963 2184 994 2205 n.
1040 2174 1166 2205 Rursus
1183 2174 1216 2204 in
1232 2174 1304 2204 aliis
1325 2173 1470 2211 Obsecro,
1483 2182 1550 2203 mea
1574 2175 1608 2202 tu
1623 2181 1654 2203 n.
1699 2170 1784 2202 Mss.

336 2220 481 2251 variant.
512 2219 610 2250 West.
658 2219 742 2254 Quid
756 2218 830 2259 fiet,
846 2215 961 2256 rogas?
998 2217 1054 2247 Ita
1082 2217 1217 2257 plurimi
1245 2216 1430 2256 optimique
1459 2215 1536 2245 libri
1553 2214 1639 2245 Mss.
1667 2213 1784 2244 etim·

336 2262 456 2303 pressi.
503 2262 628 2302 Vulgo,
649 2261 733 2297 Quid
745 2261 825 2302 fiat,
840 2262 956 2299 rogas?
992 2259 1101 2290 Idem.
1133 2258 1229 2290 Bem.
1247 2259 1304 2289 Vi.
1321 2265 1352 2288 et
1373 2260 1580 2288 Decurtatus
1596 2256 1680 2291 Quid
1691 2254 1784 2297 fiat?

338 2314 418 2335 sane
437 2305 470 2334 iu
488 2305 639 2335 omnibus
662 2304 756 2334 libris
774 2303 829 2333 hic
847 2312 894 2335 vs.
913 2303 1073 2333 terminat
1088 2302 1122 2332 in
1144 2312 1248 2341 rogas.
1271 2306 1324 2332 est
1347 2306 1458 2332 autem
1485 2299 1675 2330 trochaicus
1691 2303 1784 2329 cata-

335 2347 493 2385 lecticus,
510 2357 583 2377 cum
611 2350 793 2387 sequentes
817 2346 883 2376 sint
907 2345 1075 2376 octonarii
1102 2345 1249 2375 iambici.
1272 2344 1330 2375 Fa.
1376 2343 1459 2378 Quid
1476 2342 1542 2384 fiat
1557 2342 1657 2372 Bent.
1682 2341 1784 2373 Both.

338 2390 378 2420 Z.
396 2390 490 2420 Peri.
531 2390 674 2425 Obsecro,
688 2399 755 2419 mea
770 2391 804 2419 tu
819 2388 930 2419 nutrix
946 2387 1073 2427 Delph.
1121 2387 1252 2418 Obsecro
1269 2389 1310 2425 te,
1326 2396 1393 2416 mea
1406 2396 1440 2416 π.
1456 2408 1464 2416 .
1481 2406 1489 2416 .
1504 2407 1513 2416 .
1531 2384 1687 2425 Quidfiat
1702 2384 1782 2424 Bip.

340 2432 426 2467 Quid
445 2441 525 2462 nune
539 2432 598 2473 fiet
617 2442 643 2461 r.
667 2432 726 2461 ΒΓ.
771 2433 780 2448 ‘
800 2430 854 2461 Al.
876 2429 1018 2469 rogitus!
1043 2430 1200 2461 Perl.—2
1225 2429 1320 2460 Modo
1345 2430 1472 2466 dolores,
1487 2437 1553 2458 mea
1572 2430 1618 2466 tu,
1631 2427 1784 2467 occipiunt

334 2475 514 2515 primulum.
559 2476 645 2504 'l‘au.
661 2474 772 2504 Faber
789 2473 915 2504 nutrici
930 2473 1002 2503 haec
1021 2472 1124 2503 verba
1140 2472 1303 2512 assignat,
1323 2481 1388 2501 non
1404 2471 1578 2502 Sostratae.
1617 2469 1712 2500 Bent.
1726 2469 1784 2510 qui

339 2517 583 2557 in1pr0bat.—3
607 2517 737 2555 Malim,
751 2516 777 2546 si
796 2525 855 2555 per
871 2515 970 2547 codd.
986 2516 1118 2553 liceret,
1137 2515 1210 2545 Tam
1225 2524 1306 2545 nunc
1319 2515 1419 2545 times.
1441 2513 1549 2544 West.
1596 2511 1695 2547 Quasi
1709 2521 1786 2543 nun·

338 2569 429 2599 quam
444 2558 581 2599 affueris.
628 2559 823 2597 Elegantius
841 2559 949 2589 codex
965 2558 1045 2589 Pet.
1067 2557 1154 2597 quasi
1170 2566 1326 2597 nusquam.
1351 2557 1452 2587 Bent.
1500 2555 1572 2586 Tam
1587 2564 1667 2585 nunc
1685 2555 1784 2585 Both.

342 2602 445 2637 Quasi
459 2611 610 2640 nusquam
624 2602 714 2632 Perl.
759 2601 840 2632 Vet.
855 2601 931 2632 cod.
947 2610 1001 2640 ap.
1018 2600 1114 2631 Lind.
1133 2600 1355 2640 peperisti—5
1382 2599 1426 2629 Et
1441 2605 1571 2636 versus,
1588 2597 1645 2637 qui
1667 2597 1785 2628 iambi-

339 2653 399 2675 cus
412 2653 486 2674 esse
503 2644 618 2681 debet,
635 2646 670 2674 et
685 2644 857 2674 sententia
874 2643 941 2683 legi
957 2644 1151 2683 postulant:
1179 2643 1246 2673 Nec
1261 2645 1305 2672 est
1320 2650 1406 2682 quem
1417 2650 1447 2671 a.
1462 2649 1489 2671 o.
1501 2649 1541 2671 m.
1557 2649 1588 2670 n.
1603 2649 1632 2679 q.
1649 2642 1785 2670 accersat

341 2686 532 2717 AEscm'num.
559 2686 662 2716 Bent.
695 2686 796 2725 Vulg.
822 2687 889 2716 Nec
903 2696 936 2725 g.
953 2687 1003 2717 ad.
1017 2696 1045 2716 o.
1063 2695 1102 2717 m.
1119 2684 1178 2715 sed
1195 2684 1358 2715 iambicus
1379 2684 1433 2714 hic
1451 2691 1497 2714 vs,
1521 2691 1594 2713 esse
1610 2681 1724 2717 debet,
1747 2687 1785 2713 ut

342 2733 432 2759 reete
449 2733 562 2759 monet
580 2729 680 2758 Bent.
727 2729 769 2758 Et
785 2728 811 2757 is
830 2728 961 2768 quidem
982 2729 1048 2758 Nec
1064 2731 1108 2758 est
1123 2737 1219 2767 quem.
1263 2727 1340 2758 Hel.
1357 2726 1449 2756 Nunc
1465 2725 1597 2764 praebet
1618 2733 1679 2764 pro
1695 2724 1784 2760 Nec,-

341 2771 399 2802 sed
420 2777 597 2812 utrumque
615 2780 730 2801 verum
755 2775 851 2809 puto.
893 2771 983 2803 b‘otlc.
1002 2771 1057 2811 qui
1082 2771 1163 2810 legit
1183 2771 1288 2809 Neque
1318 2779 1397 2800 uum·
1423 2777 1520 2808 quem.
1565 2767 1710 2799 Accersae
1726 2767 1785 2799 ΒΓ.
