1966 3302
309 246 394 287 702
801 257 840 287 P.
873 257 1112 286 TERENTH
1149 256 1264 287 AFRt

310 350 552 405 Nunquam
589 351 654 393 ita,
684 351 920 404 magnifice
952 352 1191 406 quicquam
1224 352 1384 403 dicam,
1416 351 1462 393 id
1485 352 1623 394 virtus
1652 353 1755 407 quin

481 425 654 472 superet
674 426 762 460 tua.

309 486 470 540 Itaque
489 500 618 527 unam
640 487 754 528 hanc
777 500 864 528 rem
885 500 956 528 me
985 488 1146 528 habere
1168 491 1326 542 praeter
1347 487 1460 529 alios
1481 488 1753 543 praecipuam

479 554 675 604 arbitror,
1728 568 1755 595 ο

310 621 507 662 Fratrem
528 622 697 662 homini
718 621 878 681 nemini
901 634 1000 663 esse
1022 623 1253 676 primarum
1286 623 1439 664 artium
1468 624 1612 677 magis
1640 624 1755 678 prin-

482 689 643 743 cipem.
740 675 821 687 Ψ

309 756 392 796 SY.
426 755 464 796 Ο
488 755 724 810 Ctesipho!
785 754 868 797 CT.
900 755 938 796 Ο
962 756 1093 810 Syre!
1143 723 1380 799 AEscfiinus
1402 757 1480 800 ubi
1511 758 1612 800 est'?
1672 757 1755 800 SY.

480 823 625 864 Ellum
645 825 654 865 !
683 829 725 866 te
746 829 955 878 expectat
975 824 1107 864 domi.
1167 825 1250 866 CT.
1283 825 1430 867 Hem!

310 891 393 932 SY.
426 890 548 942 Quid
579 893 677 933 est?
753 892 838 933 CT.
871 891 991 942 Quid
1025 892 1104 953 sit!
1135 893 1258 934 illius
1293 907 1442 947 opera,
1478 895 1603 950 Syre,
1641 907 1755 935 nunc

481 960 611 1001 vivo:
642 960 849 1001 festivom
870 960 1028 1014 caput!

308 1112 377 1142 dem
398 1111 471 1149 scio,
496 1120 543 1142 me
565 1121 717 1150 nunquam
739 1111 811 1142 illas
838 1115 900 1142 tam
915 1111 1080 1152 honorifice
1093 1112 1343 1152 proedicaturum,
1358 1115 1391 1143 ut
1407 1113 1576 1143 orationem
1589 1112 1690 1143 virtus
1705 1116 1757 1144 tua

307 1164 367 1184 non
383 1154 521 1185 excedat.
567 1154 676 1193 ltaque
687 1155 875 1194 proecipuum
891 1164 983 1185 unum
999 1155 1054 1186 hoc
1069 1155 1227 1195 proprium
1241 1155 1377 1185 arbitror
1392 1165 1438 1185 me
1453 1155 1574 1194 habere,
1599 1154 1686 1193 cujus
1700 1155 1757 1185 alii

307 1201 448 1237 expertes
471 1200 539 1227 sunt
550 1207 563 1233 ;
583 1197 702 1228 scilicet
719 1197 856 1236 fratrem
879 1197 989 1236 primis
1011 1198 1142 1235 artibus,
1169 1198 1373 1236 humanitate,
1389 1197 1604 1239 beneficentia,
1619 1197 1758 1229 omnibus

306 1240 549 1278 anteferendum.
594 1240 656 1270 SY.
694 1240 723 1270 Ο
756 1240 913 1280 Ctesipho.
958 1240 1018 1271 C'r.
1059 1241 1087 1270 0
1113 1240 1205 1282 Syre,
1234 1240 1360 1272 ubinam
1391 1240 1560 1272 AEschinus
1580 1243 1652 1271 est?
1694 1241 1756 1272 Sv.

308 1282 390 1313 Ecce
414 1283 512 1319 illum,
538 1283 571 1314 in
593 1283 711 1314 <edibus
736 1286 765 1314 te
791 1286 944 1323 expectat.
990 1284 1052 1314 CT.
1078 1282 1189 1314 Hem!
1226 1283 1288 1316 SY.
1313 1283 1398 1318 Quid
1415 1286 1484 1313 est?
1529 1283 1590 1315 CT.
1616 1283 1701 1318 Quid
1714 1283 1758 1313 sit

308 1325 445 1365 quaeris?
490 1326 581 1356 Illius
595 1326 708 1366 labore,
723 1330 754 1357 et
769 1325 925 1357 industria
943 1325 1067 1364 factum
1082 1329 1140 1367 est,
1159 1329 1192 1357 uc
1208 1327 1274 1357 vita
1290 1326 1366 1357 mihi
1381 1327 1466 1357 salva
1477 1326 1532 1358 sit.
1580 1326 1610 1357 Ο
1625 1326 1758 1367 lepidum

917 1436 993 1448 eoo-e
999 1436 1112 1448 toene
1119 1436 1155 1447 ee

308 1523 382 1545 esse
399 1518 517 1544 censet
530 1512 609 1554 Bip.
627 1523 724 1554 qnam
742 1517 772 1544 te
786 1515 941 1544 nuncu—4
957 1513 1016 1544 ΒΓ.
1035 1513 1201 1554 Nunquam
1216 1516 1356 1544 tam.—5
1380 1512 1416 1544 Si
1430 1516 1546 1554 proeter
1559 1512 1638 1544 alios
1652 1513 1759 1553 legas,

309 1555 392 1587 illud
414 1557 424 1572 ‘
439 1556 564 1587 homini
583 1556 727 1587 nemini’
750 1561 784 1587 et
808 1565 1055 1596 supervacuum
1083 1558 1162 1596 erit,
1188 1561 1224 1586 et
1249 1556 1422 1587 soloecum.
1476 1556 1585 1587 Unius
1611 1556 1757 1586 literulae

307 1599 451 1631 mutatio
465 1600 505 1631 ab
518 1598 671 1630 Auctore
687 1599 898 1639 propulsabit
912 1599 998 1630 hanc
1014 1598 1171 1638 injuriam
1184 1610 1191 1628 z
1209 1602 1324 1638 praeter
1338 1599 1416 1629 alias
1428 1599 1626 1639 praecipuam.
1643 1600 1652 1615 ‘
1664 1598 1758 1630 Prae-

309 1644 443 1684 cipuam
467 1647 595 1684 praeter
620 1641 727 1680 alias,'
755 1651 824 1681 [περ
848 1642 922 1672 aliis
949 1642 1061 1680 rebam,
1086 1647 1123 1673 ut
1139 1641 1229 1672 And.
1248 1651 1273 1673 1.
1293 1645 1321 1674 1.
1339 1644 1391 1673 31.
1416 1643 1425 1658 ‘
1443 1641 1573 1673 Horum
1596 1642 1652 1672 ille
1676 1641 1759 1672 nihil

309 1686 445 1725 euregie
463 1690 590 1726 praeter
612 1690 730 1716 cetera
744 1684 936 1716 Studebat!
960 1690 995 1715 et
1020 1687 1075 1716 95.
1097 1687 1105 1702 ‘
1121 1685 1210 1717 Quia
1238 1689 1311 1716 erat
1335 1683 1445 1715 forma
1470 1690 1598 1725 praeter
1625 1686 1759 1716 ceteras

310 1728 490 1760 Honesta!
512 1728 604 1760 Bent.
650 1729 659 1744 ‘
675 1728 777 1758 Bent.
805 1727 919 1767 inepte
945 1726 1043 1767 fingit
1068 1728 1168 1758 alias.-
1192 1737 1380 1767 provocans
1406 1727 1448 1758 ad
1476 1726 1583 1758 Andr.
1609 1735 1633 1758 ι.
1660 1729 1756 1759 l.31.

308 1771 375 1803 Sed
395 1771 481 1812 quod
500 1771 643 1802 alterum
660 1770 776 1801 laudat
791 1769 897 1801 Andr.
916 1778 939 1800 ι.
957 1773 989 1801 l.
1006 1773 1058 1801 95.
1074 1770 1187 1810 potius
1205 1776 1259 1800 est
1276 1780 1337 1810 pro
1355 1769 1456 1810 vulg.'
1481 1770 1557 1810 Rip.
1603 1769 1694 1800 Alias
1707 1779 1757 1800 re-

309 1820 476 1854 ceperunt
493 1814 594 1844 Both.
613 1814 703 1844 Perl.
749 1813 801 1843 De
819 1812 934 1844 Guelf.
958 1816 988 1843 2.
1016 1818 1111 1844 notat
1136 1813 1224 1843 idem
1251 1814 1259 1828 ‘
1275 1822 1339 1843 non
1366 1813 1442 1843 hab.
1465 1817 1581 1851 proeter
1594 1812 1759 1844 alias.’—6

308 1857 442 1888 Homini
457 1856 584 1888 nemini.
613 1856 754 1887 Variant
769 1856 854 1887 Mss.
873 1859 907 1887 et
923 1855 1021 1886 editi.
1065 1855 1105 1886 In
1129 1856 1203 1886 aliis
1227 1860 1290 1894 est,
1318 1855 1464 1886 Fratrem
1479 1854 1595 1885 homini
1609 1854 1760 1885 neminem

308 1910 383 1931 esse.
416 1899 455 1930 In
473 1900 560 1938 anis,
577 1899 722 1930 Fratrem
736 1899 887 1930 hominem
902 1908 975 1930 esse.
1007 1899 1086 1929 Duo
1103 1898 1186 1929 Mss.
1204 1898 1399 1936 Leidenses,
1417 1897 1586 1928 Hominum
1595 1897 1757 1928 nemiuem.

308 1943 402 1981 Duo,
419 1942 550 1973 Homini
563 1942 723 1973 neminem.
770 1941 875 1980 Unus,
894 1941 1060 1972 Hominem
1075 1941 1237 1973 neminem.
1281 1941 1338 1971 Tr.
1363 1940 1519 1971 Fratrem.
1534 1939 1690 1971 hominum
1704 1949 1758 1970 ne-

307 1987 420 2016 minem
436 1995 498 2016 esse
520 1985 689 2025 primarum
710 1984 811 2023 magis
831 1984 1013 2024 principem.
1037 1984 1143 2014 West.
1188 1984 1297 2015 Recte
1313 1983 1430 2014 homini
1444 1983 1581 2018 nemini‚·
1604 1986 1642 2013 ut
1669 1982 1758 2014 Hee.

310 2037 365 2059 111.
382 2032 411 2060 l.
430 2031 459 2060 1.
476 2033 512 2059 et
528 2027 607 2058 alibi
630 2029 640 2044 ⁴
653 2028 750 2058 homo
768 2037 866 2057 nemo
880 2027 901 2057 :’
927 2027 1010 2057 licet
1034 2036 1147 2057 omnes
1172 2026 1290 2065 nostri,
1315 2035 1380 2056 uno
1396 2025 1504 2066 Regio
1520 2030 1679 2064 excepto,
1701 2025 1758 2055 hic

307 2071 455 2102 habeant
469 2072 629 2102 neminem.
646 2070 749 2101 Bent.
791 2070 916 2100 Nemini
931 2069 1030 2100 etiam
1048 2069 1227 2109 legendum
1244 2073 1359 2099 monet
1372 2069 1430 2099 Fa.
1469 2068 1524 2098 Ita
1538 2073 1576 2099 et
1590 2068 1656 2099 Do.
1672 2067 1758 2107 Eug.

307 2114 365 2144 Sic
381 2114 516 2145 ordinat
531 2114 632 2144 Both.
670 2113 815 2144 Fratrem
837 2113 1009 2153 primarum
1024 2122 1089 2143 esse
1103 2113 1220 2142 artium
1235 2111 1350 2142 homini
1363 2111 1479 2142 nemini
1494 2120 1536 2141 m.
1550 2120 1583 2151 p.
1629 2110 1760 2141 Homini

308 2157 459 2187 nemiuem
484 2157 542 2187 ΒΓ.
588 2156 732 2187 Fratrem
755 2155 910 2187 hominum
936 2160 1003 2186 vet.
1020 2155 1096 2186 cod.
1112 2165 1165 2195 ap.
1182 2155 1342 2186 Lind.—7
1366 2154 1432 2185 Ms.
1450 2153 1542 2194 Lips.
1558 2156 1699 2193 expectat
1715 2156 1757 2183 te.

310 2199 379 2230 Alii
394 2198 506 2231 ellum?
531 2199 850 2237 interrogative-8
876 2198 1030 2229 Festivom
1055 2196 1173 2238 caput!
1196 2197 1269 2229 EA.
1297 2197 1369 2228 ΕΤ.
1398 2197 1469 2227 EV.
1497 2199 1525 2227 l.
1550 2195 1709 2227 Heinsius
1724 2195 1759 2226 in

311 2242 394 2273 edit.
410 2241 599 2273 Amstelod.
617 2244 713 2272 1618.
756 2241 841 2282 Syro
863 2241 935 2272 haec
954 2241 1129 2279 tribnunt3
1153 2240 1241 2281 quod
1268 2244 1385 2271 secuta
1410 2244 1463 2270 est
1486 2239 1570 2269 Dae.
1615 2237 1761 2271 Quando

311 2290 423 2315 tamen
439 2285 575 2316 dubium
592 2287 716 2322 manet,
731 2284 968 2315 AEschinumne
985 2284 1152 2323 intelligat
1173 2293 1304 2322 servus,
1319 2292 1360 2313 an
1377 2281 1631 2322 Ctesiphonem.
1672 2281 1757 2311 Mss.

311 2328 466 2368 plerique
481 2337 597 2358 omnes
614 2327 765 2358 tribuunt
780 2327 999 2366 Ctesiphoni3
1024 2332 1128 2367 atque
1154 2326 1186 2356 in
1214 2326 1253 2356 iis
1270 2326 1416 2366 quinque
1434 2323 1629 2355 Leidenses.
1658 2323 1758 2355 West.

311 2371 391 2411 ssip.
412 2371 499 2412 Syro
515 2371 636 2402 tribuit
649 2375 683 2400 et
699 2370 782 2410 legit
797 2370 882 2401 iltius
896 2379 986 2410 opera
1005 2379 1086 2401 nunc
1112 2368 1182 2400 vivo
1209 2368 1248 2399 Si
1274 2371 1302 2398 0
1318 2367 1469 2406 festivum
1495 2366 1614 2407 caput!
1650 2365 1759 2397 Abest

971 2475 1110 2507 NOTAE

354 2557 374 2585 6
399 2553 531 2584 Homini
545 2552 675 2592 nemini]
700 2553 762 2595 Vel
779 2552 945 2583 Hominem
958 2560 1010 2582 ne·
1066 2551 1114 2581 ita
1137 2550 1295 2590 explica3
1319 2559 1419 2581 unam
1443 2549 1531 2581 hanc
1553 2557 1621 2579 rem
1638 2555 1690 2578 me
1705 2547 1761 2578 ha·

312 2605 435 2644 minem,
466 2604 518 2634 vel
550 2603 680 2634 Homini
717 2603 880 2643 neminem,
909 2602 1011 2633 variae
1067 2602 1146 2633 bere
1176 2607 1303 2643 praeter
1330 2601 1414 2632 alios
1439 2601 1646 2642 praecipuam
1673 2598 1762 2630 arbi-

312 2655 580 2687 suntlectiones.
617 2654 728 2685 Nemo
741 2655 841 2685 homo
857 2658 910 2685 est
925 2654 1010 2685 anti·
1066 2659 1160 2693 tr0r3
1184 2653 1315 2684 scilicet
1337 2651 1505 2683 hominem
1530 2649 1712 2687 neminem,
1726 2648 1760 2681 id

313 2717 381 2748 qua
410 2705 548 2744 locutio,
578 2713 654 2745 pro,
683 2704 792 2734 nullus
823 2704 931 2735 homo.
975 2704 1009 2734 Si
1065 2709 1130 2742 est,
1150 2704 1276 2734 nullum
1301 2703 1480 2738 hominem,
1499 2700 1556 2742 qui
1583 2699 1690 2731 frater
1715 2699 1759 2729 sit

314 2757 421 2797 legas,
439 2755 569 2786 Homini
582 2754 710 2793 nemini,
725 2763 840 2784 sensus
857 2755 921 2785 erit
938 2755 1009 2794 pla-
1062 2754 1174 2792 alicui,
1190 2754 1370 2794 primarum
1390 2752 1512 2783 artium
1536 2750 1644 2791 magis
1664 2749 1757 2791 prin-

317 2808 398 2837 nior.
444 2806 479 2837 Si
510 2806 616 2845 legas,
647 2804 810 2835 Neminem
847 2805 1006 2843 hominem,
1062 2806 1184 2845 cipem.
