1966 3302
305 232 390 274 952
803 243 843 272 P.
877 242 1118 272 'rann-wrm
1155 242 1270 272 Arm

304 336 490 385 Vereor,
513 349 565 376 ne
599 334 755 376 isthaec
788 334 1000 376 fortitudo
1035 337 1080 376 in
1110 349 1293 378 nervom
1328 341 1528 391 erumpat
1552 337 1759 392 denique.

483 403 637 443 PHOR.
671 401 767 442 Ah!

309 470 414 512 Non
435 470 496 510 ita
516 474 608 510 est:
638 468 803 510 factum
826 473 893 510 est
912 470 1148 522 periclum:
1179 471 1268 523 jam
1299 470 1460 524 pedum
1480 472 1579 513 visa
1599 472 1656 514 'st
1676 473 1761 514 via.

310 537 433 588 Quot
464 550 534 578 me
572 550 734 578 censes
755 536 958 577 homines
984 536 1081 590 jam
1102 537 1414 579 deverberasse
1433 551 1578 593 usque
1599 539 1657 580 ad
1687 552 1759 580 ne-

477 617 571 645 cem
589 604 608 644 ‘l

306 672 537 726 Hospites,
558 676 651 712 tum
671 671 828 713 cives?
859 684 946 724 quo
966 671 1109 723 magis
1131 672 1250 721 novi,
1277 674 1401 719 tanto
1425 672 1603 725 saepius.

309 740 434 781 Cedo
456 739 575 788 dum,
606 751 661 779 en
693 751 890 792 unquam
922 738 1179 793 injuriarum
1217 738 1378 780 audisti
1412 739 1518 780 mihi
1549 740 1762 794 scriptam

476 807 621 848 dicam
638 807 657 847 ‘l
1707 808 1764 848 15

305 873 395 915 GE.
429 874 519 924 Qui
540 874 688 915 istuc?
750 874 907 916 Pnon.
940 874 1064 926 Quia
1095 887 1180 916 non
1216 879 1307 917 rete
1328 874 1532 929 accipitri
1553 874 1763 925 tenditur,

476 954 618 994 neque
644 941 796 991 miluo,

309 1008 401 1060 Qui
423 1008 539 1050 male
559 1008 728 1050 faciunt
749 1008 904 1050 nobis:
937 1008 1045 1059 illis,
1068 1010 1145 1063 qui
1166 1010 1275 1050 nihil
1295 1010 1480 1060 faciunt,
1500 1009 1706 1051 tenditur.

310 1076 431 1127 Quia
451 1077 568 1117 enim
591 1077 637 1117 in
658 1076 748 1117 illis
770 1076 939 1118 fructus
960 1080 1053 1127 est3
1087 1077 1132 1117 in
1153 1077 1242 1117 iilis
1263 1089 1398 1130 opera
1416 1076 1595 1118 luditur.

308 1144 425 1186 Aliis
447 1144 623 1185 aliunde
645 1147 713 1185 est
735 1144 962 1197 periclum,
982 1144 1100 1185 unde
1125 1144 1293 1198 aliquid
1315 1144 1467 1186 abradi
1488 1147 1663 1198 potest:

307 1266 438 1297 audacia
462 1266 549 1297 nobis
577 1266 709 1296 exilium
734 1263 862 1306 afferat,
883 1264 931 1295 ita
954 1267 988 1295 ut
1008 1264 1042 1296 in
1057 1265 1180 1296 vincula
1195 1265 1407 1304 conjiciamur.
1453 1265 1524 1296 ΡΗ.
1545 1264 1612 1303 Ah,
1627 1263 1767 1305 nonfiet.

310 1309 568 1348 Experimentum
586 1308 656 1347 jam
672 1307 752 1346 feci,
777 1308 912 1346 vestigia
935 1307 1042 1347 quibus
1059 1307 1202 1338 insistam
1216 1311 1289 1339 nota
1304 1311 1390 1338 sunt.
1437 1308 1522 1343 Quot
1529 1307 1598 1345 jam
1613 1317 1660 1338 me
1674 1311 1769 1347 putas

308 1351 444 1382 homines
466 1351 609 1383 cecidisse
624 1361 716 1392 usque
731 1352 772 1382 ad
796 1354 936 1391 mortem,
953 1350 1099 1390 hospites,
1113 1351 1218 1381 cives?
1238 1360 1296 1391 quo
1312 1350 1415 1389 magis
1429 1350 1622 1390 experientia
1643 1351 1770 1381 edoctus

308 1403 386 1432 sum,
402 1404 436 1425 eo
451 1395 565 1434 saepius
579 1395 613 1425 id
623 1393 703 1432 feci.
748 1393 813 1424 Dic
832 1392 923 1432 mihi,
947 1403 1061 1433 quaeso,
1077 1403 1117 1423 an
1132 1403 1266 1433 unquam
1280 1393 1432 1424 audivisti
1446 1393 1634 1430 injuriarum
1647 1391 1769 1423 nomine

309 1446 357 1467 me
371 1436 467 1475 injus
482 1440 620 1468 vocatum
635 1434 727 1468 esse?
772 1436 840 1467 GE.
866 1433 1096 1471 Quamobrem?
1142 1435 1211 1466 PH.
1237 1435 1321 1471 Quia
1336 1436 1416 1466 retia
1432 1445 1491 1466 non
1504 1436 1673 1466 tenduntur
1686 1433 1768 1465 acci-

307 1479 386 1518 pitri
399 1483 430 1510 et
442 1480 559 1518 milvio,
569 1479 621 1520 qui
632 1479 720 1510 uobis
732 1488 839 1509 nocere
853 1479 949 1509 solent
961 1490 970 1509 .·
994 1479 1165 1509 tenduntur
1177 1488 1247 1509 vero
1262 1477 1326 1508 illis
1339 1479 1446 1508 avibus
1460 1488 1527 1517 quoe
1542 1477 1629 1508 nobis
1639 1486 1699 1507 non
1711 1486 1767 1507 no-

310 1525 391 1552 cent.
416 1523 498 1560 Illa»,
513 1523 540 1553 si
552 1523 727 1562 capiantur,
738 1521 771 1552 in
787 1521 889 1552 cibum
902 1524 1052 1561 prosunt:
1068 1519 1102 1551 in
1117 1521 1180 1551 illis
1193 1521 1278 1551 nullu
1286 1520 1390 1560 positu
1399 1523 1446 1551 est
1462 1520 1596 1550 utilitas.
1621 1519 1674 1550 Sic
1684 1519 1769 1550 aliud

311 1564 395 1603 aliis,
409 1576 427 1595 α
443 1565 553 1605 quibus
567 1565 685 1605 aliquid
699 1563 878 1605 extorqueri
889 1567 1005 1604 potest,
1020 1563 1119 1594 instat
1132 1563 1302 1603 periculum
1315 1573 1325 1593 .·
1351 1566 1386 1593 at
1402 1563 1478 1593 milii
1493 1563 1597 1593 sciunt
1610 1562 1691 1593 nihil
1705 1570 1770 1593 esse

923 1656 1159 1668 eeeeeeeeeeee

313 1726 393 1757 sede
409 1725 594 1757 Trochaeus
610 1725 769 1756 evitetur.
795 1724 891 1755 Bent.
925 1722 1052 1763 Semper
1069 1732 1130 1763 pro
1145 1732 1226 1762 soepe
1241 1722 1428 1754 Eoum—11
1454 1722 1522 1753 Nec
1538 1730 1601 1763 pro
1616 1731 1654 1753 ue
1666 1721 1771 1754 Both.

312 1772 397 1800 —12
420 1769 571 1799 Praestat
587 1768 660 1799 liaec
677 1767 866 1806 distinctio,
881 1774 952 1807 prae
975 1767 1140 1797 aliorum:
1166 1766 1293 1803 factum
1317 1769 1363 1796 est
1382 1764 1532 1805 periclum
1548 1764 1618 1803 jam
1637 1765 1771 1804 pedum:

312 1812 379 1843 visa
395 1812 433 1842 ’st
447 1812 511 1842 via.
537 1811 643 1841 West.
688 1809 886 1849 Periculum]
910 1808 1071 1839 Periclum
1087 1808 1194 1849 exigit
1210 1817 1342 1847 versus,
1356 1812 1391 1839 et
1408 1808 1455 1838 ita
1471 1811 1524 1838 est
1548 1808 1581 1837 in
1598 1807 1637 1838 V.
1655 1811 1692 1837 et
1707 1807 1767 1839 vi.

314 1860 349 1886 et
363 1855 443 1886 Bas.
487 1854 576 1885 Item
593 1852 683 1884 infra
702 1852 898 1893 legendum,
914 1851 996 1882 Aliis
1011 1851 1136 1882 aliunde
1151 1854 1197 1882 est
1208 1851 1380 1891 periclum:
1403 1854 1440 1880 ut
1453 1853 1488 1880 et
1503 1850 1536 1880 in
1552 1850 1632 1880 Bas.
1657 1849 1770 1881 Fa'e‘rn.

315 1897 430 1929 Nostri
449 1896 630 1937 utrobique
642 1895 804 1936 periclum.
829 1895 931 1925 Bent.
978 1893 1201 1933 Distinguunt
1219 1893 1369 1923 nonnulli
1382 1892 1467 1930 fact.
1482 1895 1529 1923 est
1547 1892 1656 1932 pericl.
1674 1891 1704 1930 j.
1719 1902 1772 1932 pe·

314 1942 407 1971 dum.-
428 1939 496 1970 visa
512 1938 552 1970 'st
568 1938 629 1974 viu,
652 1938 855 1969 inconsulte.
881 1937 969 1967 Peri.
1015 1937 1196 1967 Periculum
1211 1935 1338 1967 Z.-14
1361 1934 1509 1966 Videtur
1525 1943 1587 1974 per
1605 1935 1771 1975 ὑστερολο-

313 1982 543 2020 7lavdict11n1‚
560 1991 634 2022 pro,
663 1981 731 2016 Quo
756 1981 885 2020 soepz'us,
908 1982 996 2010 lanto
1021 1979 1123 2018 inagis
1148 1979 1236 2009 noui.-
1265 1977 1437 2019 quomodo
1465 1977 1653 2008 Palmerius
1676 1978 1773 2017 legit.

315 2025 396 2056 Wit.
419 2034 452 2056 eo
478 2024 605 2064 saepius.
649 2023 750 2054 Wiel.
766 2022 959 2062 suspicatur
983 2021 1186 2061 legendum:
1211 2021 1260 2051 Eo
1274 2020 1376 2059 magis
1399 2019 1483 2055 novi,
1507 2022 1621 2060 quanto
1644 2019 1772 2060 saepius.

315 2068 423 2098 West.
470 2068 549 2098 Tum
563 2065 660 2105 civi-es]
684 2066 786 2105 Vulg.
804 2066 938 2104 signum
955 2064 1094 2103 rogandi
1113 2068 1258 2104 ponunt,
1274 2068 1310 2094 et
1326 2060 1550 2102 ὑστερολογίαν
1569 2062 1715 2102 aliquam
1738 2062 1773 2093 in

316 2120 367 2151 sq.
385 2114 552 2141 statuunt.
608 2108 837 2139 Falsissimum
855 2107 888 2137 id
907 2111 1083 2145 putamus:
1111 2111 1157 2144 et,
1174 2105 1308 2136 sublato
1325 2105 1420 2145 signo
1438 2104 1580 2144 rogandi
1596 2110 1675 2145 post
1698 2105 1708 2122 ‘
1725 2104 1773 2135 ci—

318 2152 398 2188 ves,'
420 2157 536 2183 cetera
552 2152 598 2183 ita
622 2150 872 2191 conjungimus,
890 2153 928 2180 ut
954 2153 1119 2188 augeatur
1145 2148 1325 2187 gloriatio:
1357 2149 1442 2178 Tum
1459 2148 1565 2186 cives,
1584 2157 1649 2187 quo
1665 2146 1774 2187 magis

315 2205 373 2226 eos
389 2195 480 2234 novi,
495 2194 578 2236 (quo
594 2194 743 2225 notiores
755 2192 835 2223 mihi
852 2191 968 2230 fuere)
983 2197 1076 2222 tanto
1093 2192 1217 2231 saepius
1242 2191 1303 2222 int.
1327 2189 1583 2226 deverberasse,
1596 2190 1626 2220 h.
1640 2199 1670 2221 e.
1686 2190 1774 2220 male

317 2243 499 2270 tractasse.
522 2237 598 2277 Rip.
648 2236 717 2272 Quo
733 2244 823 2274 mage
838 2238 936 2271 notos,
952 2237 1039 2264 tanto
1053 2234 1166 2264 soecius
1181 2234 1240 2264 dat
1257 2233 1444 2264 Banu—15
1468 2232 1528 2263 ΒΥ.
1544 2232 1663 2263 audisti
1675 2232 1777 2263 mihi?

316 2281 475 2321 Scriptum
489 2281 690 2311 dicam—16
716 2278 778 2313 Qui
794 2277 890 2317 istuc]
912 2276 967 2307 Ita
984 2276 1075 2307 edidi
1091 2286 1132 2306 ex
1145 2277 1227 2307 Mss.
1239 2280 1274 2306 et
1291 2276 1462 2315 impressis
1480 2274 1627 2315 optimis.
1650 2274 1776 2315 Vulgo,

319 2324 403 2359 Quid
418 2324 522 2354 istuc?
546 2323 607 2353 Est
623 2326 735 2352 autem
751 2320 845 2350 miluo
862 2319 894 2349 in
913 2320 995 2350 Mss.
1009 2319 1161 2359 plurimis
1177 2324 1213 2349 et
1229 2318 1401 2357 impressis
1418 2317 1568 2356 optimis,
1579 2326 1644 2347 nou
1658 2317 1775 2355 milvio,

318 2366 407 2406 quod
423 2366 523 2405 vulgo
542 2365 680 2404 legitur,
697 2369 817 2403 estque
834 2371 898 2392 vox
916 2362 1105 2401 trisyllaba.
1151 2361 1238 2391 Vide
1255 2359 1371 2391 Gifan.
1388 2359 1465 2390 Iud.
1483 2360 1621 2390 Lucret.
1636 2369 1667 2389 v.
1685 2359 1778 2390 Reli-

318 2418 424 2449 quus3
449 2413 485 2438 et
501 2407 657 2447 Interpp.
675 2406 718 2436 ad
738 2405 857 2436 Pliaed.
875 2413 899 2434 1.
915 2407 969 2435 33.
983 2407 1016 2436 3.
1063 2403 1103 2434 In
1119 2403 1227 2435 Codd.
1240 2402 1439 2443 quibusdam
1456 2407 1521 2440 est,
1536 2401 1699 2433 tenuitur:
1721 2401 1775 2442 ἄρ·

317 2453 445 2490 χαῖκῶς.
474 2450 572 2481 West.
617 2448 748 2488 Milvio]
773 2448 811 2478 ln
828 2457 860 2478 o.
877 2447 898 2478 1.
915 2445 1068 2477 invenies
1083 2447 1248 2485 scriptum
1266 2446 1368 2476 miluo.
1386 2446 1446 2476 Fa.
1467 2444 1523 2475 Sic
1540 2444 1647 2475 nostri
1662 2443 1775 2475 miluo.-

319 2500 354 2525 et
371 2495 420 2525 ita
436 2493 527 2533 apud
548 2492 632 2523 alios
655 2492 843 2530 scriptores
867 2489 943 2520 libri
963 2489 1101 2520 vetusti.
1135 2489 1232 2519 Bent.
1290 2487 1375 2523 Quid
1390 2487 1471 2518 istuc
1488 2485 1602 2518 Guelf.
1620 2489 1653 2516 3.
1689 2486 1776 2517 Peri.

318 2537 419 2567 Minio
436 2537 537 2567 Bent.
554 2535 657 2565 Both.
687 2534 789 2565 Miluo
806 2531 1018 2572 trisyllabum
1035 2536 1100 2562 est.
1137 2530 1191 2562 Al.
1208 2530 1324 2568 milvio,
1337 2535 1456 2561 contra
1473 2533 1558 2560 vett.
1574 2527 1676 2560 codd.
1699 2528 1775 2568 Rip.

322 2579 434 2609 Milvio
454 2578 578 2618 Delph.
603 2577 703 2607 Miluo
721 2577 779 2606 Br.
795 2575 834 2606 Z.
856 2574 945 2604 Perl.
979 2574 1076 2604 Recte
1094 2583 1155 2613 pro
1170 2576 1236 2604 rete
1250 2573 1310 2603 Br.
1327 2572 1354 2602 si
1371 2572 1403 2602 id
1420 2576 1514 2603 recte
1532 2570 1621 2611 typis
1637 2579 1776 2610 expres-

321 2622 364 2651 sit
383 2622 592 2651 Bruns.—17
625 2619 680 2651 Nil
691 2618 878 2658 quifaciuut
893 2616 1080 2648 Botlr.-—18
1108 2617 1145 2646 Iu
1160 2616 1209 2646 lais
1223 2624 1313 2654 oper-11
1330 2614 1461 2653 luditur]
1484 2613 1525 2644 In
1537 2613 1634 2644 Bem.
1651 2617 1687 2643 et
1700 2613 1777 2643 Bas.

322 2663 507 2701 logit11r‚¹in
523 2663 597 2700 illis,
622 2662 667 2692 ita
683 2665 718 2691 et
731 2659 819 2699 apud
839 2660 902 2690 Do·
928 2659 987 2690 Fa.
1034 2658 1089 2688 Sic
1106 2662 1142 2688 et
1159 2658 1266 2688 nostri
1282 2667 1288 2685 :
1314 2656 1372 2687 sed
1391 2655 1470 2696 quid
1487 2660 1539 2686 est
1554 2654 1673 2690 inillis,
1689 2654 1723 2685 in
1738 2655 1777 2685 il-

321 2706 382 2736 lis?
407 2715 466 2744 pro
485 2704 672 2744 posteriore
699 2711 825 2742 repone
842 2702 874 2731 in
890 2701 981 2737 islis;
1008 2699 1184 2739 Accipitre
1201 2699 1334 2731 scilicet
1350 2702 1386 2729 et
1405 2697 1524 2729 Miluo.
1570 2696 1633 2728 Isti
1647 2696 1779 2732 dicunt,

322 2748 363 2776 ‹le
382 2747 419 2777 iis
437 2757 519 2787 qnos
536 2750 756 2777 contemnunt
773 2748 832 2775 aut
848 2746 1059 2774 aversantur.
1083 2743 1178 2773 cht.
1231 2741 1294 2772 Cui
1312 2741 1391 2780 Bip.
1415 2750 1450 2771 se
1477 2738 1636 2771 assentiri
1653 2743 1755 2780 negat
1767 2749 1777 2769 2

322 2789 381 2821 sed
397 2789 624 2821 assentiuntur
640 2787 742 2818 Roth.
765 2786 945 2818 PerL-lss
968 2784 1084 2825 Abripi
1100 2785 1200 2817 Bodl.
1216 2788 1253 2815 et
1268 2783 1313 2816 G.
1340 2783 1527 2815 Wese.-21
1551 2781 1693 2814 Sublata
1706 2780 1778 2814 dic-
