1966 3302
508 201 923 232 HEAUTONTIMOR.
957 201 1064 231 ACT.
1101 203 1144 232 v,
1170 192 1246 232 sc.
1282 203 1324 232 ν.
1558 195 1643 236 663

585 419 787 463 ACTUS
820 419 878 461 V.
941 420 1147 462 SCENA
1179 420 1235 461 V.

269 588 596 623 MENEDEMUS.
656 586 906 618 CHREMES.
969 586 1221 616 CLITIPHO.
1283 586 1552 618 SoSTRA'rA.

181 701 278 744 ME.
310 701 582 742 ENiMVERo
604 697 812 740 Chremes
829 698 960 739 nimis
977 698 1166 750 graviter
1182 698 1350 739 cruciat
1371 698 1632 740 adolescen-

354 769 512 817 tulum,

179 836 417 890 Nimisque
464 835 725 876 inhumane:
772 846 884 874 exeo
929 845 1046 885 ergO,
1089 835 1138 872 ut
1176 845 1334 886 pacem
1380 834 1633 877 conciliem.

349 903 540 958 Optume

176 972 313 1026 Ipsos
353 972 498 1014 video.
558 970 646 1012 cn.
697 969 853 1019 Ehem,
889 967 1181 1008 Menedeme!
1224 980 1302 1008 cur
1338 981 1422 1008 non
1464 972 1634 1012 arcessi

340 1042 475 1095 jubes

176 1109 353 1159 Filiam,
375 1113 422 1150 et
440 1107 557 1162 quod
573 1106 691 1148 dotis
707 1105 816 1154 dixi,
833 1104 1014 1145 firmas?
1074 1103 1152 1144 So.
1187 1103 1254 1144 Mi
1268 1103 1349 1152 vir,
1368 1107 1410 1144 te
1425 1105 1632 1170 obsecro,

175 1176 246 1217 Ne
276 1176 432 1218 facias.
495 1175 580 1216 CL.
611 1175 758 1223 Pater,
792 1174 993 1221 obsecro,
1027 1176 1075 1213 ut
1109 1171 1213 1212 mihi
1247 1172 1469 1225 ignoscas.
1530 1173 1627 1219 ME.

349 1245 421 1285 Da
441 1244 632 1292 veniam,
653 1242 861 1283 Chreme:
1600 1244 1630 1283 5

174 1311 274 1353 Sine
306 1316 347 1353 te
374 1324 565 1352 exorem.
626 1309 714 1351 CH.
746 1308 883 1361 Egon’
916 1320 1015 1349 mea
1047 1308 1167 1348 bona
1198 1310 1243 1348 ut
1275 1307 1375 1349 dem
1408 1310 1625 1351 Bacchidi

342 1380 489 1421 dono'?
522 1379 670 1421 sciens.

210 1531 284 1562 ME.
325 1531 469 1568 Profecto
487 1530 632 1561 Chremes
648 1530 740 1560 nimis
755 1528 862 1559 acerbe
878 1527 1029 1567 nimisque
1046 1527 1210 1558 inhumane
1225 1525 1415 1566 objurgando
1431 1531 1522 1558 vexat
1549 1529 1621 1558 ado-

167 1574 325 1605 lescentem
343 1574 570 1613 Clitiphonem;
585 1582 658 1612 ergo
673 1573 816 1612 egredior
830 1572 870 1602 ad
885 1581 945 1609 eos,
961 1574 996 1601 ut
1008 1578 1115 1610 pacem
1130 1571 1213 1600 inter
1225 1580 1274 1600 eos
1289 1579 1475 1609 componam.
1528 1571 1622 1602 Video

166 1616 248 1656 ipsos
263 1619 439 1657 opportune.
484 1617 552 1647 Cu.
582 1616 690 1654 Ehem,
710 1616 899 1651 Menedeme,
915 1624 968 1644 cur
984 1624 1042 1643 nan
1065 1615 1194 1643 mandas
1221 1613 1367 1643 advocari
1382 1613 1492 1653 filiam
1519 1623 1622 1644 meam

166 1660 373 1699 Antiphilam,
398 1663 434 1690 uc
457 1659 499 1690 sit
524 1659 582 1690 tibi
608 1668 701 1689 nurus
717 1668 729 1694 ‚·
748 1662 777 1688 et
800 1668 854 1688 cur
880 1667 940 1687 mm
968 1656 1117 1696 approbas
1130 1659 1159 1686 et
1176 1656 1319 1686 admittis
1333 1665 1400 1686 eam
1415 1657 1515 1686 autem
1530 1667 1621 1696 qaam

165 1702 254 1732 dixi?
298 1703 357 1733 So.
383 1702 412 1732 0
429 1702 470 1732 mi
485 1703 611 1741 conjux,
623 1701 770 1739 nesae-ias
786 1702 832 1737 id,
848 1699 1175 1740 exhaeredansfilinm,
1191 1701 1221 1728 te
1236 1706 1353 1738 precor.
1387 1699 1447 1729 CL.
1474 1699 1503 1728 O
1517 1703 1624 1739 pater,

164 1745 223 1774 tibi
236 1745 372 1785 supplico
387 1748 422 1775 ut
438 1745 514 1775 mihi
527 1755 648 1785 parcas.
693 1744 767 1774 ME.
795 1744 823 1774 O
841 1743 984 1780 Chreme,
999 1751 1089 1781 parce
1106 1741 1166 1777 ini,
1191 1740 1337 1781 permitte
1361 1746 1396 1772 ut
1422 1742 1562 1781 precihus
1586 1743 1619 1773 id

165 1796 183 1818 α
198 1790 228 1818 le
242 1788 415 1829 impetrem.
461 1788 529 1819 Cn.
556 1788 597 1818 Ut
607 1797 663 1829 ego
672 1788 778 1818 donem
792 1796 858 1817 mea
868 1786 944 1817 bona
961 1784 1283 1816 meretrstfflacchiffi
1292 1785 1401 1824 sciens,
1414 1785 1518 1816 videus
1530 1783 1545 1816 ζ)
1562 1796 1623 1816 non

770 1903 1012 1916 eemmaeeeo

208 1989 249 2020 In
274 1991 351 2031 Bip.
377 1991 457 2024 Act.
481 2002 514 2023 v.
540 1993 597 2024 Sc.
616 1996 713 2025 8.—2
736 1994 837 2033 vulg.
865 1993 1029 2032 Nimisque
1051 1992 1228 2029 inhumane,
1253 1993 1414 2030 correpta
1433 1989 1537 2020 ‘mis'
1553 1992 1619 2031 syl-

164 2031 242 2063 laba
269 2039 349 2064 ante
366 2035 576 2075 encliticam,
594 2037 684 2077 quod
709 2037 936 2067 durissimum.
960 2036 1057 2066 Both.
1078 2035 1134 2076 qui
1161 2034 1335 2074 igiturque
1360 2033 1500 2064 omittit.
1546 2034 1617 2065 Pro

161 2078 282 2114 optume
298 2077 339 2107 al.
355 2082 600 2117 opportuna—4
623 2078 682 2110 Al.
698 2083 728 2110 et
742 2081 820 2119 quod
843 2079 914 2111 dixi
936 2080 1092 2110 dotis.—5
1122 2078 1165 2108 Ut
1182 2077 1344 2107 omittunt
1361 2076 1464 2108 Bent.
1482 2075 1617 2107 Perh—

161 2119 185 2164 6-
204 2117 278 2148 Sine
293 2123 324 2149 te
340 2129 473 2151 exorem.
518 2121 576 2153 Ita
591 2121 675 2152 editi
692 2127 839 2161 veteres,
857 2127 891 2152 et
907 2121 1063 2162 plerique
1079 2121 1163 2151 Mss.
1189 2120 1229 2150 In
1248 2119 1422 2158 impressis
1448 2119 1616 2150 recentio—

159 2159 254 2191 ribus
270 2162 467 2202 quibusdam
493 2170 558 2199 est,
573 2167 692 2195 exoret.
738 2165 870 2203 Malim,
886 2169 1014 2195 exorent
1027 2175 1037 2195 .·
1062 2173 1137 2193 nam
1156 2167 1191 2193 et
1215 2167 1326 2192 mater
1339 2167 1373 2192 et
1396 2161 1480 2192 filius
1498 2171 1616 2192 orave-

160 2207 247 2234 rant.
293 2204 386 2235 Idem
405 2215 447 2236 ex
464 2206 531 2237 Ms.
548 2207 624 2238 Pal.
643 2207 758 2238 laudat
775 2208 820 2239 G.
835 2208 874 2238 F.
902 2208 997 2238 West.
1042 2206 1145 2245 Egou‘
1161 2215 1227 2235 mea
1240 2205 1315 2235 bona
1331 2208 1363 2234 at
1375 2205 1443 2235 clem
1458 2205 1615 2236 Bacchidi

157 2244 257 2277 dono?
277 2247 375 2278 sciens
392 2249 465 2278 Non
473 2248 606 2286 faciam.
651 2250 708 2281 Ita
725 2250 830 2289 edidi,
845 2254 982 2280 secutus
997 2250 1237 2280 auctoritatem
1251 2247 1438 2278 editionum
1453 2247 1616 2286 Juntiuae‚

157 2287 209 2318 St.
225 2288 317 2322 Pict.
353 2291 463 2331 Vulgo
480 2292 527 2322 ita
540 2303 548 2323 :
575 2293 678 2332 Egon‘
691 2303 757 2324 mea
774 2293 850 2324 bona
865 2296 899 2323 ut
912 2294 980 2323 dem
996 2292 1149 2322 Bacchidi
1164 2292 1240 2321 dono
1253 2287 1377 2321 sciens?
1401 2290 1474 2320 Non
1480 2289 1616 2327 faciam.

156 2329 266 2361 Idem.
310 2333 352 2364 In
376 2334 462 2365 libro
486 2335 607 2367 Bemb.
631 2336 794 2376 scriptum
818 2335 932 2366 fuerat
957 2338 1104 2371 exorent;
1128 2338 1246 2374 postea
1269 2334 1382 2363 deleto
1398 2334 1614 2371 n,2*e1nansit

157 2378 284 2412 exoret;
308 2376 398 2416 quod
425 2382 461 2407 et
486 2378 621 2417 placet:
645 2388 722 2409 nam
748 2388 824 2410 cum
845 2388 885 2409 eo
912 2379 1069 2419 quadrat,
1087 2378 1174 2417 quod
1201 2376 1330 2406 dictum
1358 2380 1429 2405 est:
1456 2377 1465 2393 ‘
1484 2376 1540 2406 Da
1557 2386 1613 2407 ve-

155 2416 272 2448 niam.’
297 2419 357 2451 Fa.
400 2419 475 2450 Sine
490 2424 521 2451 te
534 2424 652 2452 exoret.
670 2422 739 2453 CH.
764 2422 855 2460 Egon
877 2431 944 2451 mea
966 2420 1043 2451 bona
1070 2423 1102 2451 ut
1119 2421 1187 2450 dem
1211 2418 1364 2449 Bacchidi
1386 2419 1463 2448 dono
1485 2417 1613 2451 sciens?

155 2458 265 2490 Recte
280 2460 378 2493 Bem.
402 2472 478 2493 cum
494 2463 625 2495 duobus
641 2464 767 2495 nostris
784 2463 1026 2495 vetustissimis
1043 2466 1182 2501 exorent,
1197 2472 1282 2492 uxor
1298 2461 1429 2492 scilicet
1445 2466 1478 2491 et
1499 2461 1585 2492 filius
1600 2473 1610 2494 ε

155 2510 221 2540 quo
237 2504 405 2535 accedunt
430 2511 465 2536 et
481 2507 553 2545 alii,
573 2507 631 2548 qui
647 2517 770 2538 exorem
785 2507 922 2538 habent.
967 2507 1130 2537 Ceterum
1146 2515 1262 2535 versus
1280 2504 1376 2544 justo
1393 2503 1527 2544 longior
1543 2510 1609 2536 est.

155 2544 219 2575 Est
233 2546 290 2586 qni
315 2548 393 2578 dono
408 2547 484 2579 hinc
501 2549 652 2589 abjicere
666 2551 762 2589 velit,
781 2549 932 2581 Bacchidi
954 2550 1071 2585 sciens;
1095 2548 1155 2579 sed
1171 2549 1205 2578 in
1222 2548 1289 2578 ista
1305 2547 1386 2577 sede
1409 2547 1608 2586 trochaeum,

155 2595 318 2636 quantum
337 2595 463 2630 potest,
477 2592 619 2623 evitant.
663 2593 732 2624 Sed
749 2596 757 2610 ‘
773 2592 861 2624 dono
878 2591 962 2631 dat,’
984 2592 1107 2632 inquit,
1123 2591 1249 2622 homini
1265 2590 1438 2621 concitate
1454 2590 1609 2630 loquenti

153 2629 259 2661 taedlo
281 2638 334 2663 est
351 2638 387 2664 et
405 2643 530 2664 moram
547 2634 643 2667 facit.
687 2636 779 2668 ane
795 2636 965 2666 hominem
991 2636 1054 2667 sibi
1071 2635 1174 2665 taedio
1198 2643 1293 2670 esse;
1319 2638 1353 2664 et
1370 2642 1511 2672 repone,
1531 2633 1607 2665 Sine

153 2674 184 2701 te
199 2679 340 2705 exorent.
365 2676 432 2708 CH.
478 2678 554 2708 Mea
580 2679 656 2709 bona
680 2682 716 2709 ut
737 2680 805 2709 dem
830 2678 983 2709 Bacchidi
1000 2680 1078 2709 dono
1092 2674 1214 2708 sciens?
1257 2676 1355 2707 Tolle
1379 2675 1461 2706 illud
1486 2676 1606 2714 Egone.

153 2713 256 2748 Bent.
300 2717 385 2750 Post
400 2721 496 2752 sciens
511 2721 723 2762 interrogant
738 2722 796 2754 ΒΓ.
820 2722 913 2753 Pei-l.
932 2722 1010 2762 ssip.
1028 2721 1131 2752 Both.
1150 2720 1275 2761 Delph.
1292 2723 1328 2750 et
1350 2718 1387 2750 Ζ.
1406 2728 1482 2760 quae
1501 2719 1607 2751 etiam
