1966 3302
335 235 420 277 624
825 249 866 279 P.
899 249 1142 281 TERENTH
1177 252 1298 284 Arm

334 340 506 392 Faciet,
541 342 627 384 nisi
661 354 812 384 caveo.
874 343 993 384 BAc.
1025 343 1291 386 Dormiunt:
1322 346 1397 399 pol
1426 359 1508 400 ego
1530 346 1645 387 istos
1671 360 1792 389 com-

506 410 713 451 movebo.

333 476 441 518 Mea
462 476 667 531 Phrygia,
689 475 871 526 audisti,
892 477 1026 519 modo
1049 477 1132 519 iste
1149 477 1277 519 homo
1291 491 1427 533 quam
1445 479 1598 521 villam
1613 480 1793 522 demon-

505 543 663 585 stravit

334 611 544 653 Charini?
607 612 698 652 PH.
727 609 909 652 Audivi.
969 612 1089 653 BAc.
1133 612 1388 654 Proximam
1410 622 1508 654 esse
1528 612 1634 656 huic
1653 614 1794 656 fundo

505 678 562 720 ad
582 678 819 720 dextram?
881 679 972 720 PH.
1004 679 1206 720 Memini.
1735 682 1793 723 10

334 746 452 787 BAc.
484 744 711 788 Curriculo
734 757 964 801 percurre:
997 747 1118 801 apud
1140 760 1240 788 eum
1256 748 1386 789 miles
1404 740 1631 803 Dionysia
1645 751 1791 804 agitat.

334 815 420 856 SY.
453 813 576 864 Quid
613 814 712 855 haec
745 814 973 868 inceptat?
1035 815 1154 855 BAc.
1186 815 1275 857 Dic
1301 829 1371 857 mc
1402 816 1474 858 hic
1497 817 1664 871 oppido
1694 831 1794 862 esse

504 882 701 932 invitam,
723 885 857 936 atque
877 882 1094 923 asservari
1111 895 1122 934 ;

334 947 498 990 Verum
531 948 681 1002 aliquo
712 953 846 1002 pacto
877 949 1014 991 verba
1042 962 1113 990 me
1145 949 1216 991 his
1243 949 1447 992 daturam
1481 963 1596 1002 esse,
1623 955 1666 993 et
1687 964 1792 994 ven-

508 1021 665 1059 turam.

333 1083 417 1126 SY.
448 1084 567 1125 Perii
584 1084 740 1125 hercle.
773 1084 982 1135 Bacchis,
1003 1097 1148 1136 mane,
1170 1098 1320 1126 mane:
1343 1097 1432 1140 quo
1452 1085 1591 1128 mittis
1612 1085 1792 1129 istanc?

505 1152 687 1206 quaeso!

333 1219 364 1262 J
368 1219 466 1271 ube,
488 1225 672 1262 maneat.
735 1220 856 1262 BAc.
888 1220 925 1262 Ι.
986 1219 1071 1262 SY.
1107 1220 1226 1272 Quin
1247 1226 1316 1264 est
1334 1223 1538 1274 paratum
1554 1224 1794 1274 argentum.

504 1288 624 1329 BAC.
655 1287 777 1339 Quin
806 1300 890 1341 ego
912 1301 1081 1329 manco.
1735 1289 1794 1330 15

334 1355 418 1396 SY.
450 1354 587 1409 Atqui
615 1355 711 1410 jam
733 1356 924 1398 dabitur.
984 1356 1106 1397 BAc.
1138 1356 1200 1398 Ut
1228 1355 1376 1398 lubet:
1407 1367 1511 1397 num
1539 1368 1620 1409 ego
1639 1357 1792 1399 insto?

507 1422 593 1464 SY.
624 1423 687 1464 At
707 1421 815 1465 scin'
836 1423 958 1478 quid,
980 1423 1147 1465 sodes?

333 1520 477 1561 hoecjoco
491 1520 616 1554 dicere?
662 1522 773 1554 Faciet
788 1523 822 1553 id
837 1523 915 1563 quod
930 1522 1082 1561 minatur,
1095 1521 1158 1553 nisi
1171 1523 1331 1563 providero
1347 1526 1383 1554 ut
1397 1522 1446 1554 illi
1463 1522 1593 1563 pecunia
1607 1521 1794 1556 subducatur

332 1575 351 1595 a
367 1575 435 1597 sene
450 1568 567 1596 nostro.
611 1566 676 1596 BA.
706 1565 834 1597 Desides
849 1568 920 1596 sunt
935 1568 1029 1606 atque
1044 1565 1155 1596 otiosi.-
1178 1575 1233 1604 ego
1249 1565 1388 1596 excitabo
1414 1566 1490 1596 istos
1510 1565 1673 1606 (Cliniam
1687 1569 1718 1597 et
1734 1566 1793 1608 Sy-

332 1608 434 1647 rum).
460 1609 489 1638 0
506 1608 650 1649 Phrygia
664 1617 745 1647 meu,
761 1608 929 1647 audistine,
950 1618 1041 1648 quam
1064 1608 1167 1638 villam
1187 1608 1321 1639 Charini
1339 1609 1398 1640 iste
1412 1609 1499 1639 homo
1513 1609 1605 1648 paulo
1621 1612 1693 1639 ante
1708 1609 1791 1640 indi·

332 1650 444 1682 cabat?
481 1651 551 1682 Pu.
569 1651 696 1682 Audivi.
736 1652 802 1682 ΒΑ.
827 1650 1029 1682 Audivistine
1044 1660 1110 1682 eam
1126 1660 1190 1682 esse
1205 1651 1339 1682 vicinam
1355 1651 1426 1682 huic
1438 1650 1559 1691 praedio
1573 1650 1792 1683 dextrorsum?

332 1693 406 1724 ΡΗ.
429 1693 588 1724 Recordor
612 1695 706 1724 istum
733 1693 886 1724 hominem
911 1694 958 1723 ita
981 1694 1213 1725 demonstrasse.
1260 1693 1327 1723 ΒΑ.
1351 1693 1431 1724 Illuc
1452 1693 1595 1725 celeriter
1616 1703 1708 1725 curre
1732 1704 1793 1725 uno

332 1745 436 1774 cursu,
457 1736 523 1767 sine
542 1736 780 1768 intermissione.
826 1736 922 1767 Miles
936 1736 1068 1766 celebrat
1084 1735 1296 1767 Bacchanalia
1310 1737 1392 1776 apud
1408 1746 1489 1767 eum.
1534 1736 1596 1767 SY.
1621 1736 1708 1771 Quid
1729 1737 1795 1768 haec

333 1778 470 1810 Bacchis
491 1780 528 1809 cle
550 1789 627 1809 noro
649 1777 765 1818 parat?
809 1779 876 1809 BA.
901 1779 1030 1809 Nuncz'a
1055 1779 1105 1809 illi
1126 1789 1174 1809 me
1199 1778 1350 1809 custodiri
1371 1782 1457 1809 arcte
1483 1779 1565 1819 apud
1588 1778 1795 1819 Chremetem,

332 1825 439 1852 contra
453 1822 658 1852 voluntatem:
683 1832 786 1853 verum
801 1831 848 1852 me
863 1820 963 1852 verbis
986 1821 1182 1861 'decepturum
1207 1821 1279 1852 illos
1304 1822 1356 1861 qui
1377 1822 1427 1852 hic
1448 1831 1496 1852 me
1517 1821 1668 1860 detinent,
1689 1822 1796 1862 quovis

333 1865 433 1902 modo,
456 1866 540 1895 etad
556 1869 623 1895 eum
635 1867 808 1895 venturam.
852 1865 914 1896 Sv.
937 1864 1113 1895 BIeloercule
1127 1864 1229 1895 nullus
1243 1874 1322 1895 sum.
1370 1865 1400 1896 Ο
1417 1864 1565 1901 Bacchis,
1592 1863 1680 1901 siste,
1704 1864 1795 1904 siste,

333 1907 474 1937 obsecro.-
497 1917 554 1947 quo
570 1907 671 1938 mittis
687 1905 885 1947 Phrygiam?
907 1907 988 1937 Jube
1003 1916 1062 1937 non
1079 1910 1128 1937 eat
1140 1917 1198 1947 quo
1210 1906 1303 1938 missa
1315 1909 1372 1937 est.
1410 1907 1482 1937 ΒΑ.
1494 1906 1651 1946 Phrygia,
1666 1905 1717 1938 abi
1734 1916 1792 1947 quo

333 1953 364 1979 te
369 1949 452 1987 jussi
466 1950 522 1980 ire.
551 1950 613 1981 SY.
632 1950 742 1989 Immo,
759 1951 860 1980 decem
875 1949 968 1980 minoe
983 1953 1055 1980 sunt
1068 1953 1198 1989 puratoe.
1231 1950 1297 1980 ΒΑ.
1316 1949 1426 1988 Immo,
1441 1959 1496 1988 ego
1508 1958 1628 1980 maneo.
1654 1949 1716 1981 SY.
1730 1949 1793 1980 Sed

332 1996 415 2023 certe
440 1993 548 2023 statim
569 1992 701 2032 accipies
721 1993 894 2033 pecuniam.
938 1992 1006 2023 ΒΑ.
1031 1992 1296 2026 Quemadmodum
1318 1995 1352 2022 tu
1376 1991 1435 2022 vis.
1479 1992 1584 2022 Detur
1598 2000 1716 2031 necne,
1730 2002 1793 2023 non

333 2045 405 2066 curo
420 2035 561 2076 amplius.
608 2036 695 2066 Num
721 2045 828 2076 urgeo,
853 2037 887 2065 ut
913 2033 988 2066 des?
1034 2034 1097 2066 SY.
1120 2034 1184 2066 Sed
1210 2034 1322 2076 scisne,
1336 2034 1459 2075 amabo,
1472 2034 1544 2074 quid
1550 2033 1678 2072 facias?
1724 2035 1791 2066 ΒΛ.

963 2124 1203 2136 οοοοοοοοοο

337 2181 486 2221 Clitipho,
500 2180 622 2211 omisso
639 2181 673 2211 z'n
689 2179 805 2212 Guelf.
822 2182 918 2212 3.—-8
941 2181 992 2211 M.
1009 2190 1129 2212 cavero.
1174 2180 1230 2211 Ita
1257 2183 1293 2211 et
1315 2180 1388 2211 ΕΡ.
1413 2178 1487 2212 EA.
1513 2179 1667 2221 aliaeque.
1695 2181 1792 2212 Wese.

333 2226 397 2254 —9
423 2224 470 2253 Μ.
491 2224 528 2254 P.
544 2223 693 2259 audistin,
709 2223 795 2254 homo
810 2224 871 2254 iste
885 2224 972 2254 modo
987 2234 1016 2264 q.
1033 2234 1063 2254 v.
1079 2225 1110 2255 d.
1156 2223 1286 2254 Omnes
1300 2222 1383 2254 libb.
1408 2223 1526 2262 script.
1540 2223 1628 2253 113110
1645 2223 1793 2254 0011003-

335 2266 460 2297 tionem
477 2265 616 2305 habent,
639 2266 777 2297 audistin
798 2267 886 2297 modo
908 2267 995 2297 homo
1019 2266 1080 2298 iste
1100 2277 1129 2306 q.
1153 2270 1189 2296 at
1209 2266 1308 2297 Bem.
1328 2265 1384 2296 Vi.
1401 2270 1437 2297 et
1453 2265 1664 2297 Decurtatus
1690 2265 1789 2305 hanc,

333 2309 473 2340 audistin
489 2309 575 2339 modo
593 2308 650 2339 iste
666 2309 696 2338 h.
712 2319 742 2348 q.
765 2309 815 2339 ita
831 2308 944 2339 versui
961 2309 1089 2349 optime
1112 2309 1312 2345 consulitur,
1335 2313 1372 2339 ut
1388 2308 1490 2339 etiam
1507 2307 1652 2339 iambum
1665 2307 1793 2339 habeat

333 2352 367 2382 in
385 2355 523 2392 quanta,
546 2350 630 2382 eliso
646 2356 758 2381 tamen
774 2360 802 2390 s,
819 2360 861 2381 ex
885 2352 895 2369 ‘
909 2351 999 2390 iste,’
1017 2357 1054 2382 ut
1070 2352 1163 2383 sitin
1188 2351 1294 2382 tertia
1316 2350 1494 2391 dactylus:
1521 2359 1602 2381 sane
1618 2350 1714 2380 Bem.
1732 2350 1791 2380 ha-

335 2394 393 2425 bet
409 2394 536 2425 audisti.
561 2393 620 2423 Fa.
666 2395 675 2411 ‘
694 2393 823 2424 Omnes
849 2394 957 2425 nostri
979 2394 1130 2433 audistin,
1155 2398 1190 2424 et
1213 2393 1302 2424 homo
1316 2393 1386 2424 iste.
1431 2394 1540 2424 Recte
1558 2397 1670 2423 tamen
1687 2392 1788 2423 Faer-

334 2437 436 2475 niani,
458 2436 608 2474 audistin,
634 2437 722 2466 modo
747 2436 806 2467 iste
834 2436 865 2467 h.
911 2437 921 2453 ‘
939 2436 1030 2467 Iste'
1056 2437 1197 2477 primam
1224 2436 1279 2466 hic
1305 2435 1469 2476 coi·ripit.’
1504 2436 1598 2466 Bent.
1642 2434 1794 2466 Audistin

334 2479 417 2510 dant
433 2479 536 2510 Both.
558 2478 636 2518 Bip.
660 2479 753 2509 Pei-l.
770 2479 899 2519 Deiph.
935 2479 1086 2510 Audistin
1101 2481 1189 2510 modo
1204 2478 1291 2509 homo
1306 2479 1366 2509 iste
1381 2488 1411 2518 q.
1427 2488 1458 2509 v.
1473 2476 1712 2509 demonstrarit?
1733 2477 1792 2508 ha·

333 2521 394 2552 bet
411 2522 555 2552 Br.—-ll
582 2520 678 2551 Idem
696 2521 779 2560 legit
796 2521 1050 2562 Dyonisia.—l2
1074 2521 1219 2554 Quidam
1245 2521 1343 2552 codd.
1364 2530 1431 2551 non
1450 2525 1638 2560 agnoscunt
1659 2518 1698 2549 τὸ
1717 2520 1793 2551 haec.

334 2565 442 2595 West.
487 2564 591 2594 Bent.
611 2563 747 2603 reponit
766 2564 851 2598 Quid
873 2564 938 2594 haec
962 2567 1085 2605 coeptat.
1129 2564 1185 2595 Ita
1202 2569 1235 2594 et
1252 2564 1332 2604 Bip.
1362 2562 1404 2594 Τὸ
1425 2563 1489 2594 hoec
1513 2562 1676 2593 omittunt
1690 2562 1791 2593 Both.

334 2607 374 2637 Z.
399 2606 524 2645 Delph.
572 2605 642 2636 Pro
669 2606 822 2637 asservari
847 2606 897 2637 M.
913 2611 948 2638 et
975 2606 1060 2637 editi
1085 2611 1171 2637 vett.
1198 2616 1274 2637 cum
1301 2606 1421 2646 Calph.
1442 2606 1560 2646 legunt
1574 2605 1790 2636 servari.-—13

333 2650 412 2679 Vet.
429 2648 506 2679 cod.
528 2657 581 2687 ap.
607 2648 705 2679 Lind.
732 2652 823 2688 atque
850 2651 1109 2680 venturam—44
1132 2650 1192 2680 Br.
1212 2650 1314 2679 Bent.
1329 2649 1409 2688 Bip.
1426 2648 1519 2679 Perl.
1537 2647 1663 2687 Delph.
1689 2646 1791 2678 istanc

334 2689 462 2731 quceso?
500 2690 585 2721 GM.
604 2691 704 2721 Both.
722 2691 834 2721 istum?
856 2701 968 2731 quaeso.
1015 2690 1131 2723 Guelf.
1153 2694 1185 2722 2.
1208 2701 1288 2722 nuru:
1308 2695 1384 2731 post
1398 2691 1593 2721 inania—15
1620 2688 1701 2719 Mss.
1717 2689 1790 2730 qui·

334 2735 409 2763 113111
430 2733 501 2763 Abi.
548 2732 603 2763 Ita
630 2737 665 2763 et
691 2733 763 2764 ΕΡ.
792 2743 866 2763 011111
891 2734 964 2766 ΕΑ.
1008 2735 1074 2765 Ms.
1091 2734 1181 2775 Lips.
1207 2739 1242 2764 ct
1271 2733 1393 2765 ssoend.
1419 2733 1504 2768 Quin
1525 2742 1581 2772 ego
1601 2731 1650 2762 hic
1671 2741 1790 2765 maneo.

337 2777 458 2817 Neque
476 2776 573 2807 aliter
591 2774 746 2816 quaedam
773 2773 851 2807 edd.
880 2774 1131 2809 vetustissimae.
1161 2777 1261 2808 West.
1309 2776 1427 2808 Nostri
1454 2784 1569 2808 omnes
1595 2774 1674 2806 Abi.-
1699 2775 1791 2817 quod
