1966 3302
303 241 416 283 1024
799 250 839 279 P.
870 247 1111 278 'rssRENTn
1145 246 1260 277 Arm

306 346 397 388 Sed
432 346 528 389 isne
565 349 651 395 est,
685 356 818 397 quem
851 355 1021 397 quaero,
1059 354 1113 383 an
1149 343 1267 382 non?
1300 340 1428 395 ipsus
1461 344 1541 383 est.
1600 340 1759 383 PHOR.

477 411 754 464 Congredere
776 415 987 452 actutum.
1050 408 1145 450 AN.
1176 407 1298 459 Quid
1319 410 1416 449 est?

305 481 396 524 GE.
428 479 467 520 O
491 479 704 528 omnium,
729 482 940 532 quantum
963 480 1044 527 est,
1065 477 1143 531 qui
1174 477 1342 527 vivant,
1373 476 1503 518 homo
1537 476 1761 520 hominum

477 545 758 589 ornatissime
776 545 785 587 !

306 617 426 660 Nam
449 616 547 657 sine
568 613 865 656 controversia
887 613 942 653 ab
965 612 1050 654 Dis
1074 611 1199 652 solus
1222 611 1420 664 diligere,
1440 609 1656 664 Antipho.

305 685 400 727 AN.
431 684 504 726 Ita
523 682 686 724 velim:
719 681 811 733 sed,
849 681 924 735 qui
957 680 1074 722 istuc
1100 679 1275 721 credam
1297 679 1364 721 ita
1384 692 1504 730 esse,
1531 678 1640 719 mihi
1670 677 1761 720 dici

477 750 619 793 velim.
1705 747 1763 787 15

305 820 396 862 GE.
419 818 556 860 Satin’
576 821 658 871 est,
682 818 721 859 si
745 822 786 859 te
809 817 1058 858 delibutum
1080 816 1241 870 gaudio
1263 814 1437 857 reddo?
1470 813 1562 856 AN.
1585 813 1761 855 Enicas.

305 889 466 931 PHoR.
500 886 623 938 Quin
654 891 702 929 tu
727 887 829 928 hinc
861 885 1204 940 pollicitationes
1241 883 1381 934 aufer,
1414 888 1475 933 et,
1499 881 1621 936 quod
1655 882 1759 932 fers,

475 955 601 997 cedo.
662 953 755 996 GE.
788 953 880 994 Oh!

304 1024 375 1066 Tu
404 1035 591 1078 *quoque
623 1022 694 1063 hic
728 1020 901 1070 aderam,
933 1018 1172 1061 Phormio?
1233 1018 1396 1060 Pnon.
1430 1016 1648 1060 Aderam:
1680 1018 1760 1060 sed

479 1090 665 1132 cessas?
727 1089 816 1131 GE.
848 1087 1034 1141 Accipe,
1053 1085 1180 1128 hem!
1484 1087 1488 1092 '

306 1158 372 1201 Ut
391 1157 527 1200 modo
552 1159 773 1212 argentum
797 1155 876 1198 tibi
898 1154 1101 1196 dedimus
1123 1153 1242 1208 apud
1263 1152 1421 1204 forum,
1443 1155 1563 1194 recta
1582 1151 1761 1194 domum

303 1284 364 1313 ter.
410 1281 473 1313 Sed
488 1281 555 1312 isne
570 1284 617 1312 est
632 1279 784 1321 Antipho,
797 1288 884 1320 quem
900 1288 1014 1320 quaero,
1029 1288 1069 1309 an
1091 1287 1150 1309 non
1163 1274 1179 1310 9
1201 1276 1266 1317 ipse
1280 1279 1338 1308 est.
1382 1275 1457 1307 ΡΗ.
1479 1274 1634 1315 Antipho,
1648 1274 1765 1313 confes-

301 1325 361 1355 tim
374 1324 452 1355 hunc
466 1323 604 1355 conveni.
640 1323 711 1354 ΑΝ.
738 1323 824 1358 Quid
845 1326 891 1354 est
904 1326 916 1353 ?
952 1322 1020 1354 GE.
1046 1322 1075 1352 O
1089 1321 1176 1352 homo
1190 1320 1324 1351 omnium
1336 1321 1481 1360 quotquot
1497 1318 1531 1349 in
1545 1321 1632 1348 terra
1647 1318 1763 1356 degunt

301 1367 460 1398 hominum
472 1367 613 1398 omnibus
625 1366 709 1397 bonis
725 1369 753 1397 et
760 1365 904 1403 fortunis
918 1364 1112 1396 ornatissime
1124 1375 1134 1396 .·
1148 1373 1220 1395 nam
1230 1363 1338 1403 procul
1347 1362 1430 1393 omni
1443 1360 1535 1392 dubio
1546 1360 1604 1392 Dii
1620 1363 1650 1391 te
1663 1360 1762 1398 elege-

302 1413 378 1441 runt
393 1420 481 1451 quem
505 1410 602 1441 solum
617 1412 771 1448 amarent,
786 1409 938 1450 Antipho.
982 1407 1051 1439 ΑΝ.
1079 1407 1209 1439 Utinam
1230 1406 1277 1437 ita
1297 1405 1353 1445 sit,
1366 1406 1420 1436 sed
1440 1404 1529 1444 cupio
1551 1403 1629 1435 mihi
1646 1402 1763 1441 referri

302 1463 428 1485 causam
458 1463 518 1494 qua
541 1453 656 1494 possim
682 1453 796 1483 adduci
819 1453 860 1483 ad
886 1451 941 1482 hoc
965 1451 1165 1490 credendum.
1212 1449 1281 1481 GE.
1307 1448 1430 1489 Ecquid
1453 1447 1512 1478 tibi
1536 1445 1661 1489 sufficit,
1681 1445 1709 1476 si
1731 1449 1762 1476 te

300 1496 419 1535 gaudio
435 1499 533 1527 tolum
546 1495 719 1536 perfundo?
751 1494 823 1528 ΡΗ.
848 1495 932 1530 Quin
947 1497 982 1525 tu
995 1504 1096 1525 cessas
1103 1493 1256 1534 polliceri,
1266 1495 1296 1523 et
1311 1492 1391 1533 quod
1405 1489 1608 1521 nuntiaturus
1620 1497 1652 1520 es
1665 1488 1764 1519 dicis?

304 1539 373 1570 GE.
399 1539 512 1570 Nonne
536 1539 587 1570 hic
608 1548 748 1579 praesens
770 1548 886 1579 quoque
903 1537 1026 1575 fuisti?
1069 1536 1142 1568 ΡΗ.
1166 1535 1239 1575 Fui,
1253 1536 1306 1566 sed
1327 1544 1381 1566 nos
1395 1533 1489 1565 nimis
1503 1531 1648 1563 moraris.
1691 1531 1760 1562 GE.

302 1582 390 1614 Audi
413 1582 526 1623 igitur,
549 1582 619 1614 hem
629 1592 642 1619 ,·
664 1585 699 1613 ut
721 1583 809 1613 modo
833 1584 999 1620 argentum
1024 1579 1086 1612 tibi
1099 1579 1246 1611 solvimus
1260 1578 1342 1620 apud
1351 1576 1460 1616 forum
1473 1577 1559 1607 recta
1573 1574 1624 1606 via
1640 1575 1763 1606 domum

911 1673 1148 1686 eeeeeeeeeeee

304 1743 445 1777 busdam
462 1743 561 1775 abest
576 1743 639 1783 qui,
664 1741 755 1784 quod
779 1746 815 1774 et
840 1740 991 1774 Faernus
1008 1745 1043 1772 et
1060 1741 1103 1773 G.
1118 1738 1294 1772 Fabricius
1311 1737 1484 1779 rejiciunt.
1500 1737 1555 1768 Fr.
1571 1735 1762 1777 Fabricius,

305 1788 370 1825 Qui
383 1787 644 1819 minitutmolum.
667 1787 711 1817 Et
726 1795 805 1816 sane
822 1789 831 1802 ‘
844 1785 980 1816 minitas
991 1783 1001 1798 ⁷
1015 1788 1050 1815 et
1064 1788 1073 1801 ‘
1086 1783 1256 1815 minitabis
1267 1780 1276 1796 ’
1294 1780 1453 1813 Naevium
1466 1784 1501 1812 et
1514 1780 1674 1811 Plautum
1688 1779 1762 1810 dix-

303 1831 368 1863 isse
382 1831 513 1863 Nonius
529 1839 594 1861 vn.
609 1832 662 1860 51.
680 1828 851 1860 observat.
895 1829 1080 1860 Minitatur
1105 1833 1217 1858 autem
1246 1825 1364 1864 plagas
1387 1828 1424 1855 et
1449 1822 1602 1854 verbera.
1648 1821 1761 1854 plaut.

304 1875 403 1906 Pers.
418 1881 452 1905 v.
469 1876 500 1905 2.
516 1875 569 1904 35.
599 1867 698 1904 West.
743 1869 871 1903 Delent
885 1871 939 1911 qui
955 1871 1034 1910 Bip.
1051 1870 1152 1902 Both.
1169 1869 1228 1900 Rs.
1244 1868 1427 1899 Perl.--l2
1443 1867 1516 1905 Ipse
1530 1868 1575 1896 est
1592 1863 1711 1897 Guelf.
1728 1867 1759 1896 3.

303 1917 390 1948 Dele
406 1926 528 1947 nomen
546 1914 775 1954 Phormionis,
797 1919 833 1946 et
848 1924 924 1945 cnm
942 1913 1051 1946 Codd.
1072 1913 1202 1954 aliquot
1218 1910 1340 1942 nostris
1357 1909 1457 1941 Getae
1475 1912 1582 1939 totum
1600 1907 1761 1939 attribue.

305 1960 430 2000 Ipsust:
453 1960 638 1998 congredere
664 1961 813 1989 actutum.
848 1958 951 1988 Bent.
994 1956 1102 1987 Male.
1151 1954 1237 1986 Nam
1266 1952 1411 1993 primum
1437 1949 1599 1982 Phormio
1624 1959 1688 1981 non
1718 1951 1761 1986 ad

304 2002 428 2035 Getam
446 2002 500 2033 illa
516 2001 621 2032 verba
635 2001 731 2039 dicit,
748 2000 808 2031 sed
825 2000 865 2031 ad
882 1999 1124 2040 Antiphonem.
1147 1995 1285 2028 Deinde
1301 1996 1395 2035 leges
1411 1994 1557 2026 scenicae
1574 1993 1762 2034 postulant,

302 2050 342 2077 ut
357 2054 491 2087 quoqne
508 2043 720 2075 Phormionis
735 2043 844 2074 oratio
861 2043 1097 2073 interseratur.
1142 2039 1303 2079 Denique
1321 2037 1441 2069 durum
1455 2041 1519 2073 est,
1544 2037 1645 2068 Getae
1660 2037 1762 2067 talem

303 2089 495 2120 orationem
514 2087 677 2119 tribuere.
704 2086 802 2117 Zeun.
825 2085 1066 2116 Bentleianum
1094 2082 1266 2122 improbat
1282 2081 1374 2112 Perl.
1400 2080 1486 2116 Quid
1500 2082 1547 2110 est
1567 2079 1760 2120 Antiphoni

304 2131 483 2163 continuat
496 2130 683 2161 Rom—13
701 2129 785 2160 Mss.
804 2129 898 2169 Lips.
909 2128 953 2160 G.
964 2128 1047 2159 Wit.
1064 2125 1185 2157 Boeud.
1199 2134 1275 2155 cum
1288 2124 1367 2155 edd.
1379 2123 1473 2156 Junt.
1485 2122 1567 2154 Ald.
1581 2123 1667 2154 Rob.
1685 2122 1763 2153 Ste-

303 2174 419 2216 phani,
436 2174 525 2212 aliis,
544 2173 704 2212 Omnium,
720 2175 869 2212 quantum
883 2169 1003 2211 εει,ᾳαί
1018 2170 1137 2209 vivant,
1152 2168 1308 2199 hominum
1322 2167 1408 2198 homo
1423 2165 1671 2197 honoratissime.
1695 2165 1761 2196 Sed

304 2218 409 2249 Homo
430 2218 586 2248 hominum
602 2215 753 2247 Faernus
770 2214 886 2245 laudat
903 2214 945 2245 ob
962 2218 1119 2244 metrum.
1164 2211 1261 2242 Dixit
1289 2215 1418 2248 autem,
1446 2208 1667 2248 Ornatissime,
1688 2217 1764 2249 pro,

302 2260 511 2293 beatissime.
536 2259 653 2290 Plani.
671 2258 912 2290 A111.1v.9.10.
932 2257 941 2273 ‘
954 2257 1034 2288 Heu
1046 2265 1098 2287 me
1110 2254 1283 2293 miserum,
1295 2252 1471 2284 miserum!
1489 2251 1575 2292 perii
1589 2252 1676 2282 male
1689 2261 1764 2292 per-

303 2303 412 2336 ditus!
431 2311 588 2344 pessume
600 2306 739 2333 ornatus
757 2300 822 2331 eo.'
844 2300 944 2332 West.
974 2298 1171 2338 Accipimus
1188 2307 1207 2328 a
1223 2297 1319 2328 Bem.
1334 2295 1554 2326 ornatissume:
1579 2294 1765 2325 retinemus

303 2351 433 2385 tamen,
457 2345 548 2387 quod
573 2345 682 2376 ceteri
708 2353 824 2375 omnes
850 2343 991 2381 liabent,
1009 2341 1178 2373 Hominum
1194 2340 1292 2371 homo.
1337 2339 1423 2369 Eun.
1439 2346 1479 2368 ιι.
1494 2340 1524 2368 2.
1543 2340 1573 2368 1.
1597 2341 1605 2354 ‘
1623 2337 1763 2368 Homini

303 2390 402 2421 homo
419 2388 498 2430 quid
519 2391 663 2428 praestat
674 2387 695 2419 ?'
742 2386 843 2418 Adel.
860 2396 901 2418 11.
916 2389 947 2416 2.
965 2388 1017 2416 10.
1041 2385 1050 2402 ‘
1072 2383 1256 2415 Hominum
1284 2382 1382 2413 homo
1408 2379 1643 2412 stultissume!
1665 2380 1761 2411 Bent.

307 2434 337 2463 Ο
353 2432 445 2463 delet
461 2431 569 2462 Zeun.
584 2430 688 2461 vivont
705 2430 888 2461 Rem—14
913 2429 998 2459 Nam
1021 2431 1054 2458 tu
1069 2427 1136 2458 sine
1158 2425 1259 2457 Both.
1276 2425 1478 2456 tacite—15
1509 2423 1624 2455 Vellem
1639 2422 1706 2455 Gu.
1730 2426 1762 2454 3.

306 2476 392 2510 Quid
404 2476 485 2506 istuc
499 2474 566 2505 Gn.
580 2476 700 2505 3.-—16
714 2474 835 2504 Enecus
858 2472 916 2503 Br.
939 2471 1113 2502 GM.-1s
1136 2469 1180 2500 Ο.
1200 2467 1271 2499 fere
1292 2469 1314 2498 1.
1332 2468 1423 2498 inter
1437 2475 1520 2508 quos
1537 2466 1634 2497 Bem.
1654 2475 1762 2506 neque

303 2517 431 2549 habent
446 2517 508 2555 hic,
520 2521 556 2547 et
572 2521 650 2557 post
665 2517 732 2553 secl,
749 2515 876 2546 habent
892 2517 938 2553 tu,
957 2523 1098 2544 numero
1114 2511 1254 2542 meliore
1271 2509 1445 2542 trochaici.
1470 2509 1530 2540 Fa.
1577 2506 1695 2540 Nostri
1708 2509 1762 2538 hic

302 2561 465 2592 mendose
482 2560 531 2591 hic
548 2560 618 2591 sine
635 2562 680 2590 lu.
704 2559 806 2589 Bent.
832 2558 898 2588 Hic
914 2557 1077 2587 omittunt
1101 2555 1208 2586 Zeun.
1234 2554 1336 2584 Both.
1355 2552 1449 2584 Peri.
1487 2552 1516 2582 0
1533 2554 1567 2583 tu
1585 2561 1699 2592 quoque
1713 2552 1763 2582 hic

305 2604 366 2635 ΒΓ.
395 2604 403 2621 ‘
423 2603 485 2634 Sed
501 2607 535 2633 tu
549 2603 623 2643 quid
636 2611 738 2633 cessas
754 2600 876 2632 Boend.
899 2610 974 2641 quae
993 2598 1199 2638 Antiphonis
1223 2597 1336 2636 potius
1352 2595 1457 2627 verba
1475 2594 1647 2632 videntur,
1662 2603 1761 2635 quain

307 2645 547 2677 Phormionis.’
576 2645 674 2677 West.
697 2643 815 2675 Guelf.
838 2646 870 2674 2.
897 2643 972 2683 quid
992 2644 1191 2673 cessas.-19
1219 2640 1263 2670 Ut
1290 2639 1388 2670 abest
1413 2648 1432 2669 a
1459 2635 1576 2669 Guelf.
1600 2639 1629 2667 1.
1646 2639 1762 2667 3.—19

306 2690 450 2729 Repone
468 2688 705 2719 emendatione
724 2686 927 2725 certissima,
945 2685 1041 2716 Recta
1055 2686 1096 2715 ad
1114 2684 1275 2714 Chremem
1291 2682 1405 2713 Sumus
1419 2679 1561 2721 profecti.
1596 2678 1648 2710 Ad
1667 2679 1763 2710 Chre-

307 2741 395 2770 mem,
422 2732 484 2762 hoc
511 2732 630 2770 esum!
657 2731 778 2761 domum
804 2728 996 2766 Chremetis;
1021 2727 1077 2758 ubi
1104 2735 1189 2757 uxor
1213 2725 1287 2766 ejus
1314 2725 1531 2756 Nausistrata
1557 2722 1762 2753 convenien-

308 2775 353 2805 da
371 2778 456 2806 erat.
500 2774 557 2805 Sic
575 2772 663 2803 And.
683 2783 725 2804 11.
743 2776 773 2803 2.
790 2774 842 2803 24.
872 2776 880 2789 ‘
904 2773 976 2812 Ego
1009 2780 1061 2800 me
1073 2770 1235 2801 continuo
1258 2767 1299 2798 ad
1322 2765 1522 2798 Chremem?
1545 2765 1641 2796 Bent.
1680 2765 1763 2796 Pes-

307 2819 389 2850 sime
417 2818 519 2849 Bent.
544 2816 702 2848 mutavit.
728 2815 804 2856 Rip.
822 2819 860 2847 at
884 2814 987 2847 Both.
1013 2814 1062 2844 Ibi
1084 2823 1129 2844 me
1147 2812 1229 2843 intro
1256 2809 1375 2843 miuit:
1400 2809 1501 2851 quia‘
1519 2807 1593 2840 fieri
1609 2817 1685 2876 tnon
1703 2818 1762 2850 po-
