<?xml version="1.0" encoding="UTF-8"?>
<!DOCTYPE html PUBLIC "-//W3C//DTD XHTML 1.0 Transitional//EN"
    "http://www.w3.org/TR/xhtml1/DTD/xhtml1-transitional.dtd">
<html xmlns="http://www.w3.org/1999/xhtml" xml:lang="en" lang="en">
 <head>
  <title>
</title>
<meta http-equiv="Content-Type" content="text/html;charset=utf-8" />
  <meta name='ocr-system' content='tesseract 3.04.00' />
  <meta name='ocr-capabilities' content='ocr_page ocr_carea ocr_par ocr_line ocrx_word'/>
</head>
<body>
  <div class='ocr_page' id='page_1' title='image "./pubterentiiafric02tereuoft/pubterentiiafric02tereuoft_0254.png"; bbox 0 0 1966 3302; ppageno 0'>
   <div class='ocr_carea' id='block_1_1' title="bbox 282 204 1241 250">
    <p class='ocr_par' dir='ltr' id='par_1_1' title="bbox 282 204 1241 250">
     <span class='ocr_line' id='line_1_1' title="bbox 282 204 1241 250; baseline 0.007 -7"><span class='ocrx_word' id='word_1_1' title='bbox 282 204 366 243; x_wconf 80' lang='lat'>744</span> <span class='ocrx_word' id='word_1_2' title='bbox 780 217 819 245; x_wconf 85' lang='lat' dir='ltr'>P.</span> <span class='ocrx_word' id='word_1_3' title='bbox 852 217 1091 247; x_wconf 70' lang='lat' dir='ltr'>TERENTH</span> <span class='ocrx_word' id='word_1_4' title='bbox 1126 220 1241 250; x_wconf 64' lang='grc' dir='ltr'>ΛΡΜ</span> 
     </span>
    </p>
   </div>
   <div class='ocr_carea' id='block_1_2' title="bbox 658 372 1365 422">
    <p class='ocr_par' dir='ltr' id='par_1_2' title="bbox 658 372 1365 422">
     <span class='ocr_line' id='line_1_2' title="bbox 658 372 1365 422; baseline 0.014 -10"><span class='ocrx_word' id='word_1_5' title='bbox 658 372 861 415; x_wconf 85' lang='lat' dir='ltr'><strong>ACTUS</strong></span> <span class='ocrx_word' id='word_1_6' title='bbox 894 374 978 416; x_wconf 91' lang='lat' dir='ltr'>IV.</span> <span class='ocrx_word' id='word_1_7' title='bbox 1034 376 1239 420; x_wconf 87' lang='lat' dir='ltr'><strong>SCENA</strong></span> <span class='ocrx_word' id='word_1_8' title='bbox 1272 379 1365 422; x_wconf 89' lang='lat' dir='ltr'>III.</span> 
     </span>
    </p>
   </div>
   <div class='ocr_carea' id='block_1_3' title="bbox 833 505 1186 536">
    <p class='ocr_par' dir='ltr' id='par_1_3' title="bbox 833 505 1186 536">
     <span class='ocr_line' id='line_1_3' title="bbox 833 505 1186 536; baseline 0.008 -3"><span class='ocrx_word' id='word_1_9' title='bbox 833 505 986 535; x_wconf 80' lang='lat' dir='ltr'>Mtclo.</span> <span class='ocrx_word' id='word_1_10' title='bbox 1020 506 1186 536; x_wconf 89' lang='lat' dir='ltr'>HEGIO.</span> 
     </span>
    </p>
   </div>
   <div class='ocr_carea' id='block_1_4' title="bbox 281 564 1735 1037">
    <p class='ocr_par' dir='ltr' id='par_1_4' title="bbox 282 564 1732 692">
     <span class='ocr_line' id='line_1_4' title="bbox 282 564 1732 627; baseline 0.01 -21"><span class='ocrx_word' id='word_1_11' title='bbox 282 564 369 607; x_wconf 82' lang='lat' dir='ltr'>Mt.</span> <span class='ocrx_word' id='word_1_12' title='bbox 400 566 501 608; x_wconf 85' lang='lat' dir='ltr'>EGO</span> <span class='ocrx_word' id='word_1_13' title='bbox 525 569 568 610; x_wconf 92' lang='lat' dir='ltr'>in</span> <span class='ocrx_word' id='word_1_14' title='bbox 587 570 670 611; x_wconf 88' lang='lat' dir='ltr'>hac</span> <span class='ocrx_word' id='word_1_15' title='bbox 690 584 736 612; x_wconf 89' lang='lat' dir='ltr'>re</span> <span class='ocrx_word' id='word_1_16' title='bbox 764 571 870 613; x_wconf 90' lang='lat' dir='ltr'>nihil</span> <span class='ocrx_word' id='word_1_17' title='bbox 891 573 1076 626; x_wconf 87' lang='lat' dir='ltr'>reperio,</span> <span class='ocrx_word' id='word_1_18' title='bbox 1097 575 1386 627; x_wconf 82' lang='lat' dir='ltr'>quamobrem</span> <span class='ocrx_word' id='word_1_19' title='bbox 1411 577 1567 619; x_wconf 86' lang='lat' dir='ltr'>lauder</span> <span class='ocrx_word' id='word_1_20' title='bbox 1593 580 1732 621; x_wconf 86' lang='lat' dir='ltr'>tanto-</span> 
     </span>
     <span class='ocr_line' id='line_1_5' title="bbox 452 637 773 692; baseline 0.012 -16"><span class='ocrx_word' id='word_1_21' title='bbox 452 649 572 689; x_wconf 84' lang='lat' dir='ltr'>pere,</span> <span class='ocrx_word' id='word_1_22' title='bbox 595 637 773 692; x_wconf 85' lang='lat' dir='ltr'>Hegio:</span> 
     </span>
    </p>

    <p class='ocr_par' dir='ltr' id='par_1_5' title="bbox 285 699 1735 825">
     <span class='ocr_line' id='line_1_6' title="bbox 285 699 1735 765; baseline 0.01 -24"><span class='ocrx_word' id='word_1_23' title='bbox 285 699 432 743; x_wconf 88' lang='lat' dir='ltr'>Meum</span> <span class='ocrx_word' id='word_1_24' title='bbox 457 703 649 745; x_wconf 87' lang='lat' dir='ltr'>officium</span> <span class='ocrx_word' id='word_1_25' title='bbox 679 706 823 759; x_wconf 82' lang='lat' dir='ltr'>facio3</span> <span class='ocrx_word' id='word_1_26' title='bbox 856 708 977 761; x_wconf 90' lang='lat' dir='ltr'>quod</span> <span class='ocrx_word' id='word_1_27' title='bbox 1012 711 1246 762; x_wconf 84' lang='lat' dir='ltr'>peccatum</span> <span class='ocrx_word' id='word_1_28' title='bbox 1273 723 1301 751; x_wconf 90' lang='lat' dir='ltr'>a</span> <span class='ocrx_word' id='word_1_29' title='bbox 1334 709 1469 753; x_wconf 88' lang='lat' dir='ltr'>nobis</span> <span class='ocrx_word' id='word_1_30' title='bbox 1503 715 1645 754; x_wconf 87' lang='lat' dir='ltr'>ortum</span> <span class='ocrx_word' id='word_1_31' title='bbox 1666 713 1735 765; x_wconf 88' lang='lat' dir='ltr'>&#39;st,</span> 
     </span>
     <span class='ocr_line' id='line_1_7' title="bbox 454 763 761 825; baseline 0.01 -13"><span class='ocrx_word' id='word_1_32' title='bbox 454 771 647 825; x_wconf 83' lang='lat' dir='ltr'>corrigo:</span> <span class='ocrx_word' id='word_1_33' title='bbox 753 763 761 767; x_wconf 40' lang='lat'><strong>⁴</strong></span> 
     </span>
    </p>

    <p class='ocr_par' dir='ltr' id='par_1_6' title="bbox 281 835 1735 960">
     <span class='ocr_line' id='line_1_8' title="bbox 281 835 1735 903; baseline 0.01 -26"><span class='ocrx_word' id='word_1_34' title='bbox 281 835 387 878; x_wconf 86' lang='lat' dir='ltr'>Nisi</span> <span class='ocrx_word' id='word_1_35' title='bbox 408 838 447 878; x_wconf 92' lang='lat' dir='ltr'>si</span> <span class='ocrx_word' id='word_1_36' title='bbox 466 852 536 880; x_wconf 88' lang='lat' dir='ltr'>me</span> <span class='ocrx_word' id='word_1_37' title='bbox 557 840 601 880; x_wconf 91' lang='lat' dir='ltr'>in</span> <span class='ocrx_word' id='word_1_38' title='bbox 621 841 698 882; x_wconf 91' lang='lat' dir='ltr'>illo</span> <span class='ocrx_word' id='word_1_39' title='bbox 720 841 947 886; x_wconf 86' lang='lat' dir='ltr'>credidisti</span> <span class='ocrx_word' id='word_1_40' title='bbox 972 855 1072 884; x_wconf 89' lang='lat' dir='ltr'>esse</span> <span class='ocrx_word' id='word_1_41' title='bbox 1106 843 1330 886; x_wconf 87' lang='lat' dir='ltr'>homiuum</span> <span class='ocrx_word' id='word_1_42' title='bbox 1357 858 1554 898; x_wconf 89' lang='lat' dir='ltr'>numero,</span> <span class='ocrx_word' id='word_1_43' title='bbox 1574 848 1648 903; x_wconf 92' lang='lat' dir='ltr'>qui</span> <span class='ocrx_word' id='word_1_44' title='bbox 1670 850 1735 891; x_wconf 82' lang='lat' dir='ltr'>ita</span> 
     </span>
     <span class='ocr_line' id='line_1_9' title="bbox 450 910 606 960; baseline 0 -12"><span class='ocrx_word' id='word_1_45' title='bbox 450 910 606 960; x_wconf 83' lang='lat' dir='ltr'>putant</span> 
     </span>
    </p>

    <p class='ocr_par' dir='ltr' id='par_1_7' title="bbox 281 972 1734 1037">
     <span class='ocr_line' id='line_1_10' title="bbox 281 972 1734 1037; baseline 0.01 -25"><span class='ocrx_word' id='word_1_46' title='bbox 281 972 379 1014; x_wconf 90' lang='lat' dir='ltr'>Sibi</span> <span class='ocrx_word' id='word_1_47' title='bbox 399 972 489 1016; x_wconf 89' lang='lat' dir='ltr'>fieri</span> <span class='ocrx_word' id='word_1_48' title='bbox 510 975 743 1030; x_wconf 84' lang='lat' dir='ltr'>injuriam;</span> <span class='ocrx_word' id='word_1_49' title='bbox 772 976 904 1028; x_wconf 88' lang='lat' dir='ltr'>ultro,</span> <span class='ocrx_word' id='word_1_50' title='bbox 927 977 966 1019; x_wconf 91' lang='lat' dir='ltr'>si</span> <span class='ocrx_word' id='word_1_51' title='bbox 982 990 1114 1032; x_wconf 83' lang='lat' dir='ltr'>quam</span> <span class='ocrx_word' id='word_1_52' title='bbox 1133 978 1275 1021; x_wconf 87' lang='lat' dir='ltr'>fecere</span> <span class='ocrx_word' id='word_1_53' title='bbox 1295 980 1398 1036; x_wconf 88' lang='lat' dir='ltr'>ipsi,</span> <span class='ocrx_word' id='word_1_54' title='bbox 1429 983 1734 1037; x_wconf 83' lang='lat' dir='ltr'>expostulant,</span> 
     </span>
    </p>
   </div>
   <div class='ocr_carea' id='block_1_5' title="bbox 275 1106 1739 1286">
    <p class='ocr_par' dir='ltr' id='par_1_8' title="bbox 275 1106 1739 1286">
     <span class='ocr_line' id='line_1_11' title="bbox 320 1106 1739 1156; baseline 0.008 -19"><span class='ocrx_word' id='word_1_55' title='bbox 320 1106 386 1138; x_wconf 87' lang='lat' dir='ltr'>Mr.</span> <span class='ocrx_word' id='word_1_56' title='bbox 411 1108 482 1148; x_wconf 88' lang='lat' dir='ltr'>Ego</span> <span class='ocrx_word' id='word_1_57' title='bbox 504 1109 538 1140; x_wconf 87' lang='lat' dir='ltr'>in</span> <span class='ocrx_word' id='word_1_58' title='bbox 563 1110 619 1142; x_wconf 78' lang='lat' dir='ltr'>hac</span> <span class='ocrx_word' id='word_1_59' title='bbox 633 1120 666 1142; x_wconf 82' lang='lat' dir='ltr'>re</span> <span class='ocrx_word' id='word_1_60' title='bbox 681 1112 761 1142; x_wconf 78' lang='lat' dir='ltr'>m&#39;hz‘l</span> <span class='ocrx_word' id='word_1_61' title='bbox 774 1112 919 1144; x_wconf 80' lang='lat' dir='ltr'>meritum</span> <span class='ocrx_word' id='word_1_62' title='bbox 933 1123 980 1144; x_wconf 86' lang='lat' dir='ltr'>me</span> <span class='ocrx_word' id='word_1_63' title='bbox 994 1114 1094 1154; x_wconf 76' lang='lat' dir='ltr'>video,</span> <span class='ocrx_word' id='word_1_64' title='bbox 1107 1123 1163 1144; x_wconf 81' lang='lat' dir='ltr'>cur</span> <span class='ocrx_word' id='word_1_65' title='bbox 1186 1113 1284 1144; x_wconf 82' lang='lat' dir='ltr'>tantis</span> <span class='ocrx_word' id='word_1_66' title='bbox 1305 1113 1447 1145; x_wconf 80' lang='lat' dir='ltr'>laudibus</span> <span class='ocrx_word' id='word_1_67' title='bbox 1461 1124 1510 1146; x_wconf 87' lang='lat' dir='ltr'>me</span> <span class='ocrx_word' id='word_1_68' title='bbox 1527 1116 1739 1156; x_wconf 79' lang='lat' dir='ltr'>prosequaris,</span> 
     </span>
     <span class='ocr_line' id='line_1_12' title="bbox 280 1149 1732 1195; baseline 0.007 -15"><span class='ocrx_word' id='word_1_69' title='bbox 280 1149 402 1188; x_wconf 83' lang='lat' dir='ltr'>Hegio:</span> <span class='ocrx_word' id='word_1_70' title='bbox 425 1162 489 1182; x_wconf 86' lang='lat' dir='ltr'>meo</span> <span class='ocrx_word' id='word_1_71' title='bbox 505 1154 601 1194; x_wconf 80' lang='lat' dir='ltr'>officio</span> <span class='ocrx_word' id='word_1_72' title='bbox 615 1154 798 1192; x_wconf 79' lang='lat' dir='ltr'>satisfacio3</span> <span class='ocrx_word' id='word_1_73' title='bbox 818 1166 949 1195; x_wconf 85' lang='lat' dir='ltr'>pravum</span> <span class='ocrx_word' id='word_1_74' title='bbox 957 1156 1083 1194; x_wconf 81' lang='lat' dir='ltr'>sactum</span> <span class='ocrx_word' id='word_1_75' title='bbox 1096 1167 1115 1187; x_wconf 86' lang='lat' dir='ltr'>a</span> <span class='ocrx_word' id='word_1_76' title='bbox 1131 1157 1217 1188; x_wconf 83' lang='lat' dir='ltr'>nohis</span> <span class='ocrx_word' id='word_1_77' title='bbox 1232 1158 1356 1188; x_wconf 84' lang='lat' dir='ltr'>emendo</span> <span class='ocrx_word' id='word_1_78' title='bbox 1365 1168 1378 1195; x_wconf 92' lang='lat'>‚·</span> <span class='ocrx_word' id='word_1_79' title='bbox 1400 1158 1463 1189; x_wconf 72' lang='lat' dir='ltr'>nisi</span> <span class='ocrx_word' id='word_1_80' title='bbox 1478 1168 1524 1189; x_wconf 90' lang='lat' dir='ltr'>me</span> <span class='ocrx_word' id='word_1_81' title='bbox 1539 1158 1589 1190; x_wconf 80' lang='lat' dir='ltr'>his</span> <span class='ocrx_word' id='word_1_82' title='bbox 1601 1159 1732 1191; x_wconf 80' lang='lat' dir='ltr'>homini-</span> 
     </span>
     <span class='ocr_line' id='line_1_13' title="bbox 279 1192 1735 1242; baseline 0.008 -20"><span class='ocrx_word' id='word_1_83' title='bbox 279 1192 334 1223; x_wconf 76' lang='lat' dir='ltr'>hus</span> <span class='ocrx_word' id='word_1_84' title='bbox 358 1203 548 1235; x_wconf 80' lang='lat' dir='ltr'>annumeres,</span> <span class='ocrx_word' id='word_1_85' title='bbox 571 1196 623 1236; x_wconf 86' lang='lat' dir='ltr'>qui</span> <span class='ocrx_word' id='word_1_86' title='bbox 651 1197 699 1228; x_wconf 83' lang='lat' dir='ltr'>ita</span> <span class='ocrx_word' id='word_1_87' title='bbox 728 1199 885 1230; x_wconf 66' lang='lat' dir='ltr'>&lt;estimant</span> <span class='ocrx_word' id='word_1_88' title='bbox 910 1209 941 1230; x_wconf 87' lang='lat' dir='ltr'>se</span> <span class='ocrx_word' id='word_1_89' title='bbox 968 1200 1118 1239; x_wconf 82' lang='lat' dir='ltr'>accepisse</span> <span class='ocrx_word' id='word_1_90' title='bbox 1142 1199 1302 1240; x_wconf 72' lang='lat' dir='ltr'>injuriam,</span> <span class='ocrx_word' id='word_1_91' title='bbox 1317 1200 1346 1230; x_wconf 86' lang='lat' dir='ltr'>si</span> <span class='ocrx_word' id='word_1_92' title='bbox 1367 1200 1503 1241; x_wconf 78' lang='lat' dir='ltr'>aliquam</span> <span class='ocrx_word' id='word_1_93' title='bbox 1521 1199 1627 1238; x_wconf 83' lang='lat' dir='ltr'>fecere</span> <span class='ocrx_word' id='word_1_94' title='bbox 1647 1202 1735 1242; x_wconf 81' lang='lat' dir='ltr'>ipsi;</span> 
     </span>
     <span class='ocr_line' id='line_1_14' title="bbox 275 1236 1734 1286; baseline 0.008 -20"><span class='ocrx_word' id='word_1_95' title='bbox 275 1236 397 1274; x_wconf 77' lang='lat' dir='ltr'>priores</span> <span class='ocrx_word' id='word_1_96' title='bbox 422 1242 604 1280; x_wconf 75' lang='lat' dir='ltr'>queruntur,</span> <span class='ocrx_word' id='word_1_97' title='bbox 630 1243 660 1270; x_wconf 82' lang='lat' dir='ltr'>et</span> <span class='ocrx_word' id='word_1_98' title='bbox 686 1245 843 1282; x_wconf 80' lang='lat' dir='ltr'>accusant,</span> <span class='ocrx_word' id='word_1_99' title='bbox 872 1252 933 1273; x_wconf 84' lang='lat' dir='ltr'>uon</span> <span class='ocrx_word' id='word_1_100' title='bbox 959 1245 1121 1283; x_wconf 76' lang='lat' dir='ltr'>expectata</span> <span class='ocrx_word' id='word_1_101' title='bbox 1143 1243 1267 1284; x_wconf 83' lang='lat' dir='ltr'>querela</span> <span class='ocrx_word' id='word_1_102' title='bbox 1291 1253 1395 1274; x_wconf 84' lang='lat' dir='ltr'>eorum</span> <span class='ocrx_word' id='word_1_103' title='bbox 1409 1244 1463 1284; x_wconf 80' lang='lat' dir='ltr'>qui</span> <span class='ocrx_word' id='word_1_104' title='bbox 1484 1243 1605 1283; x_wconf 72' lang='lat' dir='ltr'>injuria</span> <span class='ocrx_word' id='word_1_105' title='bbox 1625 1244 1734 1286; x_wconf 79' lang='lat' dir='ltr'>affecti</span> 
     </span>
    </p>
   </div>
   <div class='ocr_carea' id='block_1_6' title="bbox 885 1340 1127 1353">
    <p class='ocr_par' dir='ltr' id='par_1_9' title="bbox 885 1340 1127 1353">
     <span class='ocr_line' id='line_1_15' title="bbox 885 1340 1127 1353; baseline 0 -2"><span class='ocrx_word' id='word_1_106' title='bbox 885 1340 1127 1353; x_wconf 50' lang='lat' dir='ltr'>‘retecto-‘seeo</span> 
     </span>
    </p>
   </div>
   <div class='ocr_carea' id='block_1_7' title="bbox 267 1404 1734 2821">
    <p class='ocr_par' dir='ltr' id='par_1_10' title="bbox 267 1404 1734 2821">
     <span class='ocr_line' id='line_1_16' title="bbox 321 1404 1731 1454; baseline 0.007 -19"><span class='ocrx_word' id='word_1_107' title='bbox 321 1407 336 1434; x_wconf 96' lang='lat' dir='ltr'>l</span> <span class='ocrx_word' id='word_1_108' title='bbox 362 1404 430 1437; x_wconf 88' lang='lat' dir='ltr'>Hic</span> <span class='ocrx_word' id='word_1_109' title='bbox 448 1405 603 1438; x_wconf 84' lang='lat' dir='ltr'>Muretus</span> <span class='ocrx_word' id='word_1_110' title='bbox 621 1407 728 1440; x_wconf 86' lang='lat' dir='ltr'>Actus</span> <span class='ocrx_word' id='word_1_111' title='bbox 747 1420 782 1441; x_wconf 91' lang='lat' dir='ltr'>v.</span> <span class='ocrx_word' id='word_1_112' title='bbox 808 1410 939 1442; x_wconf 89' lang='lat' dir='ltr'>initium</span> <span class='ocrx_word' id='word_1_113' title='bbox 957 1411 1087 1442; x_wconf 86' lang='lat' dir='ltr'>statuit.</span> <span class='ocrx_word' id='word_1_114' title='bbox 1126 1410 1285 1442; x_wconf 86' lang='lat' dir='ltr'>Abeunte</span> <span class='ocrx_word' id='word_1_115' title='bbox 1301 1411 1389 1442; x_wconf 85' lang='lat' dir='ltr'>enirn</span> <span class='ocrx_word' id='word_1_116' title='bbox 1406 1411 1537 1444; x_wconf 88' lang='lat' dir='ltr'>Demea</span> <span class='ocrx_word' id='word_1_117' title='bbox 1551 1413 1731 1454; x_wconf 78' lang='lat' dir='ltr'>quaesitum</span> 
     </span>
     <span class='ocr_line' id='line_1_17' title="bbox 277 1446 1732 1495; baseline 0.007 -18"><span class='ocrx_word' id='word_1_118' title='bbox 277 1446 429 1488; x_wconf 86' lang='lat' dir='ltr'>fratrem,</span> <span class='ocrx_word' id='word_1_119' title='bbox 454 1449 537 1489; x_wconf 87' lang='lat' dir='ltr'>Syro</span> <span class='ocrx_word' id='word_1_120' title='bbox 563 1455 675 1482; x_wconf 86' lang='lat' dir='ltr'>autem</span> <span class='ocrx_word' id='word_1_121' title='bbox 701 1454 910 1485; x_wconf 86' lang='lat' dir='ltr'>sorbillatum</span> <span class='ocrx_word' id='word_1_122' title='bbox 926 1454 1080 1495; x_wconf 84' lang='lat' dir='ltr'>cyathos,</span> <span class='ocrx_word' id='word_1_123' title='bbox 1095 1454 1205 1485; x_wconf 86' lang='lat' dir='ltr'>Scena</span> <span class='ocrx_word' id='word_1_124' title='bbox 1222 1464 1329 1485; x_wconf 86' lang='lat' dir='ltr'>vacua</span> <span class='ocrx_word' id='word_1_125' title='bbox 1342 1455 1514 1486; x_wconf 81' lang='lat' dir='ltr'>remansit.</span> <span class='ocrx_word' id='word_1_126' title='bbox 1561 1454 1657 1488; x_wconf 82' lang='lat' dir='ltr'>Infra</span> <span class='ocrx_word' id='word_1_127' title='bbox 1673 1467 1732 1488; x_wconf 83' lang='lat' dir='ltr'>au-</span> 
     </span>
     <span class='ocr_line' id='line_1_18' title="bbox 277 1491 1732 1534; baseline 0.006 -13"><span class='ocrx_word' id='word_1_128' title='bbox 277 1496 361 1529; x_wconf 89' lang='lat' dir='ltr'>tem,</span> <span class='ocrx_word' id='word_1_129' title='bbox 377 1491 434 1522; x_wconf 90' lang='lat' dir='ltr'>ubi</span> <span class='ocrx_word' id='word_1_130' title='bbox 453 1493 552 1532; x_wconf 87' lang='lat' dir='ltr'>vulgo</span> <span class='ocrx_word' id='word_1_131' title='bbox 568 1494 690 1534; x_wconf 86' lang='lat' dir='ltr'>incipit</span> <span class='ocrx_word' id='word_1_132' title='bbox 706 1495 814 1527; x_wconf 87' lang='lat' dir='ltr'>Actus</span> <span class='ocrx_word' id='word_1_133' title='bbox 833 1506 866 1529; x_wconf 86' lang='lat' dir='ltr'>v.</span> <span class='ocrx_word' id='word_1_134' title='bbox 891 1497 1067 1528; x_wconf 85' lang='lat' dir='ltr'>AEschinus</span> <span class='ocrx_word' id='word_1_135' title='bbox 1083 1497 1117 1528; x_wconf 91' lang='lat' dir='ltr'>in</span> <span class='ocrx_word' id='word_1_136' title='bbox 1143 1497 1255 1528; x_wconf 89' lang='lat' dir='ltr'>Scena</span> <span class='ocrx_word' id='word_1_137' title='bbox 1282 1502 1447 1529; x_wconf 87' lang='lat' dir='ltr'>remanet.</span> <span class='ocrx_word' id='word_1_138' title='bbox 1476 1499 1576 1531; x_wconf 81' lang='lat' dir='ltr'>West.</span> <span class='ocrx_word' id='word_1_139' title='bbox 1622 1499 1732 1532; x_wconf 82' lang='lat' dir='ltr'>Quar-</span> 
     </span>
     <span class='ocr_line' id='line_1_19' title="bbox 278 1535 1734 1582; baseline 0.008 -19"><span class='ocrx_word' id='word_1_140' title='bbox 278 1538 346 1564; x_wconf 86' lang='lat' dir='ltr'>tam</span> <span class='ocrx_word' id='word_1_141' title='bbox 368 1535 509 1565; x_wconf 81' lang='lat' dir='ltr'>scenam</span> <span class='ocrx_word' id='word_1_142' title='bbox 537 1536 591 1567; x_wconf 83' lang='lat' dir='ltr'>liic</span> <span class='ocrx_word' id='word_1_143' title='bbox 613 1537 735 1578; x_wconf 87' lang='lat' dir='ltr'>incipit</span> <span class='ocrx_word' id='word_1_144' title='bbox 759 1540 836 1578; x_wconf 88' lang='lat' dir='ltr'>Bip.</span> <span class='ocrx_word' id='word_1_145' title='bbox 872 1541 942 1579; x_wconf 82' lang='lat' dir='ltr'>Ego</span> <span class='ocrx_word' id='word_1_146' title='bbox 957 1540 991 1570; x_wconf 86' lang='lat' dir='ltr'>in</span> <span class='ocrx_word' id='word_1_147' title='bbox 1005 1540 1036 1571; x_wconf 84' lang='lat' dir='ltr'>h.</span> <span class='ocrx_word' id='word_1_148' title='bbox 1053 1550 1087 1571; x_wconf 80' lang='lat' dir='ltr'>re</span> <span class='ocrx_word' id='word_1_149' title='bbox 1101 1540 1294 1580; x_wconf 82' lang='lat' dir='ltr'>quamobrem</span> <span class='ocrx_word' id='word_1_150' title='bbox 1309 1541 1393 1571; x_wconf 81' lang='lat' dir='ltr'>laud.</span> <span class='ocrx_word' id='word_1_151' title='bbox 1410 1543 1488 1571; x_wconf 75' lang='lat' dir='ltr'>tant.</span> <span class='ocrx_word' id='word_1_152' title='bbox 1503 1541 1584 1574; x_wconf 79' lang='lat' dir='ltr'>nihil</span> <span class='ocrx_word' id='word_1_153' title='bbox 1597 1541 1734 1582; x_wconf 74' lang='lat' dir='ltr'>invenio,</span> 
     </span>
     <span class='ocr_line' id='line_1_20' title="bbox 276 1576 1731 1624; baseline 0.007 -18"><span class='ocrx_word' id='word_1_154' title='bbox 276 1576 383 1615; x_wconf 83' lang='lat' dir='ltr'>Hegio</span> <span class='ocrx_word' id='word_1_155' title='bbox 398 1576 458 1608; x_wconf 90' lang='lat' dir='ltr'>dat</span> <span class='ocrx_word' id='word_1_156' title='bbox 475 1578 592 1611; x_wconf 89' lang='lat' dir='ltr'>Guelf.</span> <span class='ocrx_word' id='word_1_157' title='bbox 606 1583 715 1621; x_wconf 80' lang='lat'>3.-3‚</span> <span class='ocrx_word' id='word_1_158' title='bbox 738 1585 759 1613; x_wconf 86' lang='grc'>4</span> <span class='ocrx_word' id='word_1_159' title='bbox 781 1583 872 1613; x_wconf 92' lang='lat' dir='ltr'>Mire</span> <span class='ocrx_word' id='word_1_160' title='bbox 888 1583 922 1613; x_wconf 89' lang='lat' dir='ltr'>in</span> <span class='ocrx_word' id='word_1_161' title='bbox 939 1583 1001 1614; x_wconf 85' lang='lat' dir='ltr'>hoc</span> <span class='ocrx_word' id='word_1_162' title='bbox 1016 1583 1089 1614; x_wconf 90' lang='lat' dir='ltr'>loco</span> <span class='ocrx_word' id='word_1_163' title='bbox 1104 1593 1140 1614; x_wconf 87' lang='lat' dir='ltr'>se</span> <span class='ocrx_word' id='word_1_164' title='bbox 1157 1588 1319 1624; x_wconf 87' lang='lat' dir='ltr'>torquent</span> <span class='ocrx_word' id='word_1_165' title='bbox 1335 1583 1560 1624; x_wconf 84' lang='lat' dir='ltr'>Interpretes.</span> <span class='ocrx_word' id='word_1_166' title='bbox 1606 1584 1731 1617; x_wconf 87' lang='lat' dir='ltr'>Nullus</span> 
     </span>
     <span class='ocr_line' id='line_1_21' title="bbox 278 1621 1734 1667; baseline 0.008 -18"><span class='ocrx_word' id='word_1_167' title='bbox 278 1625 391 1650; x_wconf 91' lang='lat' dir='ltr'>autem</span> <span class='ocrx_word' id='word_1_168' title='bbox 407 1621 601 1653; x_wconf 88' lang='lat' dir='ltr'>commodus</span> <span class='ocrx_word' id='word_1_169' title='bbox 629 1633 746 1655; x_wconf 81' lang='lat' dir='ltr'>sensus</span> <span class='ocrx_word' id='word_1_170' title='bbox 769 1625 846 1657; x_wconf 84' lang='lat' dir='ltr'>elici</span> <span class='ocrx_word' id='word_1_171' title='bbox 876 1635 974 1666; x_wconf 88' lang='lat' dir='ltr'>posse</span> <span class='ocrx_word' id='word_1_172' title='bbox 990 1625 1139 1667; x_wconf 89' lang='lat' dir='ltr'>videtur,</span> <span class='ocrx_word' id='word_1_173' title='bbox 1155 1626 1218 1657; x_wconf 87' lang='lat' dir='ltr'>nisi</span> <span class='ocrx_word' id='word_1_174' title='bbox 1235 1627 1326 1666; x_wconf 87' lang='lat' dir='ltr'>legas</span> <span class='ocrx_word' id='word_1_175' title='bbox 1343 1631 1379 1657; x_wconf 90' lang='lat' dir='ltr'>et</span> <span class='ocrx_word' id='word_1_176' title='bbox 1392 1626 1581 1664; x_wconf 65' lang='lat' dir='ltr'>distinguas</span> <span class='ocrx_word' id='word_1_177' title='bbox 1597 1637 1672 1659; x_wconf 89' lang='lat' dir='ltr'>cum</span> <span class='ocrx_word' id='word_1_178' title='bbox 1687 1627 1734 1661; x_wconf 85' lang='lat' dir='ltr'>R.</span> 
     </span>
     <span class='ocr_line' id='line_1_22' title="bbox 275 1661 1732 1711; baseline 0.006 -19"><span class='ocrx_word' id='word_1_179' title='bbox 275 1661 461 1704; x_wconf 87' lang='lat' dir='ltr'>Stephano,</span> <span class='ocrx_word' id='word_1_180' title='bbox 485 1664 520 1695; x_wconf 85' lang='lat' dir='ltr'>in</span> <span class='ocrx_word' id='word_1_181' title='bbox 545 1666 794 1706; x_wconf 79' lang='lat' dir='ltr'>elegantissima</span> <span class='ocrx_word' id='word_1_182' title='bbox 822 1668 985 1709; x_wconf 86' lang='lat' dir='ltr'>editione,</span> <span class='ocrx_word' id='word_1_183' title='bbox 1010 1668 1127 1700; x_wconf 84' lang='lat' dir='ltr'>formae</span> <span class='ocrx_word' id='word_1_184' title='bbox 1153 1669 1312 1709; x_wconf 84' lang='lat' dir='ltr'>minimae‚</span> <span class='ocrx_word' id='word_1_185' title='bbox 1334 1669 1412 1699; x_wconf 85' lang='lat' dir='ltr'>anni</span> <span class='ocrx_word' id='word_1_186' title='bbox 1440 1672 1535 1701; x_wconf 81' lang='grc'><strong>1540.</strong></span> <span class='ocrx_word' id='word_1_187' title='bbox 1558 1679 1626 1711; x_wconf 85' lang='lat' dir='ltr'>qua</span> <span class='ocrx_word' id='word_1_188' title='bbox 1641 1671 1732 1703; x_wconf 89' lang='lat' dir='ltr'>haud</span> 
     </span>
     <span class='ocr_line' id='line_1_23' title="bbox 276 1705 1732 1753; baseline 0.007 -18"><span class='ocrx_word' id='word_1_189' title='bbox 276 1705 358 1745; x_wconf 86' lang='lat' dir='ltr'>scio,</span> <span class='ocrx_word' id='word_1_190' title='bbox 382 1716 423 1736; x_wconf 92' lang='lat' dir='ltr'>an</span> <span class='ocrx_word' id='word_1_191' title='bbox 449 1707 625 1748; x_wconf 83' lang='lat' dir='ltr'>quisquam</span> <span class='ocrx_word' id='word_1_192' title='bbox 651 1710 820 1742; x_wconf 87' lang='lat' dir='ltr'>editorum</span> <span class='ocrx_word' id='word_1_193' title='bbox 845 1712 997 1743; x_wconf 85' lang='lat' dir='ltr'>Terentii</span> <span class='ocrx_word' id='word_1_194' title='bbox 1023 1712 1186 1753; x_wconf 89' lang='lat' dir='ltr'>deinceps</span> <span class='ocrx_word' id='word_1_195' title='bbox 1210 1721 1290 1743; x_wconf 88' lang='lat' dir='ltr'>usus</span> <span class='ocrx_word' id='word_1_196' title='bbox 1307 1711 1370 1743; x_wconf 88' lang='lat' dir='ltr'>sit:</span> <span class='ocrx_word' id='word_1_197' title='bbox 1396 1713 1449 1752; x_wconf 80' lang='lat' dir='ltr'>qm·</span> <span class='ocrx_word' id='word_1_198' title='bbox 1463 1712 1647 1753; x_wconf 74' lang='lat' dir='ltr'>imputant,</span> <span class='ocrx_word' id='word_1_199' title='bbox 1661 1713 1732 1745; x_wconf 80' lang='lat' dir='ltr'>Sibi</span> 
     </span>
     <span class='ocr_line' id='line_1_24' title="bbox 269 1747 1728 1795; baseline 0.008 -17"><span class='ocrx_word' id='word_1_200' title='bbox 269 1747 345 1790; x_wconf 83' lang='lat' dir='ltr'>fieri</span> <span class='ocrx_word' id='word_1_201' title='bbox 359 1748 518 1789; x_wconf 80' lang='lat' dir='ltr'>iujuriam,</span> <span class='ocrx_word' id='word_1_202' title='bbox 530 1752 611 1782; x_wconf 82' lang='lat' dir='ltr'>ultro</span> <span class='ocrx_word' id='word_1_203' title='bbox 626 1752 666 1792; x_wconf 85' lang='lat' dir='ltr'>si,</span> <span class='ocrx_word' id='word_1_204' title='bbox 680 1763 771 1793; x_wconf 85' lang='lat' dir='ltr'>quam</span> <span class='ocrx_word' id='word_1_205' title='bbox 779 1754 882 1793; x_wconf 85' lang='lat' dir='ltr'>fecere</span> <span class='ocrx_word' id='word_1_206' title='bbox 897 1755 970 1795; x_wconf 85' lang='lat' dir='ltr'>ipsi,</span> <span class='ocrx_word' id='word_1_207' title='bbox 984 1756 1192 1795; x_wconf 77' lang='lat' dir='ltr'>expostulant,</span> <span class='ocrx_word' id='word_1_208' title='bbox 1208 1755 1254 1786; x_wconf 79' lang='lat' dir='ltr'>Et</span> <span class='ocrx_word' id='word_1_209' title='bbox 1264 1755 1346 1786; x_wconf 83' lang='lat' dir='ltr'>ultro</span> <span class='ocrx_word' id='word_1_210' title='bbox 1359 1759 1514 1786; x_wconf 78' lang='lat' dir='ltr'>accusant.</span> <span class='ocrx_word' id='word_1_211' title='bbox 1544 1755 1728 1789; x_wconf 86' lang='lat' dir='ltr'>Construe:</span> 
     </span>
     <span class='ocr_line' id='line_1_25' title="bbox 277 1791 1730 1839; baseline 0.006 -18"><span class='ocrx_word' id='word_1_212' title='bbox 277 1791 311 1821; x_wconf 88' lang='lat' dir='ltr'>Si</span> <span class='ocrx_word' id='word_1_213' title='bbox 327 1791 417 1823; x_wconf 90' lang='lat' dir='ltr'>ultro</span> <span class='ocrx_word' id='word_1_214' title='bbox 434 1794 655 1834; x_wconf 85' lang='lat' dir='ltr'>expostulant</span> <span class='ocrx_word' id='word_1_215' title='bbox 681 1796 851 1838; x_wconf 86' lang='lat' dir='ltr'>injuriam,</span> <span class='ocrx_word' id='word_1_216' title='bbox 873 1807 974 1839; x_wconf 84' lang='lat' dir='ltr'>qnam</span> <span class='ocrx_word' id='word_1_217' title='bbox 1002 1798 1065 1837; x_wconf 87' lang='lat' dir='ltr'>ipsi</span> <span class='ocrx_word' id='word_1_218' title='bbox 1090 1797 1217 1836; x_wconf 82' lang='lat' dir='ltr'>fecere,</span> <span class='ocrx_word' id='word_1_219' title='bbox 1242 1801 1278 1828; x_wconf 88' lang='lat' dir='ltr'>et</span> <span class='ocrx_word' id='word_1_220' title='bbox 1303 1798 1392 1829; x_wconf 90' lang='lat' dir='ltr'>ultro</span> <span class='ocrx_word' id='word_1_221' title='bbox 1419 1803 1593 1830; x_wconf 85' lang='lat' dir='ltr'>accusant.</span> <span class='ocrx_word' id='word_1_222' title='bbox 1636 1800 1730 1832; x_wconf 80' lang='lat' dir='ltr'>Quo-</span> 
     </span>
     <span class='ocr_line' id='line_1_26' title="bbox 276 1833 1732 1883; baseline 0.006 -20"><span class='ocrx_word' id='word_1_223' title='bbox 276 1834 378 1865; x_wconf 82' lang='lat' dir='ltr'>modo</span> <span class='ocrx_word' id='word_1_224' title='bbox 393 1833 466 1866; x_wconf 87' lang='lat' dir='ltr'>fere</span> <span class='ocrx_word' id='word_1_225' title='bbox 491 1837 629 1868; x_wconf 87' lang='lat' dir='ltr'>Fabrini</span> <span class='ocrx_word' id='word_1_226' title='bbox 657 1839 828 1871; x_wconf 85' lang='lat' dir='ltr'>reddidit:</span> <span class='ocrx_word' id='word_1_227' title='bbox 852 1840 861 1858; x_wconf 90' lang='lat'>‘</span> <span class='ocrx_word' id='word_1_228' title='bbox 880 1841 950 1871; x_wconf 85' lang='lat' dir='ltr'>Che</span> <span class='ocrx_word' id='word_1_229' title='bbox 977 1850 1126 1881; x_wconf 88' lang='lat' dir='ltr'>pensano</span> <span class='ocrx_word' id='word_1_230' title='bbox 1141 1841 1226 1878; x_wconf 91' lang='lat' dir='ltr'>cosi,</span> <span class='ocrx_word' id='word_1_231' title='bbox 1241 1840 1303 1871; x_wconf 85' lang='lat' dir='ltr'>che</span> <span class='ocrx_word' id='word_1_232' title='bbox 1320 1841 1369 1871; x_wconf 87' lang='lat' dir='ltr'>sia</span> <span class='ocrx_word' id='word_1_233' title='bbox 1385 1839 1472 1872; x_wconf 90' lang='lat' dir='ltr'>fatto</span> <span class='ocrx_word' id='word_1_234' title='bbox 1485 1841 1557 1872; x_wconf 89' lang='lat' dir='ltr'>loro</span> <span class='ocrx_word' id='word_1_235' title='bbox 1573 1842 1732 1883; x_wconf 83' lang='lat' dir='ltr'>ingiuria,</span> 
     </span>
     <span class='ocr_line' id='line_1_27' title="bbox 276 1877 1730 1924; baseline 0.007 -17"><span class='ocrx_word' id='word_1_236' title='bbox 276 1877 339 1907; x_wconf 87' lang='lat' dir='ltr'>che</span> <span class='ocrx_word' id='word_1_237' title='bbox 355 1878 449 1908; x_wconf 86' lang='lat' dir='ltr'>siano</span> <span class='ocrx_word' id='word_1_238' title='bbox 465 1878 648 1920; x_wconf 79' lang='lat' dir='ltr'>inginriati,</span> <span class='ocrx_word' id='word_1_239' title='bbox 660 1891 695 1913; x_wconf 88' lang='lat' dir='ltr'>se</span> <span class='ocrx_word' id='word_1_240' title='bbox 709 1882 854 1923; x_wconf 87' lang='lat' dir='ltr'>ingiuria</span> <span class='ocrx_word' id='word_1_241' title='bbox 868 1884 987 1915; x_wconf 86' lang='lat' dir='ltr'>alcuna</span> <span class='ocrx_word' id='word_1_242' title='bbox 1003 1893 1045 1914; x_wconf 87' lang='lat' dir='ltr'>ne</span> <span class='ocrx_word' id='word_1_243' title='bbox 1059 1884 1169 1914; x_wconf 88' lang='lat' dir='ltr'>hanno</span> <span class='ocrx_word' id='word_1_244' title='bbox 1185 1883 1227 1914; x_wconf 89' lang='lat' dir='ltr'>ad</span> <span class='ocrx_word' id='word_1_245' title='bbox 1244 1883 1324 1913; x_wconf 84' lang='lat' dir='ltr'>altri</span> <span class='ocrx_word' id='word_1_246' title='bbox 1347 1881 1436 1914; x_wconf 83' lang='lat' dir='ltr'>fatta</span> <span class='ocrx_word' id='word_1_247' title='bbox 1457 1885 1535 1920; x_wconf 89' lang='lat' dir='ltr'>essi,</span> <span class='ocrx_word' id='word_1_248' title='bbox 1551 1894 1730 1924; x_wconf 84' lang='lat' dir='ltr'>perversa-</span> 
     </span>
     <span class='ocr_line' id='line_1_28' title="bbox 276 1921 1730 1966; baseline 0.007 -17"><span class='ocrx_word' id='word_1_249' title='bbox 276 1925 390 1952; x_wconf 86' lang='lat' dir='ltr'>mente</span> <span class='ocrx_word' id='word_1_250' title='bbox 407 1921 434 1952; x_wconf 87' lang='lat' dir='ltr'>si</span> <span class='ocrx_word' id='word_1_251' title='bbox 452 1922 656 1960; x_wconf 85' lang='lat' dir='ltr'>iamentano,</span> <span class='ocrx_word' id='word_1_252' title='bbox 674 1935 692 1956; x_wconf 91' lang='lat' dir='ltr'>e</span> <span class='ocrx_word' id='word_1_253' title='bbox 709 1931 986 1965; x_wconf 85' lang='lat' dir='ltr'>perversamente</span> <span class='ocrx_word' id='word_1_254' title='bbox 1001 1926 1102 1957; x_wconf 89' lang='lat' dir='ltr'>dicon</span> <span class='ocrx_word' id='word_1_255' title='bbox 1117 1926 1217 1966; x_wconf 89' lang='lat' dir='ltr'>male,</span> <span class='ocrx_word' id='word_1_256' title='bbox 1238 1935 1256 1956; x_wconf 87' lang='lat' dir='ltr'>e</span> <span class='ocrx_word' id='word_1_257' title='bbox 1274 1925 1482 1957; x_wconf 69' lang='lat' dir='ltr'>biasimano!</span> <span class='ocrx_word' id='word_1_258' title='bbox 1527 1927 1636 1960; x_wconf 84' lang='lat' dir='ltr'>Quem</span> <span class='ocrx_word' id='word_1_259' title='bbox 1652 1937 1730 1959; x_wconf 90' lang='lat' dir='ltr'>sen-</span> 
     </span>
     <span class='ocr_line' id='line_1_29' title="bbox 277 1966 1730 2011; baseline 0.007 -19"><span class='ocrx_word' id='word_1_260' title='bbox 277 1971 350 1993; x_wconf 86' lang='lat' dir='ltr'>sum</span> <span class='ocrx_word' id='word_1_261' title='bbox 370 1973 446 1994; x_wconf 89' lang='lat' dir='ltr'>cum</span> <span class='ocrx_word' id='word_1_262' title='bbox 472 1966 505 1995; x_wconf 93' lang='lat' dir='ltr'>in</span> <span class='ocrx_word' id='word_1_263' title='bbox 534 1966 676 1998; x_wconf 85' lang='lat' dir='ltr'>totidem</span> <span class='ocrx_word' id='word_1_264' title='bbox 694 1968 806 1999; x_wconf 85' lang='lat' dir='ltr'>verbis</span> <span class='ocrx_word' id='word_1_265' title='bbox 823 1979 888 2000; x_wconf 88' lang='lat' dir='ltr'>non</span> <span class='ocrx_word' id='word_1_266' title='bbox 907 1970 1036 2001; x_wconf 83' lang='lat' dir='ltr'>videret</span> <span class='ocrx_word' id='word_1_267' title='bbox 1051 1969 1218 2009; x_wconf 86' lang='lat' dir='ltr'>Donatus,</span> <span class='ocrx_word' id='word_1_268' title='bbox 1233 1969 1393 2009; x_wconf 86' lang='lat' dir='ltr'>culpatur</span> <span class='ocrx_word' id='word_1_269' title='bbox 1409 1979 1429 2000; x_wconf 87' lang='lat' dir='ltr'>a</span> <span class='ocrx_word' id='word_1_270' title='bbox 1445 1968 1590 2010; x_wconf 83' lang='lat' dir='ltr'>Fae&#39;rno,</span> <span class='ocrx_word' id='word_1_271' title='bbox 1606 1969 1730 2011; x_wconf 81' lang='lat' dir='ltr'>praefe·</span> 
     </span>
     <span class='ocr_line' id='line_1_30' title="bbox 276 2007 1729 2052; baseline 0.006 -17"><span class='ocrx_word' id='word_1_272' title='bbox 276 2011 373 2037; x_wconf 85' lang='lat' dir='ltr'>rente</span> <span class='ocrx_word' id='word_1_273' title='bbox 389 2007 593 2039; x_wconf 88' lang='lat' dir='ltr'>Bembinum</span> <span class='ocrx_word' id='word_1_274' title='bbox 609 2010 704 2050; x_wconf 87' lang='lat' dir='ltr'>illud,</span> <span class='ocrx_word' id='word_1_275' title='bbox 721 2013 902 2052; x_wconf 74' lang='lat' dir='ltr'>expostules.</span> <span class='ocrx_word' id='word_1_276' title='bbox 948 2012 1077 2043; x_wconf 89' lang='lat' dir='ltr'>Eodem</span> <span class='ocrx_word' id='word_1_277' title='bbox 1094 2021 1205 2049; x_wconf 84' lang='lat' dir='ltr'>sensu,</span> <span class='ocrx_word' id='word_1_278' title='bbox 1220 2011 1278 2042; x_wconf 90' lang='lat' dir='ltr'>sed</span> <span class='ocrx_word' id='word_1_279' title='bbox 1295 2016 1427 2043; x_wconf 85' lang='lat' dir='ltr'>mutato</span> <span class='ocrx_word' id='word_1_280' title='bbox 1443 2013 1579 2052; x_wconf 88' lang='lat' dir='ltr'>paulum</span> <span class='ocrx_word' id='word_1_281' title='bbox 1596 2013 1729 2052; x_wconf 84' lang='lat' dir='ltr'>ordine,</span> 
     </span>
     <span class='ocr_line' id='line_1_31' title="bbox 275 2047 1727 2095; baseline 0.007 -18"><span class='ocrx_word' id='word_1_282' title='bbox 275 2047 385 2079; x_wconf 84' lang='lat' dir='ltr'>edidit</span> <span class='ocrx_word' id='word_1_283' title='bbox 401 2050 474 2081; x_wconf 88' lang='lat' dir='ltr'>EV.</span> <span class='ocrx_word' id='word_1_284' title='bbox 490 2054 521 2082; x_wconf 84' lang='grc'>4.</span> <span class='ocrx_word' id='word_1_285' title='bbox 537 2052 578 2090; x_wconf 79' lang='lat' dir='ltr'>si,</span> <span class='ocrx_word' id='word_1_286' title='bbox 593 2062 683 2092; x_wconf 88' lang='lat' dir='ltr'>quam</span> <span class='ocrx_word' id='word_1_287' title='bbox 700 2054 807 2090; x_wconf 85' lang='lat' dir='ltr'>fecere</span> <span class='ocrx_word' id='word_1_288' title='bbox 821 2055 894 2095; x_wconf 84' lang='lat' dir='ltr'>ipsi,</span> <span class='ocrx_word' id='word_1_289' title='bbox 918 2056 999 2086; x_wconf 84' lang='lat' dir='ltr'>ultro</span> <span class='ocrx_word' id='word_1_290' title='bbox 1015 2055 1222 2095; x_wconf 70' lang='lat' dir='ltr'>expostulant,</span> <span class='ocrx_word' id='word_1_291' title='bbox 1241 2055 1283 2085; x_wconf 87' lang='lat' dir='ltr'>Et</span> <span class='ocrx_word' id='word_1_292' title='bbox 1298 2056 1381 2085; x_wconf 83' lang='lat' dir='ltr'>ultro</span> <span class='ocrx_word' id='word_1_293' title='bbox 1393 2059 1550 2087; x_wconf 79' lang='lat' dir='ltr'>accusant.</span> <span class='ocrx_word' id='word_1_294' title='bbox 1594 2055 1727 2089; x_wconf 83' lang='lat' dir='ltr'>Quibus</span> 
     </span>
     <span class='ocr_line' id='line_1_32' title="bbox 276 2091 1727 2139; baseline 0.007 -19"><span class='ocrx_word' id='word_1_295' title='bbox 276 2091 389 2122; x_wconf 81' lang='lat' dir='ltr'>verbis</span> <span class='ocrx_word' id='word_1_296' title='bbox 411 2092 492 2123; x_wconf 85' lang='lat' dir='ltr'>nihil</span> <span class='ocrx_word' id='word_1_297' title='bbox 514 2094 650 2126; x_wconf 89' lang='lat' dir='ltr'>clarius.</span> <span class='ocrx_word' id='word_1_298' title='bbox 695 2097 791 2127; x_wconf 88' lang='lat' dir='ltr'>Idem</span> <span class='ocrx_word' id='word_1_299' title='bbox 818 2107 899 2129; x_wconf 87' lang='lat' dir='ltr'>vero</span> <span class='ocrx_word' id='word_1_300' title='bbox 917 2098 1110 2139; x_wconf 84' lang='lat' dir='ltr'>Stephanus</span> <span class='ocrx_word' id='word_1_301' title='bbox 1128 2097 1349 2139; x_wconf 82' lang='lat' dir='ltr'>quadriennio</span> <span class='ocrx_word' id='word_1_302' title='bbox 1366 2101 1444 2128; x_wconf 86' lang='lat' dir='ltr'>ante</span> <span class='ocrx_word' id='word_1_303' title='bbox 1460 2097 1630 2134; x_wconf 83' lang='lat' dir='ltr'>ediderat,</span> <span class='ocrx_word' id='word_1_304' title='bbox 1643 2100 1727 2130; x_wconf 83' lang='lat' dir='ltr'>ultro</span> 
     </span>
     <span class='ocr_line' id='line_1_33' title="bbox 272 2134 1725 2182; baseline 0.007 -19"><span class='ocrx_word' id='word_1_305' title='bbox 272 2134 311 2171; x_wconf 82' lang='lat' dir='ltr'>si,</span> <span class='ocrx_word' id='word_1_306' title='bbox 329 2135 541 2175; x_wconf 85' lang='lat' dir='ltr'>quamfecere,</span> <span class='ocrx_word' id='word_1_307' title='bbox 557 2137 619 2177; x_wconf 80' lang='lat' dir='ltr'>ipsi</span> <span class='ocrx_word' id='word_1_308' title='bbox 633 2140 839 2179; x_wconf 78' lang='lat' dir='ltr'>expostulant.</span> <span class='ocrx_word' id='word_1_309' title='bbox 857 2141 964 2172; x_wconf 90' lang='lat' dir='ltr'>West.</span> <span class='ocrx_word' id='word_1_310' title='bbox 1011 2141 1086 2172; x_wconf 86' lang='lat' dir='ltr'>Nisi</span> <span class='ocrx_word' id='word_1_311' title='bbox 1100 2141 1162 2181; x_wconf 87' lang='lat' dir='ltr'>me]</span> <span class='ocrx_word' id='word_1_312' title='bbox 1185 2140 1301 2182; x_wconf 87' lang='lat' dir='ltr'>Aliqui</span> <span class='ocrx_word' id='word_1_313' title='bbox 1317 2139 1406 2180; x_wconf 85' lang='lat' dir='ltr'>libri,</span> <span class='ocrx_word' id='word_1_314' title='bbox 1423 2140 1512 2172; x_wconf 89' lang='lat' dir='ltr'>inter</span> <span class='ocrx_word' id='word_1_315' title='bbox 1528 2150 1611 2180; x_wconf 85' lang='lat' dir='ltr'>quos</span> <span class='ocrx_word' id='word_1_316' title='bbox 1627 2141 1725 2173; x_wconf 87' lang='lat' dir='ltr'>Bem.</span> 
     </span>
     <span class='ocr_line' id='line_1_34' title="bbox 276 2177 1726 2223; baseline 0.006 -16"><span class='ocrx_word' id='word_1_317' title='bbox 276 2177 357 2208; x_wconf 86' lang='lat' dir='ltr'>Bas.</span> <span class='ocrx_word' id='word_1_318' title='bbox 373 2183 410 2212; x_wconf 69' lang='lat' dir='ltr'>et</span> <span class='ocrx_word' id='word_1_319' title='bbox 425 2180 465 2210; x_wconf 89' lang='lat' dir='ltr'>V.</span> <span class='ocrx_word' id='word_1_320' title='bbox 491 2180 567 2211; x_wconf 82' lang='lat' dir='ltr'>Nisi</span> <span class='ocrx_word' id='word_1_321' title='bbox 591 2181 618 2211; x_wconf 73' lang='grc' dir='ltr'>εἰ</span> <span class='ocrx_word' id='word_1_322' title='bbox 643 2191 708 2213; x_wconf 82' lang='lat' dir='ltr'>me.-</span> <span class='ocrx_word' id='word_1_323' title='bbox 731 2183 780 2214; x_wconf 89' lang='lat' dir='ltr'>ita</span> <span class='ocrx_word' id='word_1_324' title='bbox 795 2193 926 2223; x_wconf 75' lang='lat' dir='ltr'>versuS,</span> <span class='ocrx_word' id='word_1_325' title='bbox 942 2184 1040 2215; x_wconf 88' lang='lat' dir='ltr'>aliter</span> <span class='ocrx_word' id='word_1_326' title='bbox 1057 2184 1265 2222; x_wconf 83' lang='lat' dir='ltr'>claudicans,</span> <span class='ocrx_word' id='word_1_327' title='bbox 1281 2187 1504 2215; x_wconf 77' lang='lat' dir='ltr'>sustentatur.</span> <span class='ocrx_word' id='word_1_328' title='bbox 1527 2183 1589 2215; x_wconf 90' lang='lat' dir='ltr'>Fa.</span> <span class='ocrx_word' id='word_1_329' title='bbox 1632 2184 1689 2216; x_wconf 89' lang='lat' dir='ltr'>Sic</span> <span class='ocrx_word' id='word_1_330' title='bbox 1706 2194 1726 2216; x_wconf 87' lang='lat' dir='ltr'>e</span> 
     </span>
     <span class='ocr_line' id='line_1_35' title="bbox 275 2219 1727 2268; baseline 0.006 -18"><span class='ocrx_word' id='word_1_331' title='bbox 275 2219 401 2251; x_wconf 84' lang='lat' dir='ltr'>nostris</span> <span class='ocrx_word' id='word_1_332' title='bbox 418 2222 575 2254; x_wconf 87' lang='lat' dir='ltr'>meliores</span> <span class='ocrx_word' id='word_1_333' title='bbox 601 2225 748 2266; x_wconf 86' lang='lat' dir='ltr'>quinque</span> <span class='ocrx_word' id='word_1_334' title='bbox 775 2226 851 2257; x_wconf 76' lang='lat' dir='ltr'>Nisi</span> <span class='ocrx_word' id='word_1_335' title='bbox 874 2227 912 2259; x_wconf 89' lang='lat' dir='ltr'>si.</span> <span class='ocrx_word' id='word_1_336' title='bbox 936 2227 1040 2259; x_wconf 88' lang='lat' dir='ltr'>Bent.</span> <span class='ocrx_word' id='word_1_337' title='bbox 1085 2226 1150 2263; x_wconf 85' lang='lat' dir='ltr'>Qui</span> <span class='ocrx_word' id='word_1_338' title='bbox 1175 2227 1222 2258; x_wconf 79' lang='lat' dir='ltr'>ita</span> <span class='ocrx_word' id='word_1_339' title='bbox 1246 2229 1368 2266; x_wconf 80' lang='lat' dir='ltr'>putant,</span> <span class='ocrx_word' id='word_1_340' title='bbox 1386 2226 1457 2257; x_wconf 80' lang='lat' dir='ltr'>Sibi</span> <span class='ocrx_word' id='word_1_341' title='bbox 1471 2226 1551 2267; x_wconf 81' lang='lat' dir='ltr'>fieri</span> <span class='ocrx_word' id='word_1_342' title='bbox 1566 2226 1727 2268; x_wconf 77' lang='lat' dir='ltr'>injuriam,</span> 
     </span>
     <span class='ocr_line' id='line_1_36' title="bbox 273 2263 1726 2310; baseline 0.008 -18"><span class='ocrx_word' id='word_1_343' title='bbox 273 2263 354 2294; x_wconf 82' lang='lat' dir='ltr'>ultro</span> <span class='ocrx_word' id='word_1_344' title='bbox 370 2263 398 2293; x_wconf 83' lang='lat' dir='ltr'>si</span> <span class='ocrx_word' id='word_1_345' title='bbox 414 2274 504 2304; x_wconf 80' lang='lat' dir='ltr'>quam</span> <span class='ocrx_word' id='word_1_346' title='bbox 519 2265 624 2304; x_wconf 86' lang='lat' dir='ltr'>secere</span> <span class='ocrx_word' id='word_1_347' title='bbox 640 2267 700 2308; x_wconf 81' lang='lat' dir='ltr'>ipsi</span> <span class='ocrx_word' id='word_1_348' title='bbox 715 2270 921 2309; x_wconf 78' lang='lat' dir='ltr'>expostulant,</span> <span class='ocrx_word' id='word_1_349' title='bbox 939 2270 984 2300; x_wconf 79' lang='lat' dir='ltr'>Ec</span> <span class='ocrx_word' id='word_1_350' title='bbox 1000 2271 1083 2300; x_wconf 80' lang='lat' dir='ltr'>ultro</span> <span class='ocrx_word' id='word_1_351' title='bbox 1097 2269 1255 2310; x_wconf 82' lang='lat' dir='ltr'>accusant]</span> <span class='ocrx_word' id='word_1_352' title='bbox 1277 2269 1386 2303; x_wconf 77' lang='lat' dir='ltr'>Valde</span> <span class='ocrx_word' id='word_1_353' title='bbox 1403 2278 1438 2299; x_wconf 90' lang='lat' dir='ltr'>se</span> <span class='ocrx_word' id='word_1_354' title='bbox 1454 2273 1592 2310; x_wconf 89' lang='lat' dir='ltr'>torquet</span> <span class='ocrx_word' id='word_1_355' title='bbox 1608 2271 1726 2303; x_wconf 85' lang='lat' dir='ltr'>Dona·</span> 
     </span>
     <span class='ocr_line' id='line_1_37' title="bbox 275 2308 1725 2353; baseline 0.008 -19"><span class='ocrx_word' id='word_1_356' title='bbox 275 2310 329 2335; x_wconf 85' lang='lat' dir='ltr'>tus</span> <span class='ocrx_word' id='word_1_357' title='bbox 346 2316 450 2345; x_wconf 90' lang='lat' dir='ltr'>super</span> <span class='ocrx_word' id='word_1_358' title='bbox 463 2308 526 2339; x_wconf 90' lang='lat' dir='ltr'>hoc</span> <span class='ocrx_word' id='word_1_359' title='bbox 543 2310 630 2349; x_wconf 83' lang='lat' dir='ltr'>loco,</span> <span class='ocrx_word' id='word_1_360' title='bbox 643 2320 706 2342; x_wconf 88' lang='lat' dir='ltr'>nec</span> <span class='ocrx_word' id='word_1_361' title='bbox 720 2316 831 2342; x_wconf 88' lang='lat' dir='ltr'>tamen</span> <span class='ocrx_word' id='word_1_362' title='bbox 845 2312 1015 2353; x_wconf 81' lang='lat' dir='ltr'>explicat;</span> <span class='ocrx_word' id='word_1_363' title='bbox 1033 2312 1188 2343; x_wconf 84' lang='lat' dir='ltr'>nimirum</span> <span class='ocrx_word' id='word_1_364' title='bbox 1205 2318 1239 2342; x_wconf 88' lang='lat' dir='ltr'>et</span> <span class='ocrx_word' id='word_1_365' title='bbox 1254 2311 1326 2351; x_wconf 89' lang='lat' dir='ltr'>ipse</span> <span class='ocrx_word' id='word_1_366' title='bbox 1342 2312 1375 2342; x_wconf 87' lang='lat' dir='ltr'>in</span> <span class='ocrx_word' id='word_1_367' title='bbox 1389 2311 1586 2343; x_wconf 89' lang='lat' dir='ltr'>mendosum</span> <span class='ocrx_word' id='word_1_368' title='bbox 1601 2312 1725 2345; x_wconf 88' lang='lat' dir='ltr'>librum</span> 
     </span>
     <span class='ocr_line' id='line_1_38' title="bbox 273 2347 1724 2394; baseline 0.008 -17"><span class='ocrx_word' id='word_1_369' title='bbox 273 2347 430 2380; x_wconf 87' lang='lat' dir='ltr'>Terentii</span> <span class='ocrx_word' id='word_1_370' title='bbox 452 2350 633 2384; x_wconf 86' lang='lat' dir='ltr'>inciderat.</span> <span class='ocrx_word' id='word_1_371' title='bbox 679 2354 875 2394; x_wconf 83' lang='lat' dir='ltr'>Legendum</span> <span class='ocrx_word' id='word_1_372' title='bbox 903 2359 956 2386; x_wconf 88' lang='lat' dir='ltr'>est</span> <span class='ocrx_word' id='word_1_373' title='bbox 981 2365 1024 2386; x_wconf 86' lang='lat' dir='ltr'>ex</span> <span class='ocrx_word' id='word_1_374' title='bbox 1050 2356 1146 2386; x_wconf 86' lang='lat' dir='ltr'>Bem.</span> <span class='ocrx_word' id='word_1_375' title='bbox 1169 2356 1361 2394; x_wconf 77' lang='lat' dir='ltr'>expostules:</span> <span class='ocrx_word' id='word_1_376' title='bbox 1384 2359 1421 2385; x_wconf 92' lang='lat' dir='ltr'>et</span> <span class='ocrx_word' id='word_1_377' title='bbox 1436 2363 1554 2385; x_wconf 88' lang='lat' dir='ltr'>sensus</span> <span class='ocrx_word' id='word_1_378' title='bbox 1569 2359 1644 2386; x_wconf 87' lang='lat' dir='ltr'>est:</span> <span class='ocrx_word' id='word_1_379' title='bbox 1668 2356 1724 2388; x_wconf 87' lang='lat' dir='ltr'>De</span> 
     </span>
     <span class='ocr_line' id='line_1_39' title="bbox 274 2388 1723 2438; baseline 0.007 -18"><span class='ocrx_word' id='word_1_380' title='bbox 274 2388 367 2422; x_wconf 85' lang='lat' dir='ltr'>facta</span> <span class='ocrx_word' id='word_1_381' title='bbox 382 2392 424 2422; x_wconf 83' lang='lat' dir='ltr'>ab</span> <span class='ocrx_word' id='word_1_382' title='bbox 448 2394 495 2424; x_wconf 89' lang='lat' dir='ltr'>eis</span> <span class='ocrx_word' id='word_1_383' title='bbox 522 2394 584 2425; x_wconf 87' lang='lat' dir='ltr'>tibi</span> <span class='ocrx_word' id='word_1_384' title='bbox 608 2396 744 2435; x_wconf 88' lang='lat' dir='ltr'>injuria,</span> <span class='ocrx_word' id='word_1_385' title='bbox 771 2398 873 2428; x_wconf 88' lang='lat' dir='ltr'>etiam</span> <span class='ocrx_word' id='word_1_386' title='bbox 900 2397 1038 2438; x_wconf 85' lang='lat' dir='ltr'>insuper</span> <span class='ocrx_word' id='word_1_387' title='bbox 1062 2404 1096 2429; x_wconf 92' lang='lat' dir='ltr'>te</span> <span class='ocrx_word' id='word_1_388' title='bbox 1125 2402 1300 2429; x_wconf 84' lang='lat' dir='ltr'>accusant.</span> <span class='ocrx_word' id='word_1_389' title='bbox 1323 2397 1384 2429; x_wconf 90' lang='lat' dir='ltr'>Fa.</span> <span class='ocrx_word' id='word_1_390' title='bbox 1429 2397 1540 2428; x_wconf 87' lang='lat' dir='ltr'>Recte</span> <span class='ocrx_word' id='word_1_391' title='bbox 1556 2397 1609 2428; x_wconf 90' lang='lat' dir='ltr'>hic</span> <span class='ocrx_word' id='word_1_392' title='bbox 1624 2397 1723 2430; x_wconf 87' lang='lat' dir='ltr'>Bem.</span> 
     </span>
     <span class='ocr_line' id='line_1_40' title="bbox 273 2435 1725 2479; baseline 0.007 -17"><span class='ocrx_word' id='word_1_393' title='bbox 273 2435 458 2473; x_wconf 76' lang='lat' dir='ltr'>expostules,</span> <span class='ocrx_word' id='word_1_394' title='bbox 482 2436 571 2475; x_wconf 83' lang='lat' dir='ltr'>quod</span> <span class='ocrx_word' id='word_1_395' title='bbox 588 2438 641 2468; x_wconf 88' lang='lat' dir='ltr'>vel</span> <span class='ocrx_word' id='word_1_396' title='bbox 657 2448 700 2469; x_wconf 88' lang='lat' dir='ltr'>ex</span> <span class='ocrx_word' id='word_1_397' title='bbox 716 2440 912 2479; x_wconf 86' lang='lat' dir='ltr'>conjectura</span> <span class='ocrx_word' id='word_1_398' title='bbox 926 2439 1028 2471; x_wconf 87' lang='lat' dir='ltr'>facile</span> <span class='ocrx_word' id='word_1_399' title='bbox 1045 2444 1120 2471; x_wconf 87' lang='lat' dir='ltr'>erat</span> <span class='ocrx_word' id='word_1_400' title='bbox 1142 2439 1333 2471; x_wconf 84' lang='lat' dir='ltr'>restituisse</span> <span class='ocrx_word' id='word_1_401' title='bbox 1347 2450 1355 2470; x_wconf 92' lang='lat'><strong>:</strong></span> <span class='ocrx_word' id='word_1_402' title='bbox 1379 2439 1487 2470; x_wconf 86' lang='lat' dir='ltr'>nostri</span> <span class='ocrx_word' id='word_1_403' title='bbox 1507 2440 1725 2479; x_wconf 77' lang='lat' dir='ltr'>expostulant:</span> 
     </span>
     <span class='ocr_line' id='line_1_41' title="bbox 272 2477 1723 2520; baseline 0.006 -15"><span class='ocrx_word' id='word_1_404' title='bbox 272 2481 308 2506; x_wconf 74' lang='lat' dir='ltr'>et</span> <span class='ocrx_word' id='word_1_405' title='bbox 325 2477 383 2508; x_wconf 90' lang='lat' dir='ltr'>Pr.</span> <span class='ocrx_word' id='word_1_406' title='bbox 401 2487 433 2517; x_wconf 91' lang='lat' dir='ltr'>p.</span> <span class='ocrx_word' id='word_1_407' title='bbox 453 2480 546 2509; x_wconf 69' lang='lat'>1143.</span> <span class='ocrx_word' id='word_1_408' title='bbox 562 2482 763 2520; x_wconf 70' lang='lat' dir='ltr'>expostulent.</span> <span class='ocrx_word' id='word_1_409' title='bbox 784 2483 840 2513; x_wconf 87' lang='lat' dir='ltr'>Sic</span> <span class='ocrx_word' id='word_1_410' title='bbox 856 2483 959 2513; x_wconf 91' lang='lat' dir='ltr'>etiam</span> <span class='ocrx_word' id='word_1_411' title='bbox 975 2487 1070 2514; x_wconf 88' lang='lat' dir='ltr'>vetus</span> <span class='ocrx_word' id='word_1_412' title='bbox 1087 2483 1132 2514; x_wconf 90' lang='lat' dir='ltr'>ibi</span> <span class='ocrx_word' id='word_1_413' title='bbox 1147 2482 1264 2514; x_wconf 87' lang='lat' dir='ltr'>codex.</span> <span class='ocrx_word' id='word_1_414' title='bbox 1279 2483 1375 2514; x_wconf 82' lang='lat' dir='ltr'>Bent.</span> <span class='ocrx_word' id='word_1_415' title='bbox 1399 2482 1578 2513; x_wconf 87' lang='lat' dir='ltr'>Rationem</span> <span class='ocrx_word' id='word_1_416' title='bbox 1595 2482 1723 2514; x_wconf 71' lang='lat' dir='ltr'>Faerni</span> 
     </span>
     <span class='ocr_line' id='line_1_42' title="bbox 272 2520 1723 2566; baseline 0.007 -19"><span class='ocrx_word' id='word_1_417' title='bbox 272 2523 365 2549; x_wconf 87' lang='lat' dir='ltr'>recte</span> <span class='ocrx_word' id='word_1_418' title='bbox 383 2520 507 2558; x_wconf 81' lang='lat' dir='ltr'>probat</span> <span class='ocrx_word' id='word_1_419' title='bbox 522 2522 622 2554; x_wconf 85' lang='lat' dir='ltr'>Bent.</span> <span class='ocrx_word' id='word_1_420' title='bbox 639 2523 736 2554; x_wconf 86' lang='lat' dir='ltr'>Zeun.</span> <span class='ocrx_word' id='word_1_421' title='bbox 774 2525 842 2556; x_wconf 90' lang='lat' dir='ltr'>Hic</span> <span class='ocrx_word' id='word_1_422' title='bbox 860 2525 953 2556; x_wconf 88' lang='lat' dir='ltr'>locus</span> <span class='ocrx_word' id='word_1_423' title='bbox 970 2535 987 2556; x_wconf 91' lang='lat' dir='ltr'>e</span> <span class='ocrx_word' id='word_1_424' title='bbox 1004 2526 1101 2556; x_wconf 89' lang='lat' dir='ltr'>Bem.</span> <span class='ocrx_word' id='word_1_425' title='bbox 1118 2526 1167 2556; x_wconf 89' lang='lat' dir='ltr'>ita</span> <span class='ocrx_word' id='word_1_426' title='bbox 1182 2524 1344 2566; x_wconf 85' lang='lat' dir='ltr'>legendus</span> <span class='ocrx_word' id='word_1_427' title='bbox 1361 2528 1435 2556; x_wconf 88' lang='lat' dir='ltr'>est:</span> <span class='ocrx_word' id='word_1_428' title='bbox 1452 2523 1559 2563; x_wconf 78' lang='lat' dir='ltr'>Sibis.</span> <span class='ocrx_word' id='word_1_429' title='bbox 1572 2524 1723 2565; x_wconf 74' lang='lat' dir='ltr'>injuriam</span> 
     </span>
     <span class='ocr_line' id='line_1_43' title="bbox 271 2561 1722 2608; baseline 0.006 -18"><span class='ocrx_word' id='word_1_430' title='bbox 271 2561 354 2591; x_wconf 79' lang='lat' dir='ltr'>ultro</span> <span class='ocrx_word' id='word_1_431' title='bbox 370 2562 397 2592; x_wconf 86' lang='lat' dir='ltr'>si</span> <span class='ocrx_word' id='word_1_432' title='bbox 414 2573 503 2602; x_wconf 82' lang='lat' dir='ltr'>quam</span> <span class='ocrx_word' id='word_1_433' title='bbox 521 2564 627 2602; x_wconf 82' lang='lat' dir='ltr'>fecere</span> <span class='ocrx_word' id='word_1_434' title='bbox 652 2567 713 2606; x_wconf 79' lang='lat' dir='ltr'>ipsi</span> <span class='ocrx_word' id='word_1_435' title='bbox 738 2568 923 2607; x_wconf 78' lang='lat' dir='ltr'>eaepostules.</span> <span class='ocrx_word' id='word_1_436' title='bbox 947 2568 988 2598; x_wconf 88' lang='lat' dir='ltr'>R.</span> <span class='ocrx_word' id='word_1_437' title='bbox 1004 2568 1047 2599; x_wconf 91' lang='lat' dir='ltr'>D.</span> <span class='ocrx_word' id='word_1_438' title='bbox 1095 2568 1159 2603; x_wconf 85' lang='lat' dir='ltr'>Qui</span> <span class='ocrx_word' id='word_1_439' title='bbox 1173 2568 1221 2598; x_wconf 81' lang='lat' dir='ltr'>ita</span> <span class='ocrx_word' id='word_1_440' title='bbox 1244 2570 1356 2608; x_wconf 77' lang='lat' dir='ltr'>putant</span> <span class='ocrx_word' id='word_1_441' title='bbox 1373 2590 1382 2598; x_wconf 89' lang='lat'>.</span> <span class='ocrx_word' id='word_1_442' title='bbox 1396 2589 1404 2597; x_wconf 92' lang='lat'>.</span> <span class='ocrx_word' id='word_1_443' title='bbox 1415 2590 1424 2598; x_wconf 92' lang='lat'>.</span> <span class='ocrx_word' id='word_1_444' title='bbox 1439 2589 1447 2599; x_wconf 90' lang='lat'>.</span> <span class='ocrx_word' id='word_1_445' title='bbox 1462 2567 1621 2608; x_wconf 79' lang='lat' dir='ltr'>accusant]</span> <span class='ocrx_word' id='word_1_446' title='bbox 1643 2567 1722 2599; x_wconf 90' lang='lat' dir='ltr'>Dis-</span> 
     </span>
     <span class='ocr_line' id='line_1_44' title="bbox 271 2604 1723 2651; baseline 0.006 -18"><span class='ocrx_word' id='word_1_447' title='bbox 271 2604 469 2636; x_wconf 81' lang='lat' dir='ltr'>tinctionem</span> <span class='ocrx_word' id='word_1_448' title='bbox 486 2606 550 2637; x_wconf 84' lang='lat' dir='ltr'>huc</span> <span class='ocrx_word' id='word_1_449' title='bbox 569 2617 671 2648; x_wconf 86' lang='lat' dir='ltr'>usque</span> <span class='ocrx_word' id='word_1_450' title='bbox 688 2610 865 2640; x_wconf 88' lang='lat' dir='ltr'>verborum</span> <span class='ocrx_word' id='word_1_451' title='bbox 887 2620 1023 2650; x_wconf 86' lang='lat' dir='ltr'>sequor,</span> <span class='ocrx_word' id='word_1_452' title='bbox 1049 2620 1147 2650; x_wconf 87' lang='lat' dir='ltr'>quam</span> <span class='ocrx_word' id='word_1_453' title='bbox 1174 2610 1339 2649; x_wconf 87' lang='lat' dir='ltr'>Stephani</span> <span class='ocrx_word' id='word_1_454' title='bbox 1365 2609 1618 2640; x_wconf 86' lang='lat' dir='ltr'>Westerhovius</span> <span class='ocrx_word' id='word_1_455' title='bbox 1635 2611 1723 2651; x_wconf 89' lang='lat' dir='ltr'>opti-</span> 
     </span>
     <span class='ocr_line' id='line_1_45' title="bbox 270 2648 1720 2692; baseline 0.006 -17"><span class='ocrx_word' id='word_1_456' title='bbox 270 2655 358 2676; x_wconf 84' lang='lat' dir='ltr'>mam</span> <span class='ocrx_word' id='word_1_457' title='bbox 375 2648 536 2680; x_wconf 83' lang='lat' dir='ltr'>laudavit.</span> <span class='ocrx_word' id='word_1_458' title='bbox 554 2650 641 2681; x_wconf 69' lang='lat' dir='ltr'>Per-l.</span> <span class='ocrx_word' id='word_1_459' title='bbox 688 2652 887 2692; x_wconf 64' lang='lat' dir='ltr'>lia-postules]</span> <span class='ocrx_word' id='word_1_460' title='bbox 910 2653 1037 2684; x_wconf 87' lang='lat' dir='ltr'>Omnes</span> <span class='ocrx_word' id='word_1_461' title='bbox 1054 2658 1133 2684; x_wconf 88' lang='lat' dir='ltr'>ante</span> <span class='ocrx_word' id='word_1_462' title='bbox 1148 2654 1206 2684; x_wconf 82' lang='lat' dir='ltr'>Fa.</span> <span class='ocrx_word' id='word_1_463' title='bbox 1225 2652 1384 2692; x_wconf 86' lang='lat' dir='ltr'>legebant</span> <span class='ocrx_word' id='word_1_464' title='bbox 1398 2652 1486 2682; x_wconf 85' lang='lat' dir='ltr'>male</span> <span class='ocrx_word' id='word_1_465' title='bbox 1502 2653 1720 2692; x_wconf 79' lang='lat' dir='ltr'>expostulant;</span> 
     </span>
     <span class='ocr_line' id='line_1_46' title="bbox 270 2688 1718 2735; baseline 0.007 -17"><span class='ocrx_word' id='word_1_466' title='bbox 270 2688 303 2718; x_wconf 87' lang='lat' dir='ltr'>in</span> <span class='ocrx_word' id='word_1_467' title='bbox 320 2699 386 2728; x_wconf 89' lang='lat' dir='ltr'>qua</span> <span class='ocrx_word' id='word_1_468' title='bbox 402 2691 560 2722; x_wconf 85' lang='lat' dir='ltr'>mendosa</span> <span class='ocrx_word' id='word_1_469' title='bbox 578 2693 655 2723; x_wconf 78' lang='lat' dir='ltr'>lect.</span> <span class='ocrx_word' id='word_1_470' title='bbox 670 2693 742 2733; x_wconf 87' lang='lat' dir='ltr'>ipse</span> <span class='ocrx_word' id='word_1_471' title='bbox 756 2704 791 2725; x_wconf 82' lang='lat' dir='ltr'>se</span> <span class='ocrx_word' id='word_1_472' title='bbox 806 2699 942 2735; x_wconf 86' lang='lat' dir='ltr'>torquet</span> <span class='ocrx_word' id='word_1_473' title='bbox 967 2695 1034 2726; x_wconf 91' lang='lat' dir='ltr'>Do.</span> <span class='ocrx_word' id='word_1_474' title='bbox 1059 2700 1096 2726; x_wconf 88' lang='lat' dir='ltr'>ut</span> <span class='ocrx_word' id='word_1_475' title='bbox 1112 2695 1322 2726; x_wconf 79' lang='lat' dir='ltr'>recentiores</span> <span class='ocrx_word' id='word_1_476' title='bbox 1338 2699 1522 2727; x_wconf 86' lang='lat' dir='ltr'>taceamus.</span> <span class='ocrx_word' id='word_1_477' title='bbox 1566 2694 1632 2726; x_wconf 89' lang='lat' dir='ltr'>Sed</span> <span class='ocrx_word' id='word_1_478' title='bbox 1659 2695 1718 2728; x_wconf 79' lang='lat' dir='ltr'>Fa.</span> 
     </span>
     <span class='ocr_line' id='line_1_47' title="bbox 269 2732 1720 2777; baseline 0.006 -16"><span class='ocrx_word' id='word_1_479' title='bbox 269 2741 312 2761; x_wconf 86' lang='lat' dir='ltr'>ex</span> <span class='ocrx_word' id='word_1_480' title='bbox 329 2732 425 2763; x_wconf 87' lang='lat' dir='ltr'>Bem.</span> <span class='ocrx_word' id='word_1_481' title='bbox 442 2743 555 2764; x_wconf 86' lang='lat' dir='ltr'>verum</span> <span class='ocrx_word' id='word_1_482' title='bbox 575 2735 737 2775; x_wconf 81' lang='lat' dir='ltr'>restituit,</span> <span class='ocrx_word' id='word_1_483' title='bbox 760 2742 797 2767; x_wconf 90' lang='lat' dir='ltr'>nt</span> <span class='ocrx_word' id='word_1_484' title='bbox 821 2738 933 2767; x_wconf 79' lang='lat' dir='ltr'>mii-ari</span> <span class='ocrx_word' id='word_1_485' title='bbox 962 2742 1130 2777; x_wconf 82' lang='lat' dir='ltr'>oporteat,</span> <span class='ocrx_word' id='word_1_486' title='bbox 1155 2747 1215 2768; x_wconf 89' lang='lat' dir='ltr'>cur</span> <span class='ocrx_word' id='word_1_487' title='bbox 1242 2738 1275 2769; x_wconf 92' lang='lat' dir='ltr'>in</span> <span class='ocrx_word' id='word_1_488' title='bbox 1302 2737 1447 2768; x_wconf 86' lang='lat' dir='ltr'>obscura</span> <span class='ocrx_word' id='word_1_489' title='bbox 1471 2741 1507 2767; x_wconf 88' lang='lat' dir='ltr'>et</span> <span class='ocrx_word' id='word_1_490' title='bbox 1530 2735 1614 2768; x_wconf 82' lang='lat' dir='ltr'>salsa</span> <span class='ocrx_word' id='word_1_491' title='bbox 1636 2738 1720 2770; x_wconf 87' lang='lat' dir='ltr'>lect.</span> 
     </span>
     <span class='ocr_line' id='line_1_48' title="bbox 267 2773 1718 2821; baseline 0.006 -17"><span class='ocrx_word' id='word_1_492' title='bbox 267 2773 399 2806; x_wconf 81' lang='lat' dir='ltr'>haerere</span> <span class='ocrx_word' id='word_1_493' title='bbox 416 2777 533 2808; x_wconf 86' lang='lat' dir='ltr'>malint</span> <span class='ocrx_word' id='word_1_494' title='bbox 555 2777 708 2819; x_wconf 84' lang='lat' dir='ltr'>plerique</span> <span class='ocrx_word' id='word_1_495' title='bbox 734 2778 832 2810; x_wconf 80' lang='lat' dir='ltr'>editt.</span> <span class='ocrx_word' id='word_1_496' title='bbox 857 2780 1032 2820; x_wconf 85' lang='lat' dir='ltr'>Heinsius,</span> <span class='ocrx_word' id='word_1_497' title='bbox 1059 2781 1145 2812; x_wconf 84' lang='lat' dir='ltr'>Dae.</span> <span class='ocrx_word' id='word_1_498' title='bbox 1172 2781 1278 2812; x_wconf 88' lang='lat' dir='ltr'>west.</span> <span class='ocrx_word' id='word_1_499' title='bbox 1302 2779 1378 2821; x_wconf 73' lang='lat' dir='ltr'>Rip.</span> <span class='ocrx_word' id='word_1_500' title='bbox 1425 2779 1489 2816; x_wconf 77' lang='lat' dir='ltr'>Qui</span> <span class='ocrx_word' id='word_1_501' title='bbox 1512 2780 1559 2811; x_wconf 73' lang='lat' dir='ltr'>ila</span> <span class='ocrx_word' id='word_1_502' title='bbox 1581 2783 1718 2820; x_wconf 76' lang='lat' dir='ltr'>putant,-</span> 
     </span>
    </p>
   </div>
  </div>
 </body>
</html>
