1966 3302
537 238 844 271 PHoRMiouls
876 237 988 268 Ac‘r.
1023 237 1088 266 lv.
1120 236 1187 266 sc.
1221 236 1286 265 iv.
1536 225 1622 268 999

164 340 218 382 Id
248 340 321 382 ille
359 338 458 380 istis
488 338 653 378 reddet.
712 335 804 377 AN.
842 324 1178 386 Quamobrem?
1221 336 1299 374 aut
1329 330 1438 386 quid
1470 330 1621 372 dicer?

341 406 430 448 GE.
463 405 647 458 Rogas?

169 476 295 526 Quot
314 475 419 516 res?
450 473 646 528 postilla,
667 475 857 513 monstra
877 476 1114 512 evenerunt
1137 467 1266 509 mihi!
1565 466 1623 508 25
1679 501 1682 505 .

168 543 347 585 Introiit
371 543 413 583 in
434 543 553 583 aedes
574 546 663 582 ater
682 540 850 580 alienus
868 538 1018 588 canis3

169 610 344 663 Anguis
367 623 445 664 per
465 609 724 663 impluvium
748 606 910 647 decidit
931 606 983 646 de
1005 604 1189 657 tegulis;

170 679 352 720 Gallina
374 678 559 727 cecinit3
591 675 817 717 interdixit
838 674 1032 714 hariolus
1051 687 1061 724 ;

176 747 422 799 Haruspex
443 746 581 786 vetuit
603 749 701 785 anto
723 744 921 783 brumam
943 740 1112 794 aliquid
1137 739 1241 779 novi

169 879 288 913 sewut,
300 875 417 907 dabunt
431 879 608 914 argentum.
652 875 690 905 Id
706 877 869 913 argentum
885 871 1032 903 Phormio
1048 880 1190 902 recusans
1204 868 1350 911 conficere
1365 867 1503 907 nuptias,
1519 867 1625 897 reddet

170 922 224 949 tuo
236 919 336 959 patri,
351 922 381 949 et
395 922 518 958 patruo.
563 917 631 948 AN.
657 917 861 952 Quamobrem
878 914 1012 947 reddet?
1035 918 1087 944 aut
1105 924 1193 953 quam
1210 921 1345 950 causam,
1361 921 1415 942 cur
1437 911 1560 947 reddat,
1574 920 1629 949 po-

171 961 248 992 terit
271 962 398 993 dicere?
443 961 507 992 GE.
533 961 657 996 Quaeris
673 961 746 1000 quid
761 969 861 991 causae
875 958 990 999 poterit
1004 958 1206 998 proetendere,
1222 965 1352 986 currem
1367 954 1446 984 nolit
1459 953 1606 995 perficere
1616 956 1629 982 ?

171 1004 216 1036 sic
239 1004 340 1040 (ficet,-
362 1007 430 1045 post
450 1005 677 1035 conventionem
703 1003 892 1042 nuptiarum,
907 1004 980 1041 quot
1002 999 1159 1041 prodigia,
1175 1002 1247 1038 quot
1262 1001 1405 1037 portenta
1418 998 1629 1037 apparuerunt

172 1046 275 1078 mihi!
301 1047 404 1086 Niger
429 1048 514 1079 canis
534 1046 651 1077 alienus
679 1046 802 1076 introiit
828 1045 861 1075 in
888 1046 968 1075 oedes
991 1047 1134 1074 nostras:
1160 1043 1206 1072 vel
1227 1051 1351 1080 serpens
1372 1049 1429 1080 per
1451 1038 1631 1080 impluvium

171 1091 313 1130 ‹lelapsus
339 1095 384 1121 est
399 1091 539 1121 deorsum
556 1091 593 1120 de
615 1089 751 1128 tegulis:
775 1089 823 1119 vel
836 1087 955 1127 gallina
967 1085 1099 1117 cecinit.-
1124 1086 1169 1115 vel
1185 1084 1322 1115 hariolus
1336 1083 1436 1114 vetuit
1449 1093 1487 1113 ne
1501 1090 1631 1113 uxorem

170 1133 262 1164 ducat
274 1143 286 1171 ;
311 1133 357 1165 vel
372 1134 527 1174 haruspex
543 1132 709 1164 interdixit
723 1142 761 1162 ne
775 1131 849 1172 quid
865 1130 983 1169 negotii
998 1130 1185 1168 aggrederer
1196 1131 1268 1158 ante
1280 1129 1492 1167 tempestatem
1503 1125 1630 1164 brunae,

777 1231 796 1242 ο
799 1229 998 1242 ΝθφΜψνηο

172 1313 300 1350 gentum
316 1310 431 1341 dabunt
447 1309 507 1341 ΒΓ.
525 1309 697 1341 GM.—-24
722 1309 761 1339 Id
774 1308 825 1339 ille
841 1307 911 1339 istis
926 1308 1044 1338 reddet.
1081 1305 1137 1336 Ita
1151 1303 1263 1343 edidi;
1287 1303 1377 1344 quod
1392 1303 1462 1342 alii,
1479 1303 1557 1334 Inde
1571 1303 1631 1335 iste

174 1353 294 1384 reddet.
321 1353 357 1383 Id
370 1353 439 1384 istis
454 1355 573 1383 reddet.
599 1353 678 1383 Inde
693 1352 764 1382 istis
778 1353 896 1382 reddet.
931 1350 970 1380 Id
985 1353 1022 1380 de
1037 1349 1108 1380 istis
1123 1349 1242 1379 reddet.
1268 1348 1374 1378 West.
1420 1347 1460 1377 Id
1475 1346 1546 1377 istis
1560 1348 1631 1378 red-

173 1397 239 1427 det.
283 1396 380 1426 Bem.
406 1395 485 1426 Inde
500 1396 569 1427 iste.
614 1396 656 1427 V.
672 1395 725 1425 Vi.
743 1399 777 1425 et
794 1395 872 1425 Bas.
898 1393 937 1424 Id
953 1393 1004 1424 ille
1017 1393 1103 1423 istis.-
1129 1391 1222 1422 uobis
1240 1390 1353 1428 placet
1367 1390 1538 1431 antiquior
1550 1390 1631 1421 lect.

178 1438 240 1470 Fa.
287 1438 405 1469 Nostri
424 1438 497 1470 fere
515 1448 629 1470 omnes
648 1439 685 1469 Id
701 1438 751 1468 ille
768 1438 848 1468 istis.
872 1437 973 1467 Bent.
1021 1435 1109 1466 Dicit
1126 1435 1185 1465 ΒΓ.
1229 1434 1309 1465 Inde
1323 1434 1383 1464 iste
1403 1434 1513 1463 reddet
1528 1432 1632 1464 Both.

175 1481 254 1522 Rip.
267 1481 394 1521 Delpln.
439 1483 478 1513 Id
493 1482 564 1512 istis
575 1483 680 1512 reddet
703 1482 824 1512 Z.-—25
853 1478 1040 1517 Distinguit
1057 1479 1160 1509 Bent.
1181 1477 1264 1512 Quot
1277 1486 1327 1507 res
1338 1479 1407 1516 post
1423 1476 1478 1507 illa
1493 1479 1633 1506 monstra

175 1528 339 1555 evenerunt
355 1525 453 1556 mihi?
486 1525 541 1556 Ita
557 1532 589 1555 et
611 1526 666 1554 ΒΓ.
684 1524 812 1563 Delph.
840 1523 942 1554 Both.
962 1522 1052 1553 Peri.
1077 1525 1308 1561 praeterquam
1327 1519 1416 1560 quod
1433 1518 1502 1550 duo
1518 1523 1632 1558 poste-

175 1566 283 1598 riores
300 1573 414 1598 notam
428 1568 687 1599 exclamationis
703 1567 799 1597 dant.
845 1566 936 1596 Illum
951 1566 1099 1596 Exn—26
1120 1563 1161 1594 Τὸ
1180 1564 1215 1594 in
1239 1572 1305 1593 non
1328 1562 1434 1593 habet
1450 1562 1632 1593 Perl.—-27

176 1609 286 1641 Recte
307 1610 359 1640 liic
377 1610 534 1651 Guyetus
553 1620 621 1640 rem
640 1612 757 1650 gessit,
774 1618 940 1649 reponens
956 1609 987 1638 in
1004 1608 1196 1647 impluvium.
1221 1606 1324 1637 Bent.
1370 1605 1411 1636 In
1425 1604 1525 1636 Both.
1538 1604 1633 1635 Perl.

176 1655 262 1684 -29
284 1653 431 1693 Aruspex
446 1654 547 1684 Bent.
559 1654 651 1684 Perl.
670 1654 707 1684 Z.
743 1653 915 1692 Haruspex
929 1656 1038 1682 tamen
1053 1649 1244 1681 defendunt
1260 1649 1327 1680 Do.
1342 1648 1431 1679 Gov.
1463 1648 1473 1664 ‘
1489 1647 1631 1687 Aliquid.

177 1694 259 1726 Wit.
273 1697 357 1736 quid.
374 1695 472 1726 Bodl.
485 1704 606 1727 autem:
631 1696 720 1737 quod
737 1696 820 1726 etin
839 1694 1010 1734 impressis
1022 1693 1224 1734 quibusdam
1241 1697 1317 1730 est3
1335 1690 1559 1731 defenditque
1576 1691 1633 1721 Fa.

178 1747 221 1769 ex
239 1739 482 1779 antiquissimis
500 1740 613 1769 libris:
649 1739 782 1779 quando
797 1737 835 1767 τὸ
858 1737 1030 1777 ‘incipere
1045 1736 1053 1749 '
1078 1737 1143 1766 erit
1166 1735 1306 1766 nominis
1322 1735 1408 1772 loco,
1426 1743 1501 1773 pro,
1518 1734 1633 1773 incep-

179 1781 227 1811 tio
242 1782 320 1812 novi
337 1781 492 1821 negotii.'
529 1782 630 1812 West.
683 1782 828 1822 Aruspex
843 1781 942 1811 vetuit
958 1782 1030 1810 ante
1046 1779 1186 1809 brumum
1201 1777 1319 1817 aliquid
1333 1777 1406 1808 novi
1422 1776 1542 1816 Negoti
1556 1776 1633 1806 inci-

175 1833 259 1864 pere.
295 1823 532 1865 Antiquissimi
559 1824 634 1855 libri
656 1834 721 1854 non
738 1825 863 1854 habent
880 1822 916 1853 τὸ
931 1822 1071 1862 aliquid:
1095 1822 1153 1852 sed
1173 1822 1246 1851 loco
1261 1821 1334 1860 ejus
1351 1823 1474 1850 autem:
1499 1819 1588 1860 quod
1607 1819 1634 1849 si

178 1866 425 1906 admiserimus,
439 1867 610 1906 ‘incipere
624 1867 631 1879 ’
655 1876 775 1898 nomen
794 1867 880 1905 erit;
905 1872 955 1901 ut,
971 1868 979 1882 ‘
996 1865 1091 1896 Scire
1109 1870 1201 1895 tuum
1216 1866 1236 1894 ι’
1259 1862 1353 1904 quasi
1375 1861 1518 1901 diceret,
1539 1871 1633 1892 arus-

179 1918 247 1949 pex
263 1910 372 1940 vetuit
389 1911 619 1950 inceptionem
636 1911 712 1941 novi
732 1910 870 1949 negotii.
896 1910 953 1940 Fa.
999 1908 1144 1948 Aruspeoe
1161 1906 1257 1937 vetuit
1280 1908 1353 1937 ante
1378 1905 1516 1935 brumam
1531 1908 1636 1935 autem

178 1953 249 1983 novi
266 1953 387 1992 Negoti
398 1954 545 1993 incipere,
561 1963 628 1994 quoe
644 1956 766 1983 causast
783 1953 972 1990 jnstissima.
1009 1949 1180 1991 Quicquid
1199 1949 1317 1979 dicant
1333 1947 1380 1978 illi
1398 1947 1635 1989 antiquissimi,

178 1994 212 2025 in
228 1995 293 2026 hae
311 1998 577 2032 constructione,
594 1996 675 2027 illud
702 2000 804 2026 autem
829 2000 929 2025 extra
955 1995 1064 2024 locum
1091 1998 1126 2023 et
1151 1992 1302 2023 ordinem
1322 1991 1467 2031 ponitur.
1513 1991 1635 2022 Nostri

181 2043 295 2069 tamen
313 2039 467 2069 meliores
485 2049 612 2069 summo
628 2048 793 2069 consensu
816 2041 940 2069 autem:
973 2047 1015 2068 ex
1035 2035 1282 2067 recentioribus
1308 2034 1374 2065 duo
1397 2033 1527 2074 aliquid,
1551 2043 1636 2064 unns

180 2084 283 2111 autem
297 2081 429 2121 aliquid,
445 2082 533 2112 alter
558 2085 660 2112 autem
686 2082 771 2122 quid.
820 2082 951 2121 Nempe
968 2080 1031 2110 hnc
1048 2079 1231 2110 adductum
1249 2082 1301 2108 est
1323 2076 1441 2117 aliquid
1469 2076 1523 2107 vel
1548 2076 1636 2117 quid,

179 2124 261 2164 quia
275 2125 447 2155 sententia
460 2124 583 2165 alioqui
602 2134 722 2155 manca
738 2128 773 2154 et
790 2123 910 2155 mutila
933 2129 1036 2154 esset.
1083 2122 1154 2153 Ant
1170 2120 1267 2152 valde
1282 2120 1381 2150 fallor
1398 2123 1457 2150 aut
1479 2129 1636 2158 magnum

179 2167 234 2197 hic
252 2167 495 2206 Magistrorum
512 2166 673 2207 flagitium
691 2167 788 2197 latet.
843 2168 1001 2197 Donatus
1019 2165 1061 2196 ad
1079 2166 1189 2196 locum
1205 2176 1210 2193 ι
1234 2164 1243 2180 ⁴
1256 2164 1342 2194 Ante
1363 2163 1502 2193 brumam
1516 2162 1635 2203 autem]

180 2209 291 2240 irrisit
307 2210 457 2241 homines
473 2211 667 2248 Terentius,
685 2210 806 2251 quibus
824 2209 943 2248 religio
960 2209 1002 2239 sit
1018 2208 1158 2248 aggredi
1176 2207 1344 2246 negotium
1363 2206 1499 2246 aliquod
1517 2206 1635 2236 diebus

181 2252 479 2284 decrescentibus!
524 2252 630 2293 Atqui
656 2262 721 2283 non
750 2262 835 2293 opus
860 2257 934 2283 erat
961 2252 1131 2291 aruspice,
1148 2256 1182 2281 ut
1200 2250 1304 2280 sciret
1331 2249 1452 2289 aliquis
1480 2249 1550 2279 dies
1577 2247 1635 2279 de-

180 2305 348 2327 crescere.
394 2295 486 2327 Ante
512 2296 664 2327 brumam
687 2295 770 2326 nihil
795 2294 906 2334 magni
933 2295 1060 2334 negotii
1088 2294 1253 2333 incipere,
1281 2302 1348 2323 non
1375 2301 1417 2322 ex
1443 2291 1636 2332 aruspicina

181 2337 291 2377 fluxit,
307 2339 364 2370 sed
382 2339 522 2370 alterius
540 2348 675 2379 prorsus
693 2338 757 2369 fuit
773 2337 1040 2378 superstitionis.
1088 2337 1162 2367 Hoc
1179 2335 1302 2376 posito,
1316 2334 1434 2365 videor
1457 2335 1535 2365 mini
1561 2344 1636 2364 meo

175 2381 257 2422 jure
286 2386 362 2420 post
389 2382 486 2414 vetuit
513 2382 735 2421 distinguere,
764 2381 893 2412 Gallina
909 2381 1042 2410 cecinit:
1065 2379 1233 2410 interdixit
1254 2378 1409 2408 hariolus.-
1431 2377 1574 2418 Aruspex
1585 2386 1637 2407 ve-

180 2425 265 2455 tuit:
289 2425 362 2456 liaec
379 2433 473 2456 certe
490 2425 657 2456 concinna
673 2430 763 2464 sunt,
779 2430 883 2465 atque
899 2423 984 2454 adeo
997 2432 1061 2453 non
1087 2427 1228 2463 possunt
1245 2431 1311 2452 nou
1328 2430 1403 2452 esse
1420 2430 1512 2452 vera.
1557 2420 1634 2452 Jam

839 2519 979 2552 NOTAE

227 2599 270 2628 26
293 2597 418 2636 Anguis
443 2606 499 2636 per
527 2596 725 2636 impluvium]
754 2596 883 2636 Implu-
938 2605 1009 2626 sam
1025 2593 1207 2626 notationis
1225 2593 1271 2624 sic
1289 2591 1396 2623 refert
1410 2603 1419 2630 ς
1435 2591 1636 2632 impluvium

184 2647 288 2687 vium,
318 2648 429 2688 inquit
461 2648 584 2687 Varro,
617 2653 669 2678 est
699 2644 794 2679 locus
823 2647 883 2677 sub
938 2656 1004 2687 quo
1028 2655 1114 2687 aqua
1131 2645 1264 2684 impluit
1289 2644 1436 2674 collecta
1461 2643 1503 2674 de
1528 2647 1634 2674 tecto.

183 2698 285 2737 coelo,
299 2698 332 2729 in
347 2698 456 2729 medio
469 2698 591 2729 aedium
605 2699 766 2730 relictus:
794 2698 883 2729 unde
939 2698 991 2728 Ex
1007 2694 1252 2736 superstitione
1268 2693 1435 2725 veterum
1462 2694 1536 2725 haec
1553 2693 1637 2725 dicit

187 2750 301 2781 lumen
317 2750 471 2781 deorsum
490 2754 655 2790 caperent
672 2760 679 2779 ι
698 2750 743 2779 ita
760 2748 886 2786 dictus,
938 2747 1119 2778 Phormio:
1144 2754 1220 2776 uam
1236 2745 1286 2775 his
1301 2745 1345 2775 (le
1368 2744 1477 2776 causis
1495 2744 1636 2785 nuptiae,

186 2800 277 2841 quod
293 2810 333 2832 eo
350 2801 546 2842 iinplueret.
571 2801 692 2832 Festus
710 2809 790 2831 vero
808 2810 884 2831 cau-
937 2807 979 2828 ne
997 2797 1070 2828 fieri
1087 2799 1234 2837 possent,
1251 2795 1527 2836 prohibebantur.
