1966 3302
350 233 435 275 578
843 245 883 274 P.
915 244 1159 276 TERENTu
1192 245 1309 277 Aeni

351 339 434 380 SY.
467 338 551 381 Vis
573 351 748 392 amare3
780 339 848 380 vis
869 340 1030 393 potiri3
1064 341 1149 390 vis,
1171 340 1290 394 quod
1310 340 1389 383 des
1409 341 1490 392 illi,
1513 340 1653 384 effici:

349 406 496 447 Tuum
535 420 631 448 esse
667 408 710 448 in
749 407 961 461 potiundo
999 408 1214 462 periclum
1248 422 1331 449 non
1366 409 1435 451 vis
1459 423 1468 450 ε
1512 409 1631 450 haud
1672 410 1803 451 stulte

521 475 643 527 sapis
661 487 671 526 ;

348 540 581 594 Siquidem
601 541 646 582 id
668 553 822 595 sapere
842 541 911 594 'st,
933 542 1049 585 velle
1071 548 1116 585 te
1137 544 1198 595 id,
1220 545 1338 599 quod
1360 557 1448 586 non
1469 548 1614 599 potest
1634 544 1804 587 contin-

522 622 624 661 gere
643 622 654 651 :

349 675 441 718 Aut
460 677 557 719 haec
579 690 681 718 cum
701 677 791 719 illis
813 682 916 718 sunt
935 677 1150 730 habenda,
1172 685 1250 721 aut
1265 680 1342 722 illa
1363 693 1463 721 cum
1478 680 1545 720 his
1564 678 1805 720 amittenda

523 749 636 786 sunt.

350 810 522 852 Harum
545 812 729 852 duarum
753 811 1053 853 conditionum
1071 826 1187 854 nunc
1209 817 1351 854 utram
1371 813 1517 863 malis,
1540 813 1672 865 vide;
1747 812 1804 855 85

350 878 450 920 Etsi
472 879 716 930 consilium,
739 879 858 932 quod
880 881 994 934 cepi,
1013 884 1181 921 rectum
1202 894 1299 922 esse
1321 886 1366 921 et
1387 884 1524 922 tutum
1547 881 1643 922 scio
1662 894 1672 922 ε

350 946 471 987 Nam
502 950 580 986 tua
612 945 734 999 apud
754 951 924 1000 patrem
951 948 1095 988 amica
1122 951 1267 988 tecum
1301 948 1396 989 sine
1428 952 1547 989 metu
1567 953 1616 989 ut
1635 948 1707 998 sit,
1729 961 1805 989 co-

522 1013 600 1066 pia
619 1012 689 1054 'st.

349 1081 481 1132 Tum,
512 1080 634 1134 quod
668 1081 733 1122 illi
766 1089 989 1135 argentum
1020 1095 1069 1124 es
1100 1083 1341 1137 pollicitus,
1385 1082 1538 1125 eadem
1567 1084 1652 1125 hac
1681 1085 1807 1125 inve-

518 1149 638 1189 niam
661 1149 760 1201 via3

352 1214 488 1266 Quod
525 1221 577 1257 ut
616 1215 849 1270 efficerem,
883 1218 1050 1260 orando
1085 1219 1239 1260 surdas
1267 1218 1361 1273 jam
1390 1231 1517 1261 aures
1551 1218 1807 1261 reddideras

520 1284 641 1324 mihi.

352 1349 473 1401 Quid
495 1351 619 1392 aliud
641 1351 722 1393 tibi
737 1352 837 1393 vis?
898 1352 1036 1394 CLIT.
1068 1353 1300 1408 Siquidem
1317 1354 1402 1395 hoc.
1423 1354 1483 1396 fit.
1543 1355 1627 1396 SY.
1659 1354 1807 1408 Siqui-

523 1418 648 1460 dem!
681 1420 956 1474 experiundo
980 1421 1112 1462 scies.
1751 1422 1809 1463 90

351 1484 489 1528 ΟιΛΤ.
531 1484 644 1539 Age,
676 1499 772 1540 age,
805 1487 917 1528 cedo
939 1487 1057 1528 istuc
1080 1493 1202 1529 tuum
1225 1488 1484 1532 consilium:
1515 1489 1622 1544 quid
1641 1489 1685 1530 id
1708 1491 1808 1531 est'!

528 1554 612 1595 SY.
644 1554 1038 1605 Assimulabimus,

350 1689 468 1726 audire,
486 1689 646 1730 Clistphm
662 1690 728 1722 sile.
771 1690 834 1721 SY.
864 1690 919 1722 Vis
940 1694 1061 1722 amator
1077 1700 1162 1722 esse:
1178 1691 1225 1722 vis
1241 1701 1358 1732 compos
1372 1701 1435 1723 esse
1450 1692 1557 1723 amicoe
1568 1702 1579 1722 .-
1601 1692 1648 1723 vis
1663 1691 1761 1733 (μιαν-ἰ
1781 1694 1811 1722 et

350 1731 487 1763 inveniri
507 1742 574 1773 quoe
588 1732 637 1763 illi
652 1735 765 1764 dones:
788 1734 905 1765 nullum
926 1735 973 1764 vz's
998 1734 1101 1765 subire
1121 1734 1303 1774 periculum,
1319 1738 1353 1765 ut
1359 1735 1486 1772 fruaris
1501 1735 1598 1766 amica
1612 1745 1623 1765 .·
1636 1745 1696 1766 non
1711 1736 1812 1774 inepte

350 1775 445 1815 sapis,
470 1774 498 1806 si
518 1786 624 1816 sapere
641 1780 686 1807 est
703 1777 778 1807 velle
801 1777 922 1808 evenire
938 1777 1016 1817 quod
1031 1787 1091 1807 non
1112 1780 1225 1817 potest.
1270 1777 1338 1808 Aut
1360 1777 1497 1819 pericula
1522 1778 1715 1819 suscipienda
1738 1781 1810 1807 suut

352 1826 421 1848 cum
437 1817 487 1849 his
513 1820 678 1850 commodis
690 1830 703 1857 ;
726 1829 844 1859 amare,
865 1819 964 1860 potiri
980 1819 1099 1851 scilicet
1121 1820 1234 1859 amica,
1251 1820 1388 1851 invenire
1405 1821 1484 1861 quod
1498 1820 1546 1851 illi
1560 1822 1649 1852 detur
1660 1831 1670 1851 :
1686 1823 1742 1851 aut
1757 1819 1811 1849 illa

351 1862 509 1892 commoda
530 1865 601 1893 sunt
625 1862 829 1902 relinquenda
853 1872 921 1893 cum
943 1862 1101 1902 periculis.
1160 1863 1253 1893 Nunc
1268 1864 1373 1902 cogita
1387 1867 1417 1894 et
1433 1862 1570 1894 delibera
1584 1868 1687 1895 utram
1703 1862 1812 1893 harum

351 1904 561 1934 conditionum
573 1909 751 1945 proeoptas;
776 1909 829 1936 aut
844 1915 913 1936 cum
927 1906 1027 1935 amica
1046 1905 1217 1946 periculum
1240 1908 1392 1945 suscipere
1404 1916 1416 1944 ;
1441 1909 1495 1937 aut
1512 1916 1579 1937 eam
1594 1915 1735 1937 recusare
1749 1914 1812 1935 mm

352 1956 420 1977 cum
435 1948 591 1986 periculo;
615 1947 755 1988 quamvis
766 1958 822 1988 pro
838 1951 923 1979 certo
938 1949 1045 1986 sciam,
1060 1948 1115 1979 hoc
1130 1947 1301 1985 consilium,
1327 1950 1405 1989 quod
1428 1948 1520 1987 inivi,
1535 1958 1598 1980 esse
1613 1949 1766 1987 idoneum,
1781 1950 1811 1977 et

352 1997 460 2029 expers
473 1990 604 2030 periculi
615 2000 627 2026 ;
651 2001 726 2021 nam
738 1991 833 2029 sactu
854 1994 901 2022 est
915 1990 1013 2027 facile
1038 1991 1128 2030 mihi,
1155 1994 1187 2021 ut
1205 1991 1341 2022 Bacchis
1355 1991 1455 2022 amica
1470 1994 1524 2022 tua
1537 1992 1579 2022 sit
1594 2001 1655 2022 una
1666 1994 1765 2022 tecum
1780 1989 1813 2020 in

352 2031 439 2063 domo
451 2033 566 2073 patris,
587 2034 653 2064 sine
669 2033 780 2064 timore
789 2044 802 2070 ‚·
822 2033 945 2073 deinde,
959 2033 1016 2064 huc
1030 2034 1135 2064 eadem
1150 2034 1281 2073 ratione,
1300 2035 1461 2074 pecuniam
1476 2034 1626 2075 reperiam
1641 2043 1731 2074 quam
1742 2042 1812 2074 pro-

351 2075 471 2106 misisti
493 2076 620 2107 amicae:
655 2077 734 2116 quod
756 2078 790 2106 uc
814 2077 974 2118 cfficerem,
997 2076 1092 2107 etiam
1114 2080 1206 2116 atque
1228 2078 1324 2107 etium
1347 2077 1509 2117 rogitando
1531 2087 1620 2108 aures
1642 2076 1720 2107 milii
1742 2075 1814 2114 jam

352 2117 529 2157 obtuderas,
545 2123 576 2149 et
592 2118 844 2159 obstupefeceras.
892 2119 977 2153 Quid
992 2119 1079 2149 aliud
1095 2123 1124 2150 ct
1141 2119 1251 2150 melius
1266 2120 1425 2151 consilium
1442 2119 1502 2150 tibi
1515 2120 1586 2150 dari
1601 2119 1706 2161 cupis?
1750 2117 1811 2149 CL.

353 2159 527 2200 Siquidem
542 2162 597 2192 hoc
619 2163 698 2201 quod
722 2161 799 2192 dicis
820 2162 942 2203 officim,
969 2171 1018 2192 res
1044 2171 1076 2192 se
1102 2162 1175 2192 bene
1198 2162 1300 2195 habet.
1344 2163 1406 2194 SY.
1432 2163 1542 2194 Dicis.-
1563 2162 1592 2194 εἰ
1613 2161 1735 2203 quidem
1758 2160 1813 2191 hoc

353 2203 484 2244 ψοίας,-
506 2208 535 2235 et
551 2203 666 2235 videris
681 2204 844 2236 dubitare.-
867 2204 986 2236 videbis
1008 2204 1041 2235 id
1059 2204 1140 2245 fieri.
1160 2205 1274 2246 reipsa.
1319 2204 1378 2237 CL.
1403 2205 1479 2246 Eia,
1494 2215 1564 2247 age,
1578 2205 1641 2246 dic,
1663 2205 1751 2244 quale
1766 2206 1812 2234 est

984 2320 1206 2333 ‘moe-enac

356 2405 514 2439 Guelf.l.
526 2408 642 2438 2.-82
655 2407 755 2439 Both.
768 2408 858 2447 Tum,
877 2417 941 2439 esse
956 2408 989 2439 in
1002 2411 1122 2449 p.--83
1146 2409 1206 2440 ΒΓ.
1222 2417 1287 2439 non
1301 2407 1482 2448 distinguit
1499 2412 1575 2448 post
1593 2408 1722 2440 id.—-84
1735 2408 1816 2439 Mit-

356 2451 449 2480 tenda
465 2449 548 2480 dant
570 2450 672 2481 Bent.
691 2451 770 2491 Bip.
785 2450 879 2481 Perl.
919 2451 1063 2482 Bothius
1082 2451 1179 2492 legit,
1194 2450 1238 2482 A.
1255 2451 1352 2482 hcecce
1367 2461 1394 2483 c,
1407 2451 1430 2482 z'.
1443 2461 1468 2482 s.
1481 2451 1645 2490 trahenda,
1658 2462 1688 2482 a.
1704 2452 1728 2482 i.
1743 2461 1769 2483 c.
1785 2451 1816 2483 h.

357 2493 510 2523 mittenda
522 2502 548 2524 s.
565 2497 601 2524 et
616 2497 727 2532 notat,
741 2494 848 2533 ‘vulg.
863 2494 941 2530 laceo,
957 2494 1051 2534 quasi
1068 2495 1116 2524 sic
1131 2503 1264 2534 quoque
1282 2494 1446 2525 iambicus
1463 2499 1554 2525 esset
1570 2503 1618 2525 vs,
1634 2493 1816 2528 obscurato

357 2534 495 2575 quidem
513 2535 616 2566 verbo
633 2536 845 2576 gravissimo.
892 2536 1095 2577 Elegantem
1111 2536 1292 2568 lectionem
1307 2536 1589 2568 trahendaitidem
1613 2536 1716 2567 debes
1729 2535 1817 2567 libro

361 2577 630 2608 Helmstadiensi
647 2589 655 2609 :
680 2588 757 2609 nain
775 2579 866 2618 vulg.
883 2588 925 2608 ex
952 2579 1015 2610 int.
1041 2580 1166 2618 legitur
1181 2579 1432 2610 habendass-Sss
1456 2579 1575 2610 Nostri
1592 2588 1722 2619 omnes,
1740 2578 1813 2609 Etsi

357 2620 412 2650 hoc
423 2621 597 2651 consilium.
624 2621 779 2661 Repone,
793 2622 867 2652 Etsi
884 2631 910 2652 c.
926 2622 992 2652 hoc.
1018 2622 1208 2654 Beut.·——87
1231 2621 1334 2653 Hunc
1352 2632 1402 2653 VS.
1426 2622 1505 2652 Par.
1519 2621 1649 2653 uncinis
1666 2621 1816 2652 inclusit.

359 2663 447 2693 Perl-
493 2663 597 2703 Vulg.
624 2664 709 2694 Nam
724 2665 805 2703 apud
818 2674 851 2703 p.
879 2667 931 2695 tua
957 2674 986 2695 a.
1034 2665 1178 2696 Botliius
1194 2665 1290 2705 legit,
1309 2665 1354 2696 Ν.
1377 2675 1407 2696 α.
1421 2674 1454 2704 p.
1471 2664 1569 2695 amica
1592 2667 1690 2695 tecum
1703 2667 1737 2695 ut
1751 2663 1817 2694 sine

359 2707 444 2736 metu
455 2715 481 2735 s.
506 2708 659 2736 men—88
689 2707 768 2746 T.q.
784 2710 950 2745 argentum
965 2707 1033 2738 z'llz':
1058 2708 1106 2739 sie
1133 2707 1175 2738 A.
1207 2708 1299 2748 vulg.
1320 2708 1356 2739 T.
1379 2717 1407 2747 q.
1433 2707 1682 2746 illiargentum;
1705 2707 1815 2737 minus

361 2747 460 2778 bene.
484 2748 670 2779 Both.-90
695 2749 943 2789 Reponendum
970 2755 1086 2781 mouet
1118 2751 1220 2781 Bent.
1238 2750 1280 2785 Q.
1304 2751 1368 2781 alid
1391 2749 1450 2780 tibi
1472 2749 1528 2780 vis.
1552 2749 1588 2781 S.
1610 2749 1641 2780 Ιι.
1656 2748 1729 2790 fiet.
1754 2749 1812 2779 Br-

360 2790 406 2820 ris
423 2789 505 2822 tibi?
528 2791 632 2822 Criu.
665 2791 734 2822 Sed
761 2796 858 2823 notat
874 2792 1009 2824 Bruus:
1053 2794 1062 2810 ‘
1078 2793 1168 2825 Edit.
1192 2793 1349 2825 tribuunt
1372 2791 1570 2833 Clitiplioni.
1596 2791 1815 2823 Recte.’—92
