1966 3302
321 212 406 255 566

322 318 407 360 Cui
430 318 539 373 quid
560 316 853 372 respondeam
880 316 988 357 nihil
1007 315 1178 371 habe03
1209 330 1352 373 neque
1369 332 1438 361 me
1460 320 1695 374 quisquam
1712 324 1779 364 est

493 386 717 427 miserior:

321 453 443 495 Nam
474 454 545 495 hic
577 454 739 504 Clinia,
761 453 846 494 etsi
866 453 907 495 is
928 467 1105 509 quoque
1122 467 1299 497 suarum
1314 469 1453 497 rerum
1470 456 1647 510 satagit,
1666 458 1776 498 atta-

818 223 856 253 P.
889 222 1133 253 TERENTII
1167 223 1285 254 AFRt

491 541 592 569 men

320 597 474 638 Habet
492 597 605 637 bene
627 608 680 636 ac
703 594 864 648 pudice
884 595 1101 648 eductam,
1122 597 1316 651 ignaram
1337 597 1446 639 artis
1466 598 1736 641 meretriciae.

320 664 426 706 Mea
446 666 512 706 est
532 666 704 717 potens,
727 675 910 716 procax,
930 665 1180 717 magnifica,
1202 669 1443 717 sumtuosa,
1465 666 1642 709 nobilis.
1722 667 1777 708 15

317 733 449 783 Tum,
471 731 589 786 quod
611 730 713 771 dem
734 730 787 780 ei,
810 741 971 771 REc'rss
993 736 1086 785 est3
1118 745 1234 783 nam,
1256 732 1362 774 nihil
1391 746 1492 774 esse
1523 733 1645 785 mihi,
1677 735 1776 776 reli-

490 799 563 853 gio
584 797 641 840 'st
660 798 819 839 dicere.

320 869 426 911 Hoc
460 881 542 921 ego
573 866 681 908 mali
711 879 797 907 non
827 865 998 921 pridem
1034 866 1209 920 inveni3
1239 879 1386 922 neque
1421 868 1660 911 etiamdum
1690 871 1776 912 scit

490 938 634 989 pater.

316 1067 373 1096 que
387 1058 428 1088 ad
443 1058 507 1089 hcec
521 1057 622 1088 nescio
636 1056 709 1097 quid
723 1056 903 1097 respondere
924 1055 1060 1095 debeam,
1074 1065 1170 1097 neque
1185 1057 1345 1098 quisquam
1361 1062 1406 1091 est
1420 1058 1572 1097 infelicior
1586 1069 1643 1091 me.
1691 1059 1789 1090 Nam.

318 1100 367 1130 hic
386 1100 502 1140 Clinia,
518 1100 577 1131 etsi
599 1100 694 1131 etiam
720 1100 834 1130 anxius
857 1102 916 1137 est,
940 1102 971 1130 et
995 1100 1134 1130 solicitus
1149 1101 1186 1132 de
1200 1102 1291 1132 rebus
1305 1103 1382 1140 suis,
1397 1106 1534 1134 attamen
1548 1103 1685 1143 possidet
1697 1102 1776 1133 ami-

315 1153 382 1174 cam
397 1143 522 1175 honeste
537 1147 568 1174 et
583 1146 666 1174 caste
682 1144 851 1180 educatam,
866 1142 1001 1174 nesciam
1016 1142 1206 1175 astutiarum
1220 1146 1428 1177 meretricum.
1473 1146 1548 1176 Mea
1563 1149 1609 1177 est
1624 1147 1778 1187 opulenta,

313 1190 421 1226 petens
435 1188 570 1226 assidue,
582 1187 737 1228 petulans,
751 1185 915 1226 magnifice
929 1195 962 1216 se
974 1196 1088 1225 gerens
1103 1186 1137 1217 z'n
1152 1187 1302 1228 omnibus,
1316 1192 1438 1219 sumtus
1458 1188 1560 1227 arida,
1581 1192 1730 1230 spectata.
1746 1191 1778 1218 et

316 1229 464 1270 insignis.
510 1230 673 1260 Praeterea
702 1229 781 1259 unde
810 1229 839 1259 ei
866 1238 993 1259 munera
1015 1229 1138 1267 faciam
1166 1231 1243 1262 mihi
1273 1241 1333 1263 non
1363 1232 1470 1272 liquet.
1516 1232 1602 1262 Nam
1630 1231 1777 1271 religioso

315 1276 403 1304 metu
424 1273 577 1313 impedior
598 1273 711 1310 dicere,
731 1281 778 1302 me
801 1271 881 1302 nihil
901 1271 1022 1308 habere,
1046 1274 1126 1312 quod
1151 1273 1179 1304 ei
1201 1274 1279 1305 dem.
1325 1275 1399 1306 Nan
1429 1276 1544 1306 dudum
1572 1277 1680 1306 nactus
1707 1283 1776 1305 sum

317 1316 397 1346 hanc
420 1316 609 1348 Bacchidem
630 1314 767 1356 nequitia
788 1314 956 1354 insignem,
978 1325 1076 1356 neque
1097 1316 1196 1348 adhuc
1215 1320 1306 1358 pater
1332 1318 1458 1349 rescivit
1479 1328 1527 1348 me
1547 1317 1608 1349 isto
1629 1318 1709 1348 malo
1731 1317 1778 1348 la-

314 1359 432 1391 horare.

927 1431 1163 1445 eeeeeeeeeeee

315 1513 401 1542 —12
424 1509 569 1552 Aliquot
601 1519 644 1540 ex
675 1508 819 1540 nostris:
846 1507 907 1539 Cui
932 1510 1012 1549 quod
1041 1511 1251 1550 respondeam.
1296 1510 1375 1542 Sine
1401 1510 1506 1542 dubio
1539 1514 1643 1542 recte.
1676 1511 1774 1544 Bent.

314 1554 324 1571 ‘
337 1555 442 1594 Vulg.
454 1554 560 1593 habeo,
571 1549 678 1584 v'erbo
691 1556 699 1569 ‘
712 1551 776 1582 nil'
791 1551 1073 1584 obmutescente:
1093 1563 1183 1593 saepe
1196 1552 1454 1585 confunduntur
1469 1554 1560 1584 inter
1576 1563 1611 1584 se
1627 1555 1635 1571 ‘
1647 1553 1755 1586 habeo
1769 1555 1778 1567 '

314 1602 351 1628 et
362 1599 371 1614 ‘
384 1595 540 1628 habebo!
550 1596 557 1609 ’
579 1596 671 1627 Both.
686 1596 742 1637 qui
758 1594 852 1635 legit,
865 1595 938 1634 Cui,
950 1597 1030 1635 quod
1044 1596 1441 1636 respondeammilhabebo.
1466 1597 1557 1632 Quod
1566 1597 1626 1627 dat
1639 1606 1773 1638 quoque

313 1638 408 1671 Peri.
455 1640 522 1670 Nec
535 1649 596 1680 pro
612 1648 708 1679 neque
726 1636 841 1670 Guelf.
859 1639 976 1670 3.—13
993 1639 1095 1679 Vulg.
1112 1640 1198 1670 Nam
1212 1640 1318 1671 Clinia
1332 1640 1395 1680 liic,
1410 1640 1470 1671 etsi
1480 1640 1508 1670 is
1519 1649 1644 1671 suarum
1656 1649 1771 1673 rerum.

313 1683 491 1724 Sosipater
507 1682 761 1714 Grammaticus
784 1680 863 1712 satis
889 1681 994 1720 agitat
1012 1683 1107 1723 legit.
1152 1683 1282 1714 Verum
1298 1692 1340 1714 ex
1356 1684 1489 1723 satagit,
1500 1686 1533 1714 at
1549 1686 1651 1714 tamen
1667 1684 1774 1724 possit

316 1726 423 1757 videri
440 1729 571 1766 natum,
592 1725 759 1764 satagitat,
775 1727 891 1755 tamen.
936 1724 1023 1757 Inde
1041 1735 1142 1766 porro
1158 1725 1238 1756 satis
1260 1726 1375 1765 agitat,
1387 1729 1501 1758 tamen.
1526 1726 1636 1757 West.
1681 1727 1690 1743 ‘
1703 1726 1772 1757 Pro

316 1769 436 1808 satagit
452 1771 592 1800 attamen
605 1767 773 1809 quondam
793 1768 921 1798 lectum
945 1777 1018 1799 esse
1032 1771 1081 1799 sat
1097 1769 1199 1808 agitat
1210 1772 1325 1809 tamen,
1336 1773 1433 1810 patet
1449 1779 1467 1799 e
1483 1768 1637 1800 charisio
1649 1778 1683 1810 p.
1701 1771 1776 1801 193.

316 1811 544 1844 Rectissime!
567 1812 665 1842 Bent.
708 1810 718 1827 ‘
737 1811 815 1841 Non
833 1818 907 1840 esse
932 1811 1064 1851 opinor,
1090 1813 1180 1852 quod
1208 1822 1228 1842 a
1251 1813 1390 1852 vulgata
1412 1821 1487 1843 cum
1512 1811 1612 1843 Bent.
1636 1812 1774 1843 receda-

315 1854 412 1887 mus)
436 1855 523 1887 Perl.
569 1854 655 1885 GM.
672 1853 789 1894 habet,
803 1857 853 1884 sat
865 1852 979 1891 agitat
994 1857 1196 1886 tamem—14
1220 1855 1284 1885 Vix
1303 1854 1394 1886 ferre
1412 1864 1546 1895 possum
1562 1854 1644 1885 ariis
1659 1860 1772 1896 poste·

313 1898 439 1930 riorem
455 1898 508 1929 hic
528 1907 663 1936 acuere,
678 1906 753 1928 curn
770 1896 861 1937 prior
876 1896 977 1937 longa
989 1898 1044 1928 sit.
1090 1898 1205 1930 Quare
1223 1897 1379 1937 inducor,
1392 1903 1430 1929 ut
1448 1897 1491 1928 ab
1508 1904 1650 1929 auctore
1666 1897 1771 1929 fuisse

314 1941 465 1979 credam,
495 1942 638 1980 ignaram
667 1940 715 1971 rei
744 1938 941 1972 meretriciae.
975 1941 1079 1972 Bent.
1125 1940 1269 1972 Bothins
1300 1941 1396 1981 legit,
1425 1941 1545 1972 Pudice
1573 1941 1714 1972 eductam
1741 1944 1772 1972 et

313 1985 393 2016 artis
421 1984 511 2015 habet
530 1984 714 2023 ignarurem
728 1982 1012 2014 meret1·icioe.-15
1037 1984 1128 2025 Guy.
1145 1984 1284 2015 volebat
1305 1987 1425 2024 patens,
1440 1983 1470 2014 h.
1489 1993 1520 2014 e.
1537 1983 1631 2014 aditu
1648 1982 1772 2015 facilis.

314 2028 401 2059 Peri.
448 2029 590 2068 Repone
613 2026 815 2065 certissime,
833 2024 942 2066 inquit
958 2027 1060 2057 Bent.
1107 2027 1215 2057 Meast
1226 2030 1333 2067 petax,
1350 2029 1567 2067 procax.—16
1590 2028 1599 2044 ‘
1612 2027 1772 2057 Fortasse

315 2071 425 2102 Dum-⁹
459 2070 614 2102 Lenzius.
664 2068 755 2100 Nihil
779 2069 903 2109 quidem
927 2079 989 2100 esse
1013 2069 1083 2100 Gu.
1108 2072 1137 2100 1.
1168 2079 1222 2110 ap.
1249 2069 1349 2101 Both.
1374 2069 1430 2110 qui
1463 2070 1536 2110 ipse
1565 2069 1659 2109 legit,
1683 2069 1773 2110 Tum,

313 2115 392 2155 quod
406 2115 615 2155 devm—recte
631 2116 676 2144 est
686 2112 718 2153 (‘
736 2112 817 2144 nihil
828 2111 836 2125 '
847 2111 930 2145 enim
944 2122 1020 2153 esse,
1036 2112 1148 2153 religio
1163 2116 1209 2144 est
1226 2112 1303 2143 mihi
1318 2113 1420 2144 dicere
1418 2112 1571 2153 ).-Hoc
1582 2122 1649 2153 ego,
1663 2113 1717 2152 850.

969 2208 1115 2241 NOTAE

356 2289 397 2318 16
410 2286 499 2325 Tum,
509 2285 586 2326 quod
595 2285 662 2316 dem
670 2283 711 2323 ei,
721 2288 803 2316 recte
814 2284 876 2325 est]
891 2286 1013 2325 Recte,

312 2347 388 2379 pro,
404 2337 499 2376 nihil,
520 2335 666 2367 Veteres
684 2335 762 2366 boni
777 2336 897 2368 ominis
910 2346 1014 2367 causa

313 2388 488 2420 dicebant.
535 2386 633 2417 Idem
664 2386 843 2417 Terentius
875 2386 909 2416 in
948 2387 1012 2417 Eu-

311 2439 421 2472 nucho
436 2450 442 2467 z
456 2438 465 2455 ‘
479 2438 575 2477 Rogo
591 2436 754 2477 numquid
771 2436 866 2468 velit.
891 2436 1011 2476 Recte,

311 2490 432 2531 inquit.
469 2486 591 2520 Abeo?
636 2487 783 2518 Plautus
815 2487 848 2517 in
875 2487 1011 2518 Merca-

313 2549 400 2581 tore,
431 2540 513 2573 Act.
542 2549 583 2571 u.
609 2539 711 2570 Scen.
740 2541 769 2569 3.
793 2538 884 2569 (ΒΕ.
910 2537 1011 2568 Unde

311 2592 468 2625 incedis?
502 2590 584 2632 quid
612 2588 764 2629 festinas,
802 2593 905 2628 gnate
941 2588 1010 2618 mi?

310 2643 382 2677 CH.
409 2644 527 2680 Recte,
541 2638 663 2680 pater!

355 2694 453 2732 Nam,
464 2691 546 2723 nihil
555 2699 633 2730 esse,
641 2689 754 2728 religio
763 2692 807 2720 est
817 2688 933 2728 dicere]
944 2688 1010 2720 Re-

310 2744 392 2785 ligio
408 2752 468 2784 pro
485 2746 578 2772 metu
603 2740 786 2780 accipitur,
807 2744 844 2770 ut
862 2743 1010 2770 testatur

309 2795 447 2830 Servius
473 2794 506 2825 in
533 2791 617 2824 illud
645 2790 703 2823 lib.
728 2799 810 2822 vm.
830 2790 1009 2822 AEneidos:

1068 2284 1077 2302 ‘
1099 2285 1178 2318 Jam
1209 2288 1279 2317 tum
1306 2283 1425 2325 religio
1452 2281 1592 2325 pavidos
1615 2284 1770 2316 terrebat

1068 2340 1221 2377 agrestes
1243 2335 1330 2366 Dira
1353 2333 1446 2365 loci.’
1490 2334 1605 2365 Metus
1622 2334 1769 2366 vicissim

1067 2387 1212 2418 sumitur
1238 2396 1299 2427 pro
1328 2385 1493 2426 religione
1519 2395 1539 2416 a
1561 2385 1768 2426 Veteribus3

1068 2441 1162 2468 certe
1179 2435 1269 2467 idem
1288 2434 1449 2474 Virgilius
1469 2444 1534 2466 vu.
1551 2435 1711 2466 lEneidos
1726 2435 1768 2466 de

1067 2489 1161 2519 lauro
1186 2487 1293 2518 dixit:
1330 2486 1554 2527 ‘Multosque
1583 2490 1677 2517 metu
1700 2496 1769 2518 ser·

1067 2544 1148 2569 vata
1165 2547 1226 2578 per
1243 2536 1371 2569 annos!
1418 2536 1459 2567 In
1477 2546 1576 2577 quem
1591 2536 1702 2568 locum
1719 2537 1768 2568 ita

1068 2588 1228 2620 Servius:
1269 2588 1405 2627 ‘Metu,
1442 2586 1476 2617 id
1507 2591 1573 2626 est,
1602 2587 1767 2628 religione

1067 2648 1142 2679 quee
1171 2637 1320 2668 nascitur
1345 2646 1407 2677 per
1430 2636 1582 2667 timorem
1597 2635 1619 2666 :'
1643 2646 1766 2677 nempe

1063 2688 1161 2728 juxta
1176 2686 1258 2718 illud
1283 2685 1439 2718 Arbitri:
1463 2684 1619 2717 ‘Primus
1635 2685 1669 2718 in
1683 2686 1766 2718 orbe

1065 2739 1159 2770 Deos
1176 2736 1263 2769 fecit
1280 2735 1403 2769 timor.'
