1966 3302
276 248 362 290 676
770 257 809 286 P.
841 257 1081 286 TERENTH
1116 256 1231 287 Arni

276 353 358 383 dine
382 351 614 391 subintelligi?
644 351 685 382 In
714 355 856 391 recepta
882 352 1028 383 lectione
1054 351 1264 383 constructio
1295 350 1362 381 erit
1386 350 1601 391 oequanimitas
1620 350 1732 391 po‘e'toe.

277 394 512 435 Mihiquidem
529 404 594 425 non
612 397 727 434 vestra,
750 394 808 424 sed
838 405 955 425 versus
982 395 1115 434 integer
1141 394 1260 425 deesse
1286 393 1443 432 videtur3
1477 403 1576 435 quem
1594 394 1672 424 vide
1689 401 1732 424 an

277 437 368 469 forte
385 438 593 468 invenerim:
619 436 733 474 facite,
758 437 977 477 aequanimitas
1003 437 1196 478 Bonitasque
1221 440 1325 468 vestra
1340 436 1482 475 adjutrix
1496 440 1613 468 nostra:
1626 436 1732 467 indus-

278 481 349 512 tria>
368 481 473 512 Po'e'toe
488 480 734 511 adscribendum
755 484 890 520 augeant
914 480 1113 511 industriam.
1159 480 1213 510 Sic
1240 479 1381 510 Phorm.
1397 479 1556 511 Pr01.35.
1603 480 1612 496 ‘
1632 478 1733 510 Boni·
1782 513 1784 515 ¹

278 529 398 565 tasque
418 528 530 554 vestra
546 522 703 562 adjutans
721 527 822 564 atque
839 523 1073 564 aequanimitas
1088 522 1109 554 :⁷
1142 527 1178 554 et
1195 521 1282 555 Hec.
1309 522 1405 553 Prol.
1422 524 1474 554 24.
1518 523 1527 539 ‘
1541 522 1667 553 Vestra
1683 521 1733 552 in-

278 566 479 606 tellegentia
494 565 648 605 Sedabit,
664 566 691 596 si
707 566 773 597 erit
790 565 941 606 adjutrix
959 571 1084 597 nostrae
1100 563 1300 597 industriae.'
1343 565 1473 596 Notum
1489 568 1553 602 est,
1566 564 1600 594 in
1613 564 1731 596 Prolo-

278 610 328 649 gis
346 608 533 639 scribendis
550 617 587 639 se
612 608 723 649 ipsum
741 609 930 649 snppilasse
958 609 1179 640 Terentium:
1204 613 1272 639 tres
1295 617 1413 638 versus
1431 607 1582 638 continui
1597 607 1630 638 in
1648 607 1733 638 Pro-

277 653 355 692 logo
371 652 498 682 Heaut.
516 655 718 692 repetuntur
734 652 766 682 in
784 652 931 691 Prologo
960 651 1121 692 Hecyrae.
1165 651 1313 691 Jamque
1339 650 1448 689 vides,
1464 659 1525 681 cur
1541 659 1658 683 versus
1675 659 1734 682 ex-

277 694 422 726 ciderit:
449 703 570 733 nempe
586 694 667 735 quia
683 695 803 725 eodem
820 695 925 726 verbo
941 694 1009 725 duo
1034 694 1318 733 terminabantur,
1331 692 1507 733 induar-ize,
1523 692 1709 724 industriam
1721 703 1734 730 ,·

279 738 326 776 id,
351 742 388 768 ut
413 747 504 777 saepe
520 736 572 776 fit,
594 737 723 768 librarii
750 738 866 768 oculos
894 736 1026 768 fefellit.
1072 737 1234 778 Denique
1252 736 1323 777 jam
1346 741 1443 767 recte
1458 735 1564 767 habes
1578 739 1734 775 augeant:

277 790 367 819 nam,
386 785 423 811 nt
436 783 549 819 augeat
567 780 734 821 producat
750 781 918 821 ultimam,
933 781 1062 811 nullum
1087 780 1120 811 in
1147 784 1221 812 toto
1243 779 1403 810 Terentio
1419 779 1622 819 exemplum.
1669 779 1734 809 Est

280 823 429 864 quidem,
446 824 500 864 qui
518 824 567 853 sic
585 833 716 854 versum
733 824 934 864 interpolat,
957 823 1064 854 Poiitae
1074 824 1114 854 ad
1127 823 1320 854 scribendum
1341 826 1453 861 augeat
1466 826 1570 853 vestra
1582 821 1733 853 industri-

278 876 338 897 am.
382 866 450 896 Sed
467 865 516 896 bis
533 866 565 896 in
582 876 622 897 eo
641 872 784 906 peccat:
810 876 885 897 nam
903 871 938 899 et
954 866 1134 897 verborum
1149 865 1409 897 collocationem
1425 874 1565 904 pravam
1581 864 1732 903 inducit;

277 914 314 941 et
328 912 441 948 augeat
458 909 490 938 in
514 909 720 950 dissyllabon
748 909 933 949 contrahit,
959 918 1097 949 prorsus
1114 913 1234 940 contra
1251 913 1370 939 artem.
1393 908 1490 939 Rem.
1537 906 1601 938 Ed.
1615 913 1733 939 nostra

279 962 310 984 c.
328 952 406 992 figg.
420 951 522 989 facite
543 955 576 983 ut
594 956 697 983 vestra
712 962 770 992 oeq.
810 952 876 983 Sed
903 953 1007 983 verba
1021 956 1056 983 ut
1071 954 1173 983 vestra
1189 961 1256 982 non
1273 956 1351 982 sunt
1367 960 1386 981 a
1407 949 1509 982 codd.
1524 951 1736 990 melioribus,

279 1000 316 1027 et
331 1001 522 1034 repugnant
539 995 662 1026 versui.
709 994 808 1028 Quod
823 995 996 1026 desiderat
1013 995 1077 1026 Do.
1092 998 1197 1026 vestra
1212 1001 1292 1025 ante
1311 994 1319 1011 ‘
1336 992 1530 1034 aequanim.'
1552 993 1636 1024 illud
1655 993 1732 1024 hnic

277 1048 327 1070 vs.
345 1048 421 1069 cum
439 1038 512 1068 aliis
537 1037 702 1077 addimus,
717 1043 753 1069 ut
775 1043 911 1070 constet
933 1047 1060 1078 versus,
1077 1038 1133 1078 qui
1149 1038 1220 1068 sine
1242 1046 1283 1068 eo
1299 1037 1448 1068 vacillat.
1495 1036 1584 1068 Dac.
1601 1046 1733 1077 quoque

278 1082 327 1113 sic
355 1080 477 1112 edidit.
499 1081 602 1112 Bent.
630 1090 710 1111 vero
736 1081 905 1122 integrum
930 1091 1074 1121 versum,
1099 1090 1165 1122 quo
1189 1079 1289 1111 facile
1316 1089 1481 1118 caremus,
1507 1078 1735 1119 subjiciendo,

278 1125 412 1156 inanem
430 1133 566 1164 operam
584 1123 683 1155 ludit.
710 1124 782 1164 Rip.
827 1125 913 1157 Quae
930 1125 1033 1155 Bent.
1050 1123 1220 1155 excidisse
1247 1123 1401 1163 putabat,
1423 1132 1498 1154 cum
1522 1121 1659 1153 minime
1675 1132 1732 1153 ne-

279 1167 427 1200 cessaria
444 1176 517 1197 esse
538 1167 732 1207 videantur,
746 1167 834 1198 haud
851 1168 921 1199 scio
945 1177 987 1198 an
1014 1176 1199 1208 paucorum
1227 1166 1339 1197 latura
1356 1166 1424 1196 sint
1440 1162 1611 1204 suffragia.
1634 1165 1733 1197 Both.

280 1211 337 1252 qui
355 1210 414 1241 dat
433 1209 538 1240 Po‘e‘tae
553 1211 709 1249 adaugeat
720 1211 760 1241 ad
774 1210 968 1242 scribendum
983 1210 1183 1242 industriam.
1233 1207 1346 1240 Vestra
1365 1207 1465 1249 politae
1478 1208 1519 1239 acl
1540 1208 1733 1239 scribendum

277 1257 390 1293 augeat
420 1253 607 1284 industriam
635 1253 716 1294 Bip.
743 1254 870 1294 Delph.
920 1254 963 1285 Ut
989 1259 1069 1284 ante
1093 1254 1102 1270 ⁴
1121 1251 1264 1294 aequan.'
1303 1250 1418 1284 Guelf.
1443 1253 1476 1283 2.
1508 1251 1616 1282 Facile
1636 1252 1732 1284 Peri.

277 1306 339 1338 per
355 1305 517 1336 errorem,
533 1301 572 1327 ut
586 1295 719 1327 videtur
734 1307 742 1328 :
766 1296 918 1339 quamvis
931 1296 966 1328 id
983 1295 1164 1338 repetatin
1181 1295 1292 1328 Notis.

695 1556 904 1604 ACTUS
938 1562 974 1604 I.
1030 1561 1237 1605 SCENA
1268 1563 1304 1604 Ι.

931 1696 1084 1726 Mlclo.

281 1775 487 1816 STORAX
508 1776 516 1816 !
549 1788 633 1816 non
652 1774 778 1816 rediit
797 1774 880 1816 hac
902 1780 1031 1817 nocte
1052 1788 1079 1817 a
1100 1788 1233 1817 coena
1254 1775 1509 1825 AEschinus‚

325 1890 392 1922 Mt.
434 1891 535 1931 Heus,
551 1890 669 1922 Storax
678 1902 690 1927 ;
712 1900 771 1922 non
787 1900 929 1922 reversus
944 1895 989 1922 est
1006 1892 1127 1922 domum
1144 1891 1310 1922 AEschimzs
1323 1890 1417 1931 filivs
1431 1890 1488 1920 hac
1502 1893 1589 1920 nocte
1601 1899 1619 1920 a
1633 1889 1736 1920 eonvi-

889 1975 1124 1987 eeaeeeeaeeeoee

326 2041 409 2072 Var.
423 2041 597 2081 scriptura
613 2041 709 2072 Mitio
725 2046 760 2072 et
779 2041 889 2081 Micio,
915 2045 954 2072 nt
976 2050 1019 2071 ex
1048 2040 1152 2081 priori
1176 2040 1268 2071 mitis
1293 2043 1532 2080 cognoscatur,
1555 2049 1597 2070 ex
1626 2039 1735 2071 altero

280 2084 397 2122 μικίων.
444 2084 578 2115 Probat
608 2084 777 2125 posterius
801 2085 892 2116 Mur.
917 2085 1102 2114 secundum
1128 2083 1254 2114 Athen.
1274 2083 1507 2123 Deipnosoph.
1530 2092 1579 2113 Vl.
1603 2083 1737 2114 Perl.-—-

282 2130 336 2158 1-2
360 2127 447 2167 Guy.
465 2137 611 2169 eumque
629 2127 767 2157 laudans
791 2127 901 2158 Boecl.
929 2132 1006 2167 post
1022 2126 1119 2157 binos
1134 2127 1236 2157 hosce
1253 2135 1368 2156 versus
1393 2135 1571 2166 perperam
1596 2125 1736 2156 interro-

281 2171 425 2207 gationis
442 2175 556 2201 notaui
581 2170 661 2210 poni
688 2171 793 2202 aiunt.
827 2170 1142 2201 vetustissimorum
1169 2169 1332 2201 Codicum
1350 2169 1407 2199 alii
1432 2175 1574 2209 ponunt,
1596 2169 1651 2199 alii
1666 2177 1736 2199 non

280 2218 411 2253 ponunt
426 2224 433 2243 ε
460 2213 548 2243 unde
562 2218 643 2243 nata
661 2213 788 2244 Donati
805 2212 1062 2244 animadversio.
1106 2212 1194 2243 Mihi
1210 2212 1344 2243 omnino
1358 2211 1493 2242 videtur
1505 2221 1579 2242 esse
1594 2212 1736 2242 interro-

281 2256 385 2295 gatio.
416 2256 517 2287 West.
561 2256 658 2286 Tolle
687 2261 785 2287 notas
813 2256 963 2296 [Notasz
996 2265 1074 2286 nam
1101 2255 1238 2296 quidam
1267 2256 1481 2294 interrogant
1512 2254 1554 2285 ad
1582 2254 1682 2285 finem
1701 2259 1737 2285 et

281 2299 383 2339 primi
408 2304 443 2329 et
467 2298 607 2329 secundi
631 2298 714 2338 vsm]
756 2299 1045 2339 interrogationis.
1099 2299 1223 2330 Storax
1260 2302 1403 2329 vocatus
1440 2306 1508 2328 non
1538 2296 1731 2337 respondit:

281 2342 360 2372 inde
387 2342 451 2373 scit
476 2342 582 2373 Micio
610 2342 779 2373 neminem
805 2341 913 2373 adhuc
943 2342 1095 2373 rediisse.
1142 2341 1254 2373 Nemo
1276 2340 1367 2372 domi
1391 2339 1548 2371 manebat
1563 2349 1640 2371 cum
1655 2348 1736 2370 sene

933 2445 1074 2478 NOTAE

326 2526 342 2553 1
368 2522 500 2562 Storaoe]
523 2522 664 2553 Sublata
692 2531 776 2553 voce
806 2522 980 2553 Storacem
1035 2522 1168 2552 locutus
1196 2525 1261 2557 est,
1290 2530 1367 2552 cum
1390 2520 1477 2551 dixit
1504 2520 1702 2551 ‘adversum
1718 2519 1739 2559 ;'

282 2582 301 2604 e
319 2574 461 2604 servulis
479 2583 578 2604 unum
598 2576 719 2611 vocat;
749 2582 814 2613 quo
838 2582 905 2603 uon
929 2582 982 2604 re-
1036 2582 1111 2604 nam
1127 2572 1159 2603 hi
1177 2572 1265 2603 servi
1281 2572 1508 2603 adversitores
1524 2570 1738 2610 dicebantur,

284 2624 663 2665 spondente,intelligit
675 2624 824 2654 nondum
840 2623 981 2655 rediisse
1037 2624 1094 2665 qui
1121 2624 1300 2654 adversum
1331 2623 1427 2654 ibant
1461 2621 1543 2653 foris
1573 2622 1737 2662 coenanti,

279 2675 403 2705 tilium:
430 2675 605 2705 Storacem
633 2675 722 2705 enim
748 2674 826 2705 huic
850 2674 891 2705 ad
915 2684 981 2705 coe·
1037 2672 1138 2705 officii
1176 2679 1211 2705 et
1250 2674 1399 2704 tuitionis
1435 2673 1558 2713 gratia.
1599 2673 1737 2711 Stoi-ax,

280 2736 358 2757 nam
376 2727 469 2758 eunti
487 2727 645 2757 comitem
661 2726 817 2765 dederat,
841 2730 877 2756 et
902 2727 982 2757 alios
1037 2724 1161 2755 Graece
1190 2724 1313 2763 στόραξ,
1344 2728 1397 2754 est
1420 2722 1551 2754 arboris
1589 2722 1739 2763 lacryma

282 2783 402 2818 postea
429 2787 544 2809 servos
574 2778 746 2817 emiserat,
769 2778 827 2819 qui
849 2778 981 2809 obviam
1037 2775 1190 2806 odorata·
1246 2776 1291 2806 Et
1308 2773 1350 2806 ab
1365 2773 1469 2805 Odore
1484 2773 1534 2805 ita
1548 2781 1663 2804 servus
1680 2781 1737 2804 no-

281 2829 385 2869 ireut,
413 2832 447 2859 et
477 2837 552 2859 eum
578 2827 795 2860 reducerent.
840 2828 983 2868 Proprie
1037 2828 1195 2859 minatur,
