1966 3302
506 253 850 284 ADELPHORUM
888 251 1296 282 AG'r.111.‘Sc.111.

1541 242 1564 282 «t

1571 242 1598 282 N>

1607 243 1628 283 μή

173 351 338 401 Patris,
359 353 402 392 et
418 348 614 391 facilitas
634 361 786 402 prava.
848 347 940 388 DE.
975 345 1140 387 Fratris
1161 358 1228 386 me
1250 344 1423 398 quidem

173 418 330 468 Pudet,
350 418 570 472 pigetque.
630 416 713 456 SY.
746 415 946 456 Nimium
967 415 1077 455 inter
1098 426 1194 463 vos,
1216 413 1383 455 Demea
1402 413 1472 461 (ac

174 486 297 536 Non,
318 486 423 540 quia
444 484 552 525 ades
574 496 788 537 praesens,
808 482 910 522 dico
931 479 1054 535 hoc),
1075 480 1342 534 pernimium
1362 480 1552 520 interest.

173 554 260 604 Tu,
283 558 470 609 quantus
492 556 697 606 quantus,
719 550 828 591 nihil
851 550 937 590 nisi
960 549 1182 609 sapientia
1203 561 1274 589 es:
1573 547 1630 586 40

174 622 275 672 Ille,
295 617 539 685 SOIE'ELQmss
571 620 731 660 sineres
752 631 858 658 vero
880 620 926 657 tu
948 607 1076 658 illu-m
1095 607 1219 657 tuum

176 689 342 731 Facere
362 689 491 730 haec‘?
554 687 644 728 DE.
677 688 871 728 Sinerem
892 685 1040 726 illum!
1072 697 1127 726 an
1158 697 1243 725 non
1276 696 1356 724 sex
1388 683 1493 724 totis
1514 696 1629 722 men-

351 757 475 796 sibus
1287 789 1291 793 .

175 826 308 868 Prius
331 824 594 893 Oleem’
616 835 746 875 quam
768 823 843 862 ille
866 822 1109 875 quicquam
1130 820 1346 872 coeperit?

174 894 256 934 SY.
287 889 577 945 Vigilantiam
598 896 721 931 tuam
744 894 790 930 tu
813 889 918 930 mihi
942 901 1090 930 narras
1107 889 1126 927 'i
1190 887 1282 928 DE.
1314 887 1390 927 Sic
1414 887 1499 927 siet

177 960 399 1019 Modo,ut
413 971 530 999 nunc
547 961 626 1007 est,
641 970 810 1012 quaeso.
863 956 946 997 SY.
967 955 1029 996 Ut
1048 955 1236 1009 quisque
1252 967 1382 995 suum
1403 954 1499 995 volt
1519 966 1633 1003 esse,

347 1027 411 1068 ita
428 1024 495 1067 'st.
1578 1023 1632 1063 45

175 1147 283 1186 gentio
298 1147 394 1177 nimia
408 1147 442 1178 id
456 1147 560 1189 efficit.
593 1145 663 1175 DE.
691 1146 814 1176 Pudore
831 1144 946 1186 officior
958 1147 1084 1184 propter
1092 1142 1214 1182 fratris
1230 1141 1465 1182 turpitudiiiem,
1477 1145 1507 1172 et
1523 1142 1638 1179 dolore,

174 1194 301 1231 propter
316 1191 485 1228 licentiam,
502 1199 560 1230 qua
583 1188 810 1229 perditfilmm.
856 1190 917 1218 δΥ.
947 1187 1097 1226 Nimium,
1111 1187 1240 1224 Demea,
1255 1190 1289 1216 tu
1309 1189 1338 1216 et
1355 1185 1451 1215 Micio
1466 1184 1632 1214 dissimiles

179 1234 265 1271 estis,
280 1243 334 1264 nec
347 1233 402 1263 hec
415 1233 482 1263 dico
496 1236 531 1263 ut
546 1236 576 1262 te
586 1235 770 1272 proesentem
784 1231 816 1262 in
832 1240 864 1261 os
879 1231 999 1261 laudem
1009 1241 1019 1260 :
1039 1230 1225 1270 pernimium
1240 1229 1416 1266 dissimiles,
1428 1229 1560 1267 inquam.
1589 1226 1635 1257 Tu.

179 1279 438 1316 quantuscumque
460 1286 505 1315 es,
527 1285 588 1306 non
612 1276 734 1314 sapiens
759 1276 880 1305 tantum
908 1283 951 1311 es,
972 1274 1026 1304 sed
1051 1273 1119 1313 ipsa
1146 1272 1318 1312 sapientia:
1341 1271 1393 1302 ille
1415 1280 1522 1308 vanus,
1536 1270 1637 1300 instar

178 1320 289 1355 sonari,
305 1323 337 1349 et
352 1320 446 1350 iners.
494 1318 653 1356 Anferres
668 1318 754 1348 illum
770 1316 970 1356 tuumfilium
995 1316 1224 1356 Ctesiphonem,
1239 1316 1266 1346 si
1281 1325 1317 1345 ea
1333 1314 1550 1351 committeret,
1567 1323 1633 1352 quoe

180 1362 347 1394 AEsclzinus
362 1361 550 1392 committit?
594 1361 665 1391 DE.
693 1361 787 1391 Ferre
802 1360 886 1390 illum
903 1358 917 1391 :²
938 1369 978 1389 cm
1002 1369 1061 1390 non
1084 1369 1141 1389 sex
1157 1358 1310 1389 mensibus
1325 1356 1459 1396 integris
1480 1360 1552 1387 ante
1567 1358 1638 1387 odo-

179 1408 268 1435 ratus
277 1404 425 1443 fuissem,
442 1408 472 1435 et
487 1403 765 1443 deprehendissem,
782 1413 873 1443 quam
889 1402 939 1432 ille
955 1402 1049 1433 ullam
1065 1411 1130 1432 rem
1152 1404 1306 1441 coepturus
1321 1404 1397 1430 esset
1409 1400 1529 1438 facere.
1575 1400 1637 1430 ΞΥ.

182 1447 267 1482 Quid
282 1447 494 1486 vigilantiam,
520 1451 548 1477 et
572 1446 770 1488 prudentiam
788 1449 875 1476 tuam
898 1445 975 1476 mihi
1000 1454 1228 1481 commemoras,
1241 1453 1309 1484 quoe
1322 1443 1400 1473 milii
1415 1443 1548 1474 maxime
1562 1446 1637 1473 nota

180 1493 248 1524 est?
290 1491 359 1522 DE.
388 1489 474 1521 Talis
499 1499 563 1521 esse
588 1493 701 1530 pergat
730 1489 831 1529 cupio,
850 1489 951 1528 qualis
976 1498 1056 1519 nunc
1077 1491 1133 1519 est.
1179 1488 1242 1519 SY.
1268 1487 1313 1518 Ut
1329 1485 1429 1528 quivis
1458 1489 1544 1527 optat
1573 1496 1638 1516 esse

786 1582 1023 1595 eeeeeeeeeeee

183 1649 331 1680 Haeccine
343 1649 422 1691 fieri
439 1647 599 1690 flagitia?
623 1650 720 1680 Rem.
738 1658 804 1680 non
821 1648 925 1680 habet
942 1649 1123 1679 dictionem
1141 1647 1289 1688 flagitia,
1315 1648 1386 1678 sine
1403 1656 1468 1688 qua
1484 1646 1640 1688 proi-edit

182 1694 331 1723 senarius
348 1693 417 1722 sine
435 1693 639 1723 detrimento
657 1702 784 1723 sensus.
810 1693 867 1723 Fa.
914 1692 1023 1722 Etiam
1051 1701 1069 1721 a
1095 1691 1203 1721 tribus
1231 1691 1355 1721 nostris
1382 1691 1477 1721 abest
1492 1690 1628 1730 flagitia

182 1735 284 1767 Rent.
329 1735 461 1766 Haecine
478 1735 569 1776 fieri.
603 1735 645 1766 In
663 1735 728 1766 Ms.
746 1736 786 1766 R.
801 1735 1102 1776 adffltnrflagitia:
1125 1734 1183 1764 sed
1201 1734 1308 1764 aliena
1324 1743 1434 1764 manu.
1458 1733 1638 1764 Lirim—37

182 1779 284 1809 Both.
310 1777 448 1809 Patris!
462 1779 602 1816 facultas
620 1788 716 1819 prava
729 1777 743 1808 Ι
769 1779 823 1809 Me
839 1778 959 1816 fratris
975 1780 1092 1817 q.-—39
1112 1777 1200 1812 Quod
1216 1778 1298 1808 ades.
1346 1776 1401 1806 lta
1416 1777 1482 1808 Gn.
1500 1779 1530 1807 1.
1550 1776 1638 1816 vulg.

182 1821 255 1861 quia
276 1821 360 1861 ades,
385 1822 517 1861 ingrata
540 1822 692 1852 elisione.
716 1821 901 1852 Rom—40
928 1821 985 1851 Nil
1001 1821 1102 1851 Bent.
1119 1820 1221 1850 Both.
1239 1820 1316 1858 Bip.
1334 1820 1513 1850 Peri—41
1539 1819 1588 1849 M.
1605 1824 1640 1849 et

184 1864 305 1895 Boend.
321 1873 396 1895 cum
414 1863 488 1895 ΕΑ.
506 1865 573 1895 ΕΤ.
589 1865 713 1895 Venox.
729 1865 879 1895 Davent.
898 1864 948 1895 St.
967 1863 1146 1895 AletJnnt.
1172 1863 1358 1901 Illefutilis.
1382 1863 1449 1893 Sed
1468 1862 1640 1902 improbat

183 1908 243 1938 Fa.
259 1907 367 1938 Boecl.
385 1907 469 1938 citat
481 1917 498 1937 e
517 1908 584 1938 Ms.
614 1907 720 1938 Futile
736 1907 898 1938 somnium.
933 1907 998 1937 Ms.
1018 1907 1109 1946 Lips.
1125 1916 1259 1936 sommus.
1297 1906 1530 1936 Foedissimum
1548 1915 1640 1935 mcn·

183 1950 262 1980 dnm
277 1953 381 1981 vocat
396 1951 485 1991 Guy.
502 1950 669 1991 legitque,
683 1952 828 1989 onmium,
845 1950 896 1981 uti
912 1949 1002 1980 And.
1020 1959 1053 1979 v.
1069 1953 1099 1980 3.
1119 1951 1148 1979 1.
1194 1950 1278 1981 Qum
1304 1949 1407 1979 lectio
1424 1958 1498 1979 cum
1517 1948 1639 1979 nullius

182 1993 323 2032 codicis,
340 1993 428 2032 quod
446 1993 580 2034 quidem
598 1994 714 2033 sciam,
730 1992 936 2024 auctoritate
954 1993 1094 2032 nitatur,
1110 1992 1292 2022 somnianti
1310 1992 1476 2022 excidisse
1491 1991 1639 2023 videtur.

188 2036 289 2068 West.
334 2036 393 2067 Ille
408 2035 529 2075 futilis,
543 2036 704 2067 somnium.
724 2036 843 2067 sineres
857 2045 929 2067 vero
950 2036 1037 2066 illum
1059 2036 1159 2075 tuum]
1185 2034 1226 2065 Τὸ
1243 2034 1354 2073 futilis
1367 2035 1561 2072 nonhabet,
1577 2044 1640 2065 nec

184 2079 352 2118 Donatus,
375 2088 438 2109 nec
464 2079 551 2110 liber
577 2079 774 2116 ssembinns,
800 2084 859 2110 ant
874 2079 1082 2110 Vaticanus:
1107 2088 1182 2119 qnae
1208 2078 1315 2109 dictio
1332 2083 1367 2109 et
1383 2079 1482 2109 valde
1498 2077 1641 2117 impedit

183 2122 364 2160 senarium,
389 2122 446 2163 qui
473 2131 513 2152 ea
539 2121 654 2153 deleta
677 2127 908 2159 sustentatur,
924 2121 1142 2162 corripiendo
1159 2122 1305 2162 priorem
1324 2120 1354 2151 in
1378 2121 1387 2137 ‘
1402 2120 1488 2161 lites
1513 2120 1639 2151 adden-

185 2164 296 2205 doque
313 2164 497 2195 dictionem
514 2168 560 2203 tu,
576 2165 776 2205 postillam,
797 2174 840 2195 ex
867 2164 953 2196 libro
969 2165 1142 2195 Vaticano
1170 2170 1205 2195 et
1233 2164 1440 2203 Basilicaxxo,
1464 2173 1562 2205 quam
1590 2173 1641 2194 re-

185 2208 356 2239 centiores
381 2207 510 2238 habent
536 2212 612 2247 post
637 2217 728 2238 vero:
755 2207 940 2238 Bembinus
967 2217 1047 2238 vero
1072 2217 1248 2247 nusquam.
1275 2207 1335 2237 Fa.
1381 2207 1500 2238 Nostri
1524 2216 1640 2237 omnes

185 2259 367 2291 perperam
386 2250 498 2288 futilis
524 2249 678 2289 addunt3
701 2249 761 2281 sed
789 2261 831 2281 ex
855 2251 903 2281 eis
930 2250 998 2281 duo
1022 2256 1128 2289 recte,
1144 2251 1232 2281 illum
1248 2254 1281 2281 tu
1296 2254 1396 2287 tuam,
1420 2259 1487 2280 non
1503 2253 1536 2280 lu
1553 2249 1641 2280 illum

185 2297 282 2325 tuum.
305 2294 406 2324 Bent.
449 2293 509 2324 Ille
522 2294 673 2324 somnium
680 2293 792 2332 sutilis
805 2317 812 2325 .
827 2317 835 2324 .
848 2316 855 2324 .
870 2314 878 2323 .
893 2303 964 2324 vero
979 2294 1065 2329 illum
1079 2297 1166 2324 tuum
1182 2294 1240 2324 ΒΓ.
1288 2293 1345 2323 Ille
1360 2293 1508 2324 somnium
1521 2292 1535 2324 l
1561 2292 1640 2323 sz’

186 2335 301 2367 sineres
322 2346 393 2368 vero
409 2336 504 2367 illunc
520 2340 605 2367 tuum
622 2337 726 2367 Both.
772 2336 831 2367 Ille
848 2336 958 2375 futilis
985 2336 1102 2367 Gnelf.
1132 2339 1162 2366 1.
1196 2336 1302 2367 Futile
1317 2336 1468 2367 somnium
1483 2339 1516 2367 2.
1548 2335 1589 2366 Τὸ
1606 2339 1641 2366 tu

186 2379 284 2410 abest
306 2379 346 2411 Z.
371 2379 465 2410 Illum
479 2383 514 2410 tu
533 2383 621 2410 tuum
637 2379 852 2420 De1p11.—42
877 2379 971 2410 Libri
987 2379 1124 2420 quidam
1141 2380 1223 2410 Mss.
1252 2384 1288 2409 et
1313 2379 1469 2419 impressi
1494 2384 1642 2417 veteres,

185 2425 239 2453 aut
254 2432 324 2453 non.
347 2423 456 2453 West.
503 2422 580 2453 Om.
596 2423 653 2454 lib.
671 2423 792 2463 script.
807 2425 947 2454 autnon.
971 2423 1031 2453 Fa.
1076 2422 1133 2453 Sic
1156 2428 1192 2453 et
1217 2422 1324 2452 nostri
1351 2426 1419 2453 aut.
1452 2422 1510 2452 Bis
1525 2427 1641 2452 tamen

186 2465 276 2505 apud
294 2464 506 2496 Priscianum
522 2475 581 2502 ac‚·
605 2471 642 2496 ut
656 2465 690 2496 in
705 2465 826 2496 codice
843 2470 978 2496 vetusto
995 2465 1131 2505 legitur.
1157 2465 1252 2496 Bcnt.
1295 2465 1361 2495 Aut
1380 2475 1439 2495 mm
1456 2465 1515 2496 ΒΓ.
1536 2465 1639 2496 Both.

190 2509 230 2540 Z.
252 2507 332 2548 Bip.
358 2507 409 2538 ita
429 2512 465 2539 et
479 2507 595 2539 Guelf.
615 2511 730 2540 3.—43
757 2508 907 2548 Coeperz't]
931 2509 991 2539 Fa.
1009 2509 1086 2539 Riv.
1104 2509 1264 2538 Barthins
1283 2506 1426 2540 Advers.
1444 2517 1520 2540 xvx.
1547 2511 1576 2538 1.
1599 2517 1642 2538 ex

187 2550 368 2581 Prisciano
384 2555 419 2581 et
436 2551 636 2592 quibusdam
656 2552 798 2582 vetustis
814 2552 966 2582 Terentii
984 2557 1018 2581 et
1042 2553 1169 2582 Donati
1201 2551 1310 2581 Libris
1334 2554 1463 2591 coeperet
1489 2556 1640 2581 tuentur.

187 2594 241 2625 Et.
259 2594 377 2624 laudat
408 2593 584 2625 Boeclerus
614 2603 633 2624 e
660 2593 790 2625 dnobus
817 2595 901 2625 Mss.
948 2594 1047 2625 Adde
1073 2593 1226 2634 ejusdem
1252 2594 1501 2625 Chre-stomath.
1539 2594 1639 2625 IVest.

187 2636 385 2668 Priscianus
403 2647 435 2677 p.
451 2640 525 2668 879.
560 2637 779 2668 Praeteritum
805 2636 1044 2678 imperfectum
1071 2646 1144 2668 esse
1169 2636 1256 2667 dicit
1281 2647 1300 2667 a
1325 2636 1479 2676 ‘coepta’
1512 2636 1580 2667 Sed
1609 2647 1642 2676 p.

189 2681 284 2710 1193.
307 2679 411 2710 habet
426 2680 564 2720 coeperit,
587 2684 622 2711 et
639 2679 748 2710 codex
768 2680 813 2711 ibi
830 2686 940 2711 vetus.
987 2681 1065 2711 Duo
1082 2684 1215 2711 veteres
1230 2689 1272 2710 ex
1289 2680 1412 2711 nostris
1428 2680 1566 2720 coeperit,
1590 2689 1641 2710 re-

188 2721 273 2762 liqui
297 2726 438 2761 coeperet.
461 2723 564 2753 Bent.
609 2723 746 2762 Coeperet
774 2723 831 2754 ΒΓ.
858 2723 959 2753 Both.
1008 2724 1133 2763 (ἵεμεν-ξι
1160 2722 1274 2753 Guelf.
1302 2726 1416 2753 1.-41
1441 2722 1638 2762 Legendnm

189 2770 305 2795 monet
331 2765 434 2796 Bent.
472 2765 511 2797 V.
528 2769 553 2796 t.
570 2765 636 2796 tun'
651 2766 749 2796 mihi?
783 2766 838 2796 Sic
852 2767 894 2795 sit
909 2767 996 2796 modo
1017 2766 1059 2797 Ut
1075 2776 1153 2797 nunc
1168 2770 1214 2796 est
1228 2775 1340 2805 quoeso.
1391 2766 1427 2796 V.
1448 2769 1474 2796 t.
1491 2769 1525 2795 iu
1539 2763 1642 2796 mihi?

190 2806 243 2837 Sic
255 2807 296 2838 sit
312 2809 398 2838 modo
416 2808 516 2840 Both.
533 2809 611 2849 Rip.
657 2810 709 2839 Sic
724 2809 763 2839 sit
780 2810 866 2839 modo
885 2810 942 2839 ΒΓ.
962 2810 1137 2841 Perta-245
1156 2808 1302 2841 Quidam
1320 2808 1456 2840 codices
1473 2817 1513 2837 ex
1530 2809 1642 2844 glossa

278 2860 389 2901 Delph.
402 2864 430 2891 et
445 2861 518 2891 Vnr.
534 2862 616 2892 Clas.
849 2862 973 2892 Terent.
1485 2864 1505 2891 *2
1528 2860 1556 2891 Ζ
