1966 3302
309 192 395 236 834
801 204 844 233 P.
878 201 1121 232 TERENTH
1156 201 1273 233 Arm

312 301 433 344 Nam
452 301 602 343 matris
621 301 731 342 ferre
750 299 935 354 injurias
955 313 1041 350 me,
1063 299 1300 349 Parmeno,
1324 298 1472 352 pietas
1488 298 1634 353 jubet.

312 370 428 411 Tum
462 369 593 409 uxori
627 368 850 427 obnoxius
881 381 1009 421 sum3
1038 368 1104 408 ita
1124 368 1231 408 olim
1261 380 1344 408 suo
1374 381 1442 408 me
1472 367 1647 419 ingenio
1666 379 1766 422 per-

484 436 612 478 tulit:
651 430 717 441 Ἢν
778 434 782 436 ’

313 504 400 546 Tot
419 517 541 545 meas
561 504 746 558 injurias
764 504 772 545 !
805 517 904 557 quae
926 516 1148 558 nunquam
1169 504 1215 544 in
1234 502 1324 543 ullo
1346 502 1560 555 patefecit
1577 504 1697 546 loco.

313 572 403 613 Sed
423 585 634 624 magnum
653 572 802 613 nescio
824 572 933 626 quid
952 585 1137 613 necesse
1156 576 1227 612 est
1246 571 1463 621 evenisse,
1487 571 1724 622 Parmeno,

314 638 441 680 Unde
462 640 528 681 ira
548 640 657 680 inter
678 653 753 680 eas
774 640 1042 690 intercessit,
1063 653 1164 693 quae
1186 642 1276 680 tam
1298 639 1543 692 permansit
1562 639 1653 680 diu.
1711 638 1768 679 25

313 707 439 749 PAR.
472 706 608 749 Haud
629 707 808 760 quidem
828 707 973 749 hercle
991 719 1184 761 parvom,
1222 708 1262 748 si
1285 707 1353 748 vis
1374 719 1480 748 vero
1500 719 1650 749 veram
1668 706 1769 748 rati-

485 788 617 816 onem
637 775 821 830 exequi:

312 886 412 917 vivam
424 895 435 915 .·
449 894 532 924 nam,
551 885 714 921 Parmeno,
726 884 855 925 pietatis
869 882 1000 924 affectus
1014 882 1158 923 requirit,
1173 885 1207 913 ut
1222 882 1355 921 injurias
1369 883 1480 914 matris
1495 882 1642 914 tolerem:
1660 882 1770 914 deinde

313 929 406 960 uxori
429 929 589 959 devinctus
612 937 679 958 sum
690 939 700 959 .-
724 929 799 958 adeo
824 937 921 958 mores
946 936 1028 957 meos
1050 926 1104 956 diu
1120 936 1175 956 sua
1197 929 1356 956 mansueta
1380 929 1494 957 natura
1513 935 1607 965 usque
1622 926 1770 967 adfinem

310 972 385 1004 tulit
401 983 411 1008 ;
434 981 500 1002 cum
515 971 659 1009 injurias,
684 970 791 1010 quibus
807 980 874 1001 eam
898 969 1003 1010 affeci,
1016 979 1136 1009 semper
1154 968 1277 1008 celavit,
1292 978 1347 999 uec
1362 978 1489 1008 usquam
1508 968 1696 999 declaravit:
1717 969 1771 1000 sed

309 1015 457 1051 ingentes
471 1023 576 1044 causas
592 1013 728 1053 oportuit
738 1016 829 1044 natas
842 1023 915 1052 esse,
930 1013 1095 1049 Parmeno,
1105 1014 1231 1051 propter
1242 1021 1317 1051 quas
1329 1012 1402 1042 adeo
1416 1015 1504 1042 tanta
1514 1011 1675 1042 iracundia
1687 1011 1772 1042 inter

315 1067 367 1090 eas
393 1058 573 1096 intervenit,
597 1067 666 1096 quoe
692 1057 765 1087 adeo
781 1056 928 1087 diuturna
943 1056 983 1086 ad
998 1055 1076 1085 hanc
1091 1056 1172 1085 diem
1186 1055 1407 1094 perseveravit.
1453 1054 1519 1085 ΡΑ.
1544 1054 1618 1084 Non
1632 1054 1771 1094 equidem

313 1110 427 1142 parcas
442 1110 552 1132 causas
574 1109 693 1132 necesse
708 1102 753 1130 est
769 1099 925 1135 evenisse;
948 1107 1054 1129 verum
1067 1097 1094 1128 si
1114 1098 1161 1128 vis
1175 1100 1293 1128 rectam
1306 1097 1459 1128 rationem
1470 1099 1595 1138 putare,
1608 1096 1773 1138 aliquando

930 1192 1170 1207 ‘OOOWMO

316 1271 436 1292 venero.
481 1260 582 1292 Addo
598 1260 715 1299 etiam,
738 1260 820 1292 Hul.
845 1260 892 1292 ita
917 1260 1090 1300 exhibere,
1106 1259 1135 1301 q'
1150 1269 1218 1290 cum
1231 1259 1279 1289 ita
1295 1260 1333 1289 ἐξ
1349 1258 1506 1289 invenero.
1552 1258 1616 1288 Est
1639 1265 1720 1288 vero
1737 1256 1774 1288 in

318 1314 359 1335 eo
377 1303 505 1335 Codice
522 1303 551 1344 q'
566 1308 647 1335 nota
662 1303 753 1335 vocis
770 1313 848 1344 quoe,
862 1305 903 1343 qd
920 1304 1011 1334 valet
1025 1304 1115 1344 quod,
1154 1302 1195 1333 In
1213 1301 1382 1343 plerisque
1397 1308 1508 1332 autem
1527 1299 1706 1332 Codicibus
1720 1303 1774 1331 est

321 1347 422 1382 Quod.
468 1347 509 1378 In
538 1346 658 1378 Boend.
699 1346 790 1381 Quae.
826 1347 1095 1377 Westerbovius.
1145 1346 1236 1381 Quod
1265 1355 1333 1375 cum
1362 1344 1409 1374 ita
1436 1353 1551 1375 omnes
1577 1342 1668 1383 apud
1693 1343 1773 1373 Boe·

319 1391 400 1421 cler.
439 1390 562 1421 Bruns.
596 1390 673 1430 quod
705 1390 752 1420 ita
784 1399 852 1420 cum
889 1390 1033 1420 invenero
1070 1389 1306 1420 Botliius.—2l
1355 1387 1495 1419 Perculit
1531 1385 1772 1417 Bothius.-23

318 1433 376 1464 Ita
400 1433 476 1473 lego
498 1437 534 1464 et
561 1432 740 1472 distinguo.
785 1432 852 1465 Qui
876 1442 956 1463 vero
975 1432 1122 1473 junctim
1143 1431 1336 1469 ediderunt,
1360 1431 1417 1461 Tot
1438 1439 1520 1460 meas
1545 1429 1677 1468 injurias
1705 1437 1774 1468 quoe

318 1486 496 1516 numquam,
514 1476 553 1506 iis
578 1475 615 1506 τὸ
643 1476 722 1511 Quoe
738 1475 874 1506 videtur
891 1485 966 1506 esse
983 1475 1198 1506 Philumena.
1245 1473 1312 1504 Sed
1330 1477 1366 1504 tu
1382 1472 1503 1512 cogita,
1527 1473 1649 1510 lector,
1671 1480 1777 1512 quan-

320 1524 393 1550 tum
410 1519 561 1559 emphasi
578 1518 727 1549 decedat
743 1519 804 1549 hoc
821 1522 933 1558 pacto.
978 1518 1069 1549 Vide
1088 1518 1273 1555 Donatum,
1288 1515 1416 1556 oppido
1429 1515 1561 1546 erudite
1578 1515 1652 1545 liaec
1669 1522 1775 1554 expe-

319 1561 482 1593 dientem.
527 1563 572 1592 Et
597 1562 632 1592 in
654 1561 803 1592 editione
820 1560 1078 1601 Argentinensi,
1092 1560 1168 1591 anni
1186 1562 1279 1590 1496.
1296 1558 1369 1589 voci
1389 1559 1468 1593 Quoe
1484 1557 1618 1588 diverso
1641 1556 1777 1588 charac-

320 1609 395 1636 tere
411 1605 576 1643 additum,
590 1616 609 1635 a
624 1614 656 1635 se
671 1605 802 1635 tolerata
818 1604 930 1635 omnia.
984 1604 1072 1634 Sunt
1094 1607 1209 1634 autem
1232 1602 1317 1632 Mss.
1335 1605 1371 1632 et
1387 1601 1472 1632 editi
1487 1599 1636 1641 quidam,
1653 1600 1688 1630 in
1703 1598 1775 1640 qui-

320 1647 384 1678 bus
411 1653 464 1679 est
491 1648 669 1688 Numquam
694 1648 767 1678 ullo.
812 1646 991 1679 Quomodo
1019 1651 1056 1678 et
1081 1647 1252 1678 Donatus.
1295 1644 1396 1676 West.
1454 1643 1611 1674 Donatus
1626 1653 1634 1674 :
1668 1642 1678 1660 ‘
1697 1642 1777 1673 Non

322 1690 410 1721 dixit
429 1692 516 1726 Quas
543 1691 601 1721 sed
628 1690 728 1725 Quoe:
763 1693 800 1720 ut
823 1689 864 1720 ad
893 1690 1016 1727 omnia,
1034 1698 1100 1720 non
1117 1688 1159 1719 ad
1177 1686 1324 1727 Injurias
1344 1685 1512 1717 referatur
1527 1690 1682 1717 extrema
1696 1694 1777 1716 con-

322 1733 452 1765 clusio!
499 1733 600 1764 Fallit
615 1742 755 1772 magnus
775 1732 962 1772 Magister:
1000 1732 1079 1767 Quae
1095 1731 1184 1762 enim
1201 1740 1267 1761 non
1292 1734 1344 1761 est
1368 1729 1538 1760 Neutrum
1555 1728 1699 1769 plurale,
1715 1727 1778 1758 sed

321 1776 495 1816 singulare
511 1776 736 1813 Femininum‚
763 1776 842 1811 Quae
857 1784 1021 1815 numquam
1041 1774 1188 1815 patefecit
1212 1776 1259 1803 tot
1284 1782 1367 1803 meas
1389 1771 1534 1810 injurias.
1580 1772 1690 1802 Porro
1707 1775 1777 1801 tres

321 1829 365 1850 ex
382 1820 504 1850 nostris
520 1828 684 1859 numquam
699 1819 771 1857 ullo,
796 1828 862 1849 non
889 1818 922 1849 in
947 1819 1021 1849 ullo.
1067 1818 1219 1857 Repone‚
1237 1816 1411 1855 Numquam
1434 1813 1518 1845 nullo
1541 1813 1688 1853 patefecit
1701 1813 1776 1845 bico.

319 1863 422 1893 Bent.
483 1861 733 1893 Grammatices
749 1861 837 1891 ratio
854 1862 1006 1900 postulat
1023 1870 1111 1900 quas,
1127 1860 1186 1890 sed
1203 1858 1322 1889 maluit
1349 1857 1532 1888 Terentius
1557 1866 1623 1896 quoe
1649 1856 1779 1894 dicere,

321 1908 360 1936 ut
375 1905 547 1936 conclusio
565 1904 608 1935 ad
622 1904 736 1935 omnia
751 1903 932 1935 referatur.
978 1904 1058 1934 Vid.
1077 1904 1202 1934 Donat.
1227 1901 1268 1931 ad
1296 1901 1328 1931 h.
1349 1901 1373 1931 l.
1401 1905 1437 1930 et
1464 1904 1517 1930 est
1542 1899 1617 1930 baec
1645 1899 1778 1940 generis

324 1949 470 1978 mutatio
509 1947 590 1978 satis
627 1947 774 1978 usitata:
826 1956 856 1978 v.
881 1946 1073 1977 Broukhus.
1100 1946 1142 1976 ad
1170 1945 1332 1984 Propert.
1361 1952 1386 1974 1.
1413 1944 1465 1973 18.
1495 1944 1547 1973 23.
1585 1942 1626 1973 R.
1643 1943 1686 1973 D.
1721 1942 1780 1973 Tot

323 2001 406 2021 meas
431 2001 496 2031 quae
521 2000 676 2030 uunquam
701 1989 833 2028 iujurias
860 1989 961 2020 Both.
986 1998 1140 2028 uunquam
1155 1988 1189 2018 in
1202 1987 1254 2017 illo
1269 1986 1313 2025 A,
1330 1986 1389 2016 Br.
1413 1993 1569 2025 nunquam
1584 1984 1618 2016 in
1634 1985 1718 2016 nullo
1740 1985 1782 2026 C,

326 2033 394 2065 Gu.
410 2036 440 2064 1.
460 2033 538 2064 Hel.
556 2033 645 2074 quod
659 2032 741 2063 ferri
764 2036 890 2072 potest.
909 2031 1025 2073 judice
1044 2032 1148 2062 Both.
1175 2039 1329 2070 nunquam
1344 2028 1426 2059 nullo
1442 2028 1620 2059 perh—24
1645 2027 1781 2059 Evenire

325 2076 360 2106 in
388 2081 498 2114 textu,
515 2085 576 2116 pro
598 2086 628 2107 v.
656 2076 678 2106 l.
701 2076 833 2106 evenisse
848 2075 907 2105 Br.
932 2074 1051 2106 venisse
1066 2075 1240 2105 Gom—25
1265 2072 1356 2102 Inter
1371 2081 1421 2102 eas
1435 2070 1501 2101 duo
1518 2071 1603 2102 Mss.
1628 2080 1647 2102 e
1671 2071 1780 2101 Boecl.

324 2119 588 2150 omittunt.—26
611 2119 693 2149 Mss.
719 2122 755 2149 et
774 2117 858 2148 editi
887 2122 1018 2148 veteres
1049 2118 1161 2147 varie:
1202 2115 1298 2145 Haud
1322 2114 1445 2154 quidem
1465 2113 1565 2144 hercle
1587 2122 1700 2153 parum
1722 2116 1781 2144 est.

326 2162 380 2192 vel
399 2161 495 2192 Haud
511 2162 632 2202 quidem
643 2161 742 2193 hercle
764 2170 890 2201 parvom
904 2164 959 2192 est.
984 2160 1035 2190 vel
1053 2160 1151 2190 Haud
1165 2159 1263 2189 hercle
1279 2157 1400 2197 quidem
1420 2166 1559 2196 parvom.
1586 2156 1638 2186 vel
1655 2156 1700 2187 At
1714 2155 1779 2196 qui-

324 2205 393 2236 dem
408 2204 507 2235 hercle
519 2214 657 2245 parvom«.
704 2204 791 2237 Quae
810 2204 979 2243 posterior
996 2203 1098 2234 lectio
1115 2211 1189 2232 cum
1210 2201 1318 2241 magis
1346 2199 1504 2240 opposita
1519 2202 1571 2229 est
1587 2198 1782 2239 Pamphilo,

325 2253 397 2279 tum
415 2248 519 2287 magis
534 2248 738 2278 conveniens
756 2246 1007 2277 ratiocinationi
1022 2244 1258 2276 Parmenonis.
1305 2243 1465 2273 Fortasse
1483 2246 1593 2272 tamen
1609 2242 1702 2272 locus
1713 2240 1781 2271 dis-

326 2290 494 2321 tinctione
514 2290 620 2330 possit
640 2289 767 2331 juvari,
783 2289 848 2320 ita:
887 2289 981 2319 Haud
996 2288 1094 2319 hercle
1110 2288 1241 2327 quidem.
1271 2295 1399 2326 parvom
1414 2286 1472 2322 est,
1488 2284 1516 2314 si
1531 2283 1578 2314 vis
1591 2294 1663 2315 vero
1675 2293 1781 2314 veram

324 2333 477 2364 ‘rationem
489 2333 622 2372 exsequi.
667 2334 714 2363 Ut
729 2341 846 2362 sensus
864 2331 920 2370 sit,
944 2333 951 2348 ‘
967 2332 1094 2362 Hercle
1110 2330 1247 2370 quidem
1263 2329 1351 2358 haud
1368 2336 1524 2366 magnum
1541 2326 1622 2367 quid
1640 2335 1781 2358 necesse

326 2381 380 2407 est
396 2375 572 2406 evenisse!
601 2376 694 2406 West.
720 2375 789 2405 Hoc
805 2375 903 2405 hercle
927 2374 1046 2413 quidem
1062 2383 1172 2413 parum
1186 2375 1233 2402 est
1250 2371 1399 2410 conjecit
1415 2370 1504 2400 Gov.
1536 2370 1545 2386 ‘
1565 2370 1615 2400 Ex
1633 2370 1729 2400 Bem.
1745 2377 1782 2400 et

325 2420 455 2459 aliquot
473 2419 613 2449 aliorum
631 2419 849 2452 auctoritate,
866 2417 1016 2457 itemque
1038 2416 1177 2453 Do-iati,
1194 2414 1346 2444 delemus
1363 2413 1504 2443 verbum
1519 2414 1576 2451 est,
1593 2416 1628 2443 et
1643 2421 1702 2451 pro
1724 2422 1780 2452 pa-

327 2471 408 2500 rum,
424 2461 601 2491 scribimus
626 2471 765 2501 parvom,
787 2459 877 2500 qnod
892 2465 927 2489 et
945 2459 1001 2489 alii
1016 2459 1091 2489 libr.
1109 2458 1248 2495 habertfi.
1267 2462 1301 2486 cz
1318 2455 1406 2486 idem
1425 2455 1599 2492 Donatus3
1623 2455 1704 2486 licet
1718 2463 1781 2494 per

329 2503 396 2534 duo
413 2514 432 2534 ιι
448 2504 610 2543 scriptum
626 2514 633 2533 :
671 2513 751 2534 sane
768 2503 824 2543 qui
844 2502 1094 2541 expositionem
1110 2500 1237 2531 Donati
1252 2508 1352 2539 super
1364 2499 1426 2528 lioc
1440 2497 1543 2528 verbo
1559 2506 1688 2536 parumn
1703 2506 1782 2527 con-

329 2546 543 2582 sideraverit,
561 2546 729 2585 intelliget
755 2554 831 2576 eum
847 2543 1047 2575 affirmative
1065 2544 1191 2583 legere,
1210 2552 1276 2572 non
1301 2541 1468 2580 negative.
1493 2549 1535 2570 ex
1552 2549 1617 2580 quo
1633 2539 1782 2579 conjecit

330 2589 466 2628 Lolgins
484 2589 674 2628 legendum,
689 2588 735 2619 At
750 2588 870 2628 quidem
885 2588 984 2617 hercle
995 2596 1139 2626 parcum,
1155 2591 1191 2616 ut
1209 2584 1475 2615 subaudiendum
1492 2582 1537 2612 sit
1553 2592 1595 2612 ex
1612 2582 1782 2612 sententia

332 2631 459 2661 Donati
475 2633 596 2662 evenit.-
621 2642 695 2662 nam
714 2631 739 2661 si
757 2630 915 2668 negative
930 2630 1036 2670 legas,
1061 2629 1227 2669 pugnabit
1252 2637 1327 2658 cum
1353 2630 1581 2665 consequente
1598 2624 1783 2664 sententia,

332 2678 368 2704 et
386 2683 462 2703 cum
479 2683 519 2704 eo
536 2674 624 2714 quod
643 2673 731 2704 infra
748 2674 841 2713 dicit,
859 2673 1003 2704 Fortasse
1018 2681 1110 2702 urium
1125 2671 1250 2703 atismoa
1273 2670 1420 2705 verbum,·
1452 2677 1551 2709 quam
1568 2671 1605 2698 et
1620 2676 1684 2707 ego
1700 2676 1782 2698 con-

328 2716 498 2756 jecturam
517 2717 635 2756 probo,
651 2727 689 2747 eo
706 2716 812 2756 magis
840 2716 928 2754 quod
947 2716 979 2745 in
997 2724 1073 2745 meo
1088 2714 1231 2755 quodam
1260 2713 1345 2743 libro
1372 2711 1536 2750 scriptum
1553 2715 1624 2740 erat
1641 2713 1707 2741 aut.
1743 2714 1781 2740 nt

332 2758 440 2790 facilis
457 2759 570 2799 lapsus
584 2758 689 2792 fuerit
707 2769 767 2799 per
783 2759 1009 2798 adjectionem
1026 2758 1122 2788 unius
1140 2757 1264 2788 litterae
1280 2765 1322 2786 ex
1338 2758 1371 2786 at
1388 2755 1421 2784 in
1434 2756 1499 2784 aue.
1545 2752 1654 2795 Hujus
1669 2756 1780 2786 autem
