1966 3302
562 258 874 290 PHoRMioms
907 259 1013 289 Ac‘r.
1047 259 1090 288 v.
1121 258 1189 289 sc.
1223 259 1264 288 v.
1536 248 1650 290 1019

193 354 255 397 Ut
275 368 436 408 rogem,
453 355 575 408 quod
609 359 784 408 tempus
804 353 1099 396 conveniundi
1129 352 1268 407 patris
1290 365 1361 394 me
1384 365 1547 406 capere
1572 354 1646 407 ju-

362 421 494 462 beat?

189 521 282 559 riam,
310 524 346 551 ut
372 523 476 562 petam
500 520 541 552 ab
577 530 623 561 eo,
650 520 730 561 quod
767 524 885 561 tempus
917 520 1108 550 commodum
1137 519 1271 550 adeundi
1302 518 1406 559 patris
1431 529 1538 560 cupere
1571 523 1647 553 milti

192 566 345 596 suadeat?

816 615 1055 627 eeeeeeeeeee

191 684 222 713 6.
238 684 292 714 41.
309 685 346 712 et
368 681 417 712 sic
432 681 533 712 Both.
557 680 685 712 ‘mire.'
707 681 795 712 Perl.
817 680 901 711 Mox
916 681 1028 721 possim
1045 691 1074 711 o.
1087 679 1158 710 fere
1174 680 1196 710 1.
1213 690 1238 711 S.
1259 679 1348 720 apud
1367 681 1426 712 Fa.
1443 685 1479 712 et
1493 682 1648 723 plerique

190 725 278 756 Mss.
296 728 332 755 et
347 724 424 756 edd.
439 729 525 756 vett.
541 724 695 765 quaedain
711 724 799 763 apud
817 724 924 754 West.
940 729 973 754 et
990 724 1039 754 sie
1055 723 1224 754 Boin-9
1251 724 1304 754 Me
1318 733 1426 763 capere
1444 723 1569 765 jubeat]
1594 726 1650 757 Ita

189 773 226 799 et
254 768 353 798 Bas-z
378 767 413 797 in
427 767 500 798 aliis
517 777 594 798 vero
618 766 858 807 antiquissimis
874 767 979 801 libris,
996 767 1076 797 item
1094 767 1125 796 in
1150 766 1264 797 multis
1281 768 1367 802 aliis,
1384 767 1522 806 legitur,
1538 778 1585 799 me
1600 780 1650 800 ca-

190 820 262 852 pere
278 811 428 841 suadeat.-
453 810 542 851 quod
568 810 597 841 si
625 809 820 849 recipimus,
838 818 954 840 versus
972 811 1038 840 erit
1054 809 1162 839 lamb.
1185 814 1320 840 tetram.
1345 810 1524 841 acatalect.
1541 812 1597 851 qui
1616 812 1649 842 in

191 852 349 893 sequenti
365 862 500 890 scaena;
525 861 600 883 cum
622 852 657 891 ii,
673 852 730 893 qui
747 853 780 882 in
795 852 858 882 hac
875 857 965 891 sunt,
981 852 1176 883 catalectici
1193 853 1269 883 sint.
1295 853 1353 883 Fa.
1397 852 1516 883 Jubeas
1542 856 1649 886 nostri

192 895 266 927 fere
284 905 412 926 omnes.
446 895 511 926 Sed
529 904 642 926 versus
659 895 782 926 misere
797 895 931 926 habitus
948 901 1011 927 est.
1046 896 1202 935 Repone,
1215 895 1346 934 Rogem,
1357 896 1435 935 quod
1450 896 1652 928 conveniundi

190 939 290 979 patris
305 948 353 968 me
367 941 487 978 tempus
501 947 607 978 capere
623 938 743 976 jubeat.
797 938 919 977 Regem
938 938 971 968 in
990 938 1076 978 pede
1095 939 1202 978 primo
1220 948 1381 969 concessa
1396 938 1494 969 venia
1509 941 1649 980 corripi·

191 985 258 1013 tur.
281 981 382 1012 Bent-
427 981 518 1016 Quod
533 984 652 1021 tampnis
666 990 776 1022 capere
790 981 918 1013 suadeat
933 991 980 1012 me
1002 981 1105 1022 patris
1128 981 1343 1012 conveniundi.
1366 981 1470 1013 Both.
1513 982 1649 1014 Persua-

191 1025 266 1057 dent
280 1024 326 1064 A,
338 1024 461 1056 Boend.
478 1023 596 1056 Guelf.
613 1027 644 1056 l.

601 1253 805 1296 ACTUS
837 1254 896 1296 V.
957 1253 1164 1296 SCENA
1194 1253 1252 1295 V.

654 1355 894 1385 PHORMIO.
951 1355 1194 1386 ANTIPHO.

194 1419 358 1462 Peon.
389 1420 680 1464 ARGENTUM
713 1423 897 1477 accepi3
940 1422 1102 1464 tradidi
1133 1421 1302 1473 lenoni3
1347 1418 1516 1461 abduxi
1557 1431 1652 1459 mu-

367 1490 541 1543 lierem3

196 1554 377 1607 Curavi,
410 1559 590 1612 propria
620 1571 672 1599 ea
694 1558 900 1600 Phaedria
919 1563 969 1600 ut
988 1558 1227 1613 potiretur3
1257 1569 1359 1597 nam
1390 1556 1556 1596 emissa
1586 1561 1654 1596 est

367 1639 517 1668 manu.

196 1689 330 1733 Nunc
351 1705 438 1734 una
458 1693 565 1735 mihi
580 1706 649 1736 res
670 1694 806 1736 etiam
827 1698 980 1745 restat,
994 1707 1096 1748 quae
1119 1696 1187 1735 est
1207 1691 1502 1742 conficiunda,
1516 1691 1655 1732 otium

237 1790 310 1838 ΡΗ.
333 1789 512 1830 Argentum
532 1792 649 1833 accepi,
672 1793 832 1824 numeravi
856 1793 991 1824 Dorioni
1016 1792 1129 1832 lenoni,
1154 1792 1271 1824 abduxi
1291 1792 1437 1832 puellam,
1450 1795 1486 1822 ut
1504 1801 1572 1822 eam
1583 1800 1655 1830 pro-

191 1843 294 1874 prtum
309 1835 466 1865 traderem
481 1835 641 1866 Phoedriae
658 1836 874 1876 possidendum
887 1847 898 1866 .·
920 1846 993 1866 num
1009 1836 1196 1867 manumissa
1211 1839 1268 1874 est,
1284 1839 1315 1866 et
1338 1835 1433 1865 libera
1440 1835 1553 1873 sacta:
1575 1844 1656 1864 nunc

195 1875 273 1907 milti
285 1876 380 1908 etiam
391 1887 453 1909 una
466 1887 517 1910 res
531 1883 668 1919 superest
683 1880 876 1920 peragenda,
891 1878 1008 1910 scilicet
1023 1882 1057 1910 ut
1073 1879 1151 1910 mihi
1167 1879 1264 1910 otium
1280 1878 1317 1909 ab
1333 1878 1382 1909 his
1396 1878 1530 1917 senibus,
1545 1877 1656 1908 Demi-

805 1972 1048 1985 eeeeeeeeeeee

240 2042 258 2071 1
282 2036 427 2078 Abduxi]
451 2039 506 2070 Ita
521 2039 613 2070 edidi
629 2049 673 2071 ex
689 2041 774 2072 Mss.
790 2039 910 2073 Leidd.
926 2044 1084 2082 quatuor,
1100 2039 1199 2071 Bodi.
1215 2038 1261 2071 G.
1277 2042 1313 2071 et
1329 2038 1452 2071 Boend.
1471 2038 1541 2069 ΕΡ.
1557 2038 1658 2072 Junt.

197 2082 343 2114 Froben.
359 2081 439 2112 Ald.
464 2082 585 2122 steph.
602 2082 713 2115 Anon.
731 2084 804 2115 aliis
823 2084 1008 2115 veteribus.
1054 2083 1095 2114 ln
1119 2083 1193 2113 aliis
1211 2082 1414 2124 quibusdam
1431 2087 1496 2121 est,
1512 2081 1658 2115 Adduxi.

196 2126 369 2157 West.-—2
396 2124 514 2156 Curavi
529 2135 564 2155 ea
577 2127 706 2167 propria
721 2127 873 2158 Phaedria
888 2130 923 2157 ut
946 2125 1117 2166 potiretur]
1152 2125 1267 2167 Aliqui
1288 2125 1379 2165 libri,
1404 2131 1437 2156 et
1454 2125 1487 2155 in
1505 2125 1546 2156 iis
1563 2125 1657 2157 Vict.

196 2178 265 2200 non
288 2167 414 2199 habent
438 2178 496 2199 ea:
520 2168 615 2200 Bem.
640 2169 700 2208 ita,
724 2170 831 2200 curat-i
854 2169 980 2210 propria
1002 2172 1036 2199 ut
1065 2169 1215 2199 Phaedrz'a
1238 2171 1409 2209 poteretur.
1434 2169 1494 2200 Fa.
1539 2168 1658 2200 Nostri

193 2211 323 2252 propria
339 2220 399 2247 ea;
422 2215 458 2242 et
474 2211 541 2242 duo
558 2211 710 2252 primarii
733 2216 906 2253 poteretur.
932 2213 1034 2243 Bent.
1080 2212 1130 2242 Ea
1153 2212 1251 2242 abest
1267 2211 1299 2242 in
1316 2212 1358 2250 B,
1385 2211 1467 2242 Hel.
1491 2210 1608 2242 Guelf.
1624 2214 1657 2243 2.

197 2257 206 2271 ‘
224 2254 269 2286 G.
292 2258 328 2285 et
353 2254 408 2284 Fr.
439 2253 585 2285 Fabricii
600 2254 774 2286 Potes-etur·
796 2256 949 2286 laudant.
995 2254 1141 2286 Quando
1167 2254 1234 2285 erit
1256 2254 1289 2285 in
1316 2254 1449 2294 conjug.
1477 2258 1555 2284 tert.
1580 2263 1656 2294 pro-

196 2297 325 2328 miscue
340 2296 428 2327 enim
447 2296 498 2327 usi
519 2296 649 2329 Poetae.
695 2298 798 2330 Ovid.
814 2299 900 2329 Met.
915 2307 967 2329 lx.
984 2300 1058 2329 313.
1083 2298 1092 2314 ‘
1114 2297 1324 2337 Potiturque
1342 2306 1511 2337 puerpera
1527 2297 1633 2327 voto.’
1649 2297 1658 2309 '

202 2340 304 2372 West.
325 2341 335 2357 ‘
353 2340 519 2370 Poterelur
531 2340 629 2372 Bem.
657 2342 816 2382 apposite
842 2341 885 2372 ad
911 2341 1077 2372 rationem
1101 2349 1229 2379 versus,
1253 2346 1291 2371 ut
1307 2344 1341 2370 et
1370 2340 1494 2371 Catuli.
1519 2340 1528 2355 ‘
1551 2339 1659 2371 Liber

198 2387 236 2414 ut
251 2383 405 2423 inuuptae
421 2387 602 2422 poteretur
616 2382 698 2415 flore
718 2383 900 2415 nove1·cae.'
913 2383 990 2415 'Fa.
1018 2384 1095 2424 Bip.
1108 2383 1208 2414 Both.
1227 2386 1396 2422 poteretur.
1422 2384 1431 2399 ‘
1445 2383 1530 2413 Nam
1547 2383 1659 2414 emissa

197 2429 243 2457 est
264 2424 373 2465 manu]
397 2425 543 2466 Proprie
568 2426 611 2458 de
641 2427 747 2458 servis
775 2433 809 2457 et
837 2427 969 2458 ancillis
1003 2426 1167 2458 libertate
1198 2426 1348 2465 donatis,
1371 2431 1475 2467 atque
1500 2436 1518 2456 e
1546 2431 1659 2464 potes-

199 2471 274 2500 tate
297 2468 396 2500 herili
418 2468 577 2500 dimissis.
616 2469 732 2501 Plaut.
756 2470 857 2511 Capt.
884 2479 925 2501 Π.
943 2474 973 2500 3.
993 2472 1046 2501 48.
1090 2472 1098 2486 ⁶
1116 2469 1312 2509 Numquam
1337 2469 1403 2500 erit
1428 2474 1497 2499 tam
1521 2478 1657 2508 avarus,

199 2511 282 2553 quin
305 2517 338 2543 te
355 2516 472 2552 gratus
498 2512 633 2543 emittat
649 2512 776 2543 manu.'
812 2513 883 2544 Cic.
903 2513 998 2543 Fam.
1025 2521 1108 2543 xui-
1127 2515 1178 2543 77.
1223 2515 1232 2529 ‘
1261 2512 1345 2543 Cum
1371 2521 1407 2542 se
1432 2521 1451 2542 a
1467 2520 1520 2541 me
1543 2521 1659 2543 mann-

199 2555 339 2585 missum
364 2564 439 2585 esse
463 2553 606 2595 diceret,
628 2556 871 2587 erediderunt:
911 2556 956 2587 H.
980 2557 1001 2586 l.
1022 2556 1188 2586 rationein
1213 2554 1327 2585 reddit
1356 2554 1529 2593 Phormio,
1553 2564 1657 2594 quare

199 2597 362 2628 Pliaedria
389 2598 495 2636 possit
519 2599 656 2638 propria
683 2599 785 2640 potiri
810 2599 1032 2636 citharistria,
1056 2608 1190 2638 nempe,
1214 2597 1305 2638 qnod
1331 2597 1374 2627 ab
1403 2598 1524 2627 lenone
1548 2597 1658 2637 impu-

199 2640 329 2671 rissimo
345 2645 447 2675 emta,
464 2645 565 2681 atque
592 2641 678 2672 adeo
703 2643 918 2682 emancipata
939 2642 994 2672 sit.
1041 2641 1142 2673 Quod
1168 2651 1233 2671 non
1257 2640 1351 2680 cepit
1379 2640 1552 2680 Guyetus,
1576 2642 1656 2671 scri-

200 2683 284 2714 bens
309 2684 342 2714 in
370 2683 489 2723 glossis
513 2683 671 2715 ineditis:
710 2685 720 2702 ‘
746 2685 813 2717 Qui
838 2685 960 2715 emissa
987 2689 1040 2714 est
1070 2693 1182 2723 manu,
1208 2684 1236 2714 si
1266 2689 1358 2714 emta
1389 2688 1441 2714 est
1469 2692 1487 2713 a
1514 2683 1657 2713 lenone?

201 2725 256 2756 An
280 2726 448 2757 Phaeuriae
471 2726 685 2767 emancipata
709 2728 786 2759 est?
811 2727 935 2758 Horat.
971 2728 979 2744 ‘
998 2728 1169 2758 Romanus
1191 2727 1295 2768 (eheu
1323 2726 1449 2767 posteri
1472 2726 1658 2765 negabitis)

203 2769 450 2809 Emancipatus
466 2768 625 2808 feminae:
641 2772 704 2802 ἃς.
750 2770 843 2801 Nota
859 2770 1007 2810 phrasin.
1057 2770 1107 2800 An
1126 2769 1318 2809 legendnm,
1346 2770 1426 2800 Num
1443 2769 1473 2800 ei
1487 2769 1596 2799 emissa
1614 2773 1658 2799 est

204 2820 307 2851 manu,
324 2812 390 2851 vel,
407 2812 449 2842 Ei
465 2812 556 2843 missa
572 2816 616 2844 est
634 2812 749 2844 runnu!
762 2812 770 2825 '
795 2814 963 2845 West.-3
993 2813 1060 2843 Uim
1078 2808 1175 2844 abi-st
1192 2823 1210 2844 a
1226 2812 1340 2844 Guelf.
1357 2817 1387 2844 2.
1432 2814 1440 2827 ‘
1461 2812 1586 2843 Versus
1604 2812 1655 2841 liic
