1966 3302
544 233 855 264 PHORMIOle
889 222 999 265 Aca.
1033 234 1078 265 v.
1111 234 1180 264 se.
1215 235 1246 264 1.
1505 226 1619 267 1007

169 325 356 371 Matrem
378 327 521 381 ipsam
542 341 601 369 ex
620 328 878 381 aegritudine
899 329 1107 369 miseram
1121 341 1240 369 mors
1261 332 1501 370 consecuta
1521 333 1601 370 est.

168 394 327 436 CHRE.
362 395 483 437 Male
514 396 703 437 factum!
766 397 844 437 So.
876 396 972 449 Ego
1004 400 1169 446 autem,
1201 409 1302 450 quae
1335 409 1479 437 essem
1512 409 1622 438 anus

338 463 521 513 deserta,
543 476 690 516 egens,
713 464 878 516 ignota,

166 528 231 570 Ut
250 531 391 583 potui,
411 536 598 584 nuptum
620 532 833 584 virginem
852 530 1000 572 locavi
1022 530 1126 572 huic
1149 531 1442 582 adolescenti,
1558 532 1618 573 25

168 596 340 638 Harum
383 598 459 651 qui
493 603 559 639 est
590 598 795 639 dominus
834 598 1014 640 aedium.
1093 597 1253 640 CHRE.
1284 597 1619 653 Antiphonine‘?

338 665 415 705 So.
450 665 596 707 Hem!
627 666 694 707 illi
715 666 821 720 ipsi.

166 729 324 773 CHRE.
348 731 496 783 Quid!
527 734 694 779 duasne
716 734 756 774 is
776 747 935 775 uxores
956 733 1123 776 habet?
1182 735 1264 777 So.
1284 733 1358 777 Au
1379 736 1388 777 !
1409 736 1621 778 obsecro:

337 813 469 841 unam
488 801 564 842 ille
584 801 764 855 quidem
781 802 895 843 hanc
916 803 1073 844 solam.

168 866 325 908 CHRE.
358 868 481 919 Quid
509 868 587 910 illa
617 868 768 919 altera,
803 882 906 922 quae
929 869 1086 911 dieitur
1105 871 1331 923 cognata?
1393 871 1471 911 So.
1504 871 1622 914 Haec

339 948 438 988 ergo
459 939 539 976 est.
600 935 758 977 cmm.
791 935 911 987 Quid
936 938 1039 978 ais?

167 1001 246 1043 So.
276 1001 543 1057 Composito
570 1002 734 1046 factum
763 1003 836 1055 'st‚
870 1006 1096 1059 quomodo
1132 1005 1246 1047 hanc
1277 1019 1431 1048 amans
1465 1007 1622 1050 habere

373 1074 493 1111 osset

167 1137 272 1178 Sine
303 1083 422 1179 dgte.
481 1137 639 1180 CHRE.
671 1140 733 1181 Di
768 1127 963 1181 vostram
999 1140 1156 1182 fidem!
1190 1155 1322 1196 quam
1355 1156 1478 1197 saepe
1516 1143 1624 1185 forte

337 1209 497 1248 temere
1565 1211 1624 1252 30

163 1327 228 1366 ejus
243 1327 376 1359 tristitia
391 1332 421 1360 et
436 1328 534 1360 animi
548 1328 709 1360 anxietate
724 1339 897 1370 oppressam
907 1340 1005 1371 nuper
1016 1340 1099 1361 mors
1114 1331 1231 1371 rapuit.
1278 1331 1348 1362 CH.
1375 1331 1405 1360 0
1421 1341 1523 1362 casum
1546 1341 1624 1371 gra-

164 1381 243 1408 vem,
270 1375 301 1402 et
326 1371 500 1409 infaustum
522 1371 625 1402 mihi!
669 1372 727 1403 So.
751 1373 821 1412 Ego
847 1377 949 1404 autem
975 1374 1090 1411 vetula,
1114 1375 1197 1405 omni
1212 1375 1330 1405 auxilio
1345 1375 1510 1414 destituta,
1527 1375 1626 1414 inops,

164 1413 286 1452 ignota,
299 1414 407 1456 filiam
422 1418 518 1452 tuam,
534 1419 568 1446 ut
581 1415 683 1455 potui,
704 1425 831 1446 uxorem
856 1417 927 1447 dedi
943 1416 1013 1448 huic
1036 1417 1230 1453 adolescenti,
1247 1418 1299 1457 qui
1315 1417 1456 1448 dominus
1470 1422 1516 1448 est
1532 1418 1624 1456 hujus

164 1458 279 1488 «lomus.
327 1457 395 1488 Cn.
417 1458 630 1499 Antiplaonz'ne
645 1461 656 1488 .⁹
699 1459 758 1489 So.
784 1459 881 1498 Hem,
912 1460 968 1490 isti
998 1460 1070 1499 ipsi.
1116 1460 1184 1491 Cn.
1222 1461 1305 1496 Quid
1321 1458 1336 1491 ?
1368 1463 1483 1492 duasne
1511 1471 1626 1492 uxores

164 1499 255 1530 habet
269 1500 433 1541 Antipho?
469 1502 526 1531 So.
550 1500 615 1540 Au,
629 1501 762 1540 obsecro,
773 1506 808 1532 ut
822 1503 882 1533 Diz'
896 1513 954 1532 mm
969 1503 1084 1534 sinant.
1120 1503 1227 1534 Habet
1239 1504 1360 1544 quidem
1372 1504 1424 1534 ille
1438 1513 1530 1534 unam
1544 1504 1624 1536 hanc

164 1543 272 1574 solam.
307 1543 377 1574 CH.
397 1544 502 1579 Quid?
518 1544 603 1575 illam
618 1545 761 1583 alteram,
774 1555 865 1585 quam
880 1545 969 1576 nobis
979 1547 1087 1576 dicunt
1098 1556 1162 1577 esse
1174 1550 1349 1586 cognatam,
1357 1557 1454 1577 nonne
1466 1546 1517 1577 ille
1533 1547 1626 1578 habet

161 1589 312 1616 uxorem?
354 1586 414 1617 So.
438 1587 530 1623 Hoec,
545 1588 681 1627 inquam,
702 1588 806 1619 eadem
820 1591 877 1619 est.
923 1589 1005 1624 CH„
1020 1589 1106 1624 Quid
1129 1590 1199 1620 ais?
1241 1590 1300 1621 So.
1328 1591 1381 1619 Ex
1410 1590 1567 1620 'industria
1592 1590 1625 1621 id

163 1629 247 1659 inter
261 1639 315 1659 nos
329 1638 362 1659 eo
376 1632 465 1668 pacto
480 1630 634 1667 convenit,
649 1633 684 1660 ut
698 1629 839 1670 Antipho
862 1630 926 1668 ejus
947 1641 1049 1662 amore
1071 1636 1179 1671 captus
1200 1632 1285 1662 illam
1305 1636 1407 1672 posset
1423 1632 1533 1664 habere
1548 1643 1624 1663 uxo-

164 1679 242 1708 rem,
255 1671 314 1702 etsi
327 1673 429 1704 dotem
442 1672 560 1704 nullam
574 1672 715 1713 afferret.
761 1674 831 1705 Cu.
855 1675 913 1705 Die'
930 1678 1065 1706 vestram
1068 1674 1170 1716 fidem
1181 1675 1196 1707 .¹
1217 1685 1309 1716 quam
1321 1676 1424 1707 crebro
1441 1677 1538 1707 multa
1553 1686 1626 1707 casu

784 1776 1022 1788 emmo&

164 1849 287 1882 nostris
301 1849 354 1881 ubi
366 1849 451 1882 illae?
466 1861 529 1882 nec
541 1852 619 1889 Aut,
633 1862 744 1893 neque
757 1857 831 1885 sunt
842 1859 1043 1894 agnoscunt.
1067 1855 1187 1887 Recte.
1209 1854 1310 1886 Sinni
1327 1859 1440 1886 tamen
1455 1858 1527 1886 sunt
1542 1855 1625 1887 arri-

165 1892 258 1931 deat,
271 1893 299 1923 is
316 1893 408 1933 legat
427 1894 488 1925 Ubi
499 1895 581 1926 illoec
595 1895 691 1928 sunt?
708 1906 774 1937 quo
789 1902 950 1929 accentus
963 1899 996 1929 in
1010 1899 1201 1939 posteriore
1217 1899 1349 1938 syllaba
1366 1898 1429 1929 rite
1443 1898 1514 1930 fiat.
1526 1899 1625 1931 Bent.

163 1938 249 1968 -23
263 1935 308 1967 Ο.
321 1935 393 1967 fere
407 1937 429 1967 1.
446 1946 473 1968 s.
491 1942 526 1969 et
541 1938 575 1968 in
592 1939 630 1969 iis
643 1939 742 1971 Bem.
758 1940 805 1970 ita
817 1940 958 1980 habent,
970 1951 1010 1972 ex
1023 1942 1210 1982 oegrt'tudz'ne
1226 1942 1292 1972 hac.
1305 1942 1363 1972 Fa.
1388 1942 1443 1973 Ne
1456 1952 1540 1972 unus
1552 1943 1627 1983 qui-

164 1979 242 2010 dem
258 1988 301 2010 ex
319 1983 372 2010 tot
389 1981 528 2018 nostris,
543 1990 607 2012 nec
623 1981 710 2014 Edd.
722 1988 807 2014 vett.
824 1983 953 2015 habent
969 1984 1036 2015 hac.
1081 1985 1277 2023 Cot-rector,
1293 1984 1413 2022 credo,
1428 1985 1628 2025 Bembiuus,

167 2031 282 2053 versus
309 2022 421 2061 gratia
443 2023 578 2055 addidit
600 2025 747 2067 hac-‚quo
775 2031 888 2057 tamen
906 2036 1022 2058 versus
1039 2037 1136 2068 aeque
1160 2028 1340 2058 commode
1359 2037 1475 2058 carere
1497 2033 1626 2068 potest,

164 2065 337 2096 sententia
352 2066 559 2096 commodius
582 2073 692 2099 caret.
717 2068 812 2100 Bent.
860 2069 934 2100 Hac
957 2080 1041 2101 mors
1066 2071 1209 2102 miseram
1235 2071 1334 2101 Both.
1351 2080 1418 2111 quo
1437 2075 1527 2102 teste
1543 2075 1551 2088 ‘
1569 2071 1628 2102 hac

162 2112 278 2139 exstat
294 2108 326 2138 in
342 2107 422 2139 Hel.
441 2109 529 2149 quod
543 2111 693 2149 perbene
706 2112 890 2143 convenit.’
913 2123 931 2142 o
945 2114 1089 2145 miseram
1101 2114 1198 2145 abest
1214 2124 1233 2144 a
1247 2112 1363 2145 Guelf.
1376 2116 1493 2145 3.-24
1517 2113 1628 2145 Abest

164 2160 258 2190 egens
273 2160 292 2181 a
317 2150 433 2182 Guelf.
458 2155 575 2184 1.-25
601 2153 730 2185 Omnes
756 2153 830 2185 fere
854 2155 947 2195 libri,
964 2162 1092 2195 praeter
1108 2157 1205 2189 Bem.
1224 2160 1354 2196 nuptum
1377 2157 1552 2195 virginem.-
1577 2157 1627 2188 ita

165 2199 217 2224 est
243 2193 382 2224 Iambus
409 2194 442 2224 in
461 2201 593 2236 quarta.
619 2197 676 2228 Fa.
723 2197 842 2228 Nostri
872 2208 989 2229 omnes
1014 2203 1143 2240 nuptum
1167 2200 1333 2238 virginem,
1349 2200 1439 2240 quod
1457 2206 1492 2231 et
1510 2210 1626 2231 versus

165 2237 327 2277 postulat.
344 2237 442 2268 Bent.
467 2239 621 2269 Collocari
637 2239 754 2271 Guelf.
771 2243 900 2273 2.-26.
917 2244 958 2272 27
983 2242 1110 2274 Harum
1126 2243 1180 2283 qui
1195 2247 1241 2274 est
1255 2243 1397 2273 dominus
1411 2243 1536 2274 tedium.
1559 2244 1626 2274 An-

164 2279 329 2318 tiphonin?
358 2281 430 2319 Em,
441 2280 497 2312 isti
512 2282 590 2322 ipsi]
615 2283 742 2314 Versus
758 2283 811 2314 hic
826 2284 998 2316 claudicat
1014 2295 1023 2323 ;
1047 2295 1093 2316 em
1118 2286 1206 2316 enim
1224 2287 1299 2316 sine
1316 2286 1516 2327 synaloepha
1532 2291 1625 2317 stare

165 2322 296 2364 nequit.
340 2323 417 2354 Duo
443 2333 486 2355 ex
512 2325 638 2355 nostris
667 2330 746 2366 post
768 2326 976 2367 Antiphonine
1002 2328 1132 2359 addunt
1154 2329 1301 2369 inquam.-
1336 2330 1473 2366 ten-tius,
1501 2329 1557 2370 qui
1582 2339 1626 2361 ex

165 2364 382 2396 Academicis
398 2372 462 2407 est,
486 2367 535 2398 sic
562 2368 923 2409 recte,Antiphonine?
948 2371 1009 2401 Isti
1033 2372 1159 2412 inquam
1180 2372 1252 2411 ipsi.
1277 2372 1378 2404 Bent.
1394 2377 1430 2403 et
1455 2373 1503 2403 sic
1521 2373 1625 2404 Both.

166 2407 261 2439 Peri.
307 2409 318 2425 ⁴
335 2409 488 2440 Plusculi
518 2411 626 2442 Codd.
654 2411 882 2452 Antiphonine‚
904 2412 1058 2453 inquam?
1093 2415 1152 2445 So.
1175 2414 1231 2445 isti
1258 2413 1384 2455 inquam
1412 2415 1496 2455 ipsi!
1519 2416 1626 2446 West.

168 2451 229 2482 Em
243 2451 300 2482 isti
314 2452 376 2492 ipsi
392 2452 436 2484 G.
453 2453 513 2484 ΒΥ.
561 2454 647 2485 Hem
668 2456 724 2485 isti
738 2455 811 2496 ipsi.
854 2456 924 2487 CH.
948 2457 1042 2497 quid?
1061 2457 1066 2497 1
1090 2458 1216 2488 Duasne
1232 2457 1362 2497 Delph.
1385 2458 1464 2497 Bip.
1509 2458 1518 2475 ‘
1535 2458 1628 2489 Duas

165 2503 318 2526 uxore-«me
333 2495 360 2525 is
384 2495 475 2526 habet
501 2497 588 2528 Mss.
611 2497 748 2539 quidam
771 2502 807 2529 et
834 2498 1017 2539 imp1·essi.'
1047 2501 1150 2540 IVest.
1195 2501 1278 2531 Mox
1302 2501 1404 2532 Bent.
1428 2500 1520 2531 delet
1536 2501 1628 2532 habet

166 2546 209 2567 ex
223 2537 510 2577 interpretatione
527 2540 616 2571 inter
633 2541 737 2571 lineas
754 2546 884 2573 natum.
900 2543 1001 2574 Both.
1023 2542 1052 2573 is
1065 2543 1155 2574 habet
1169 2542 1305 2574 uxores?
1327 2543 1386 2574 So.
1410 2544 1544 2581 obsecro,
1560 2543 1630 2576 illic

165 2579 244 2610 hanc
266 2581 391 2620 quidem
416 2591 528 2614 unam:
550 2583 629 2613 dein
647 2584 656 2600 ‘
673 2594 766 2615 unam
791 2585 912 2625 quidem
928 2585 980 2616 ille
996 2586 1082 2617 Mss.
1111 2587 1246 2627 quidam
1263 2591 1298 2616 et
1319 2586 1498 2626 impressi?
1527 2587 1627 2620 West.

166 2625 200 2653 ut
211 2633 305 2655 unam
318 2624 372 2654 ille
381 2624 505 2664 quidem
517 2635 548 2656 0.
564 2626 585 2656 l.
601 2635 626 2656 s.
636 2626 726 2666 apud
744 2627 801 2657 Fa.
814 2631 850 2658 et
862 2628 965 2659 Bent.
982 2628 1064 2659 haud
1076 2628 1197 2660 obsecro
1214 2628 1328 2659 Guelf.
1342 2632 1371 2660 l.
1385 2631 1503 2660 3.-28
1527 2630 1627 2662 Bem-

165 2666 238 2704 quid
259 2667 346 2698 illam
371 2668 513 2705 alteram,
526 2673 562 2699 et
589 2669 858 2700 subandiendum
881 2675 947 2707 est,
968 2680 1081 2702 nonne
1108 2672 1210 2703 habet
1235 2672 1398 2703 uxorem?
1421 2673 1474 2703 vel
1498 2673 1626 2714 aliquid

168 2708 246 2740 tale.
270 2710 328 2741 Fa.
376 2711 485 2741 Etiam
503 2716 621 2742 noster
639 2713 853 2752 veteru-imus,
879 2713 963 2748 Quid
977 2714 1063 2744 illam
1075 2716 1218 2746 alteram.
1265 2715 1398 2747 Recte:
1421 2725 1488 2746 non
1512 2722 1627 2747 tamen

168 2752 451 2792 subaudiendum,
477 2754 486 2770 ‘
505 2754 622 2785 Habet
650 2765 787 2786 uxorem
804 2755 826 2786 :’
849 2757 909 2786 sed
937 2762 974 2787 ut
998 2767 1102 2797 supra
1129 2767 1185 2790 ιιι.
1215 2760 1246 2788 1.
1265 2761 1315 2790 15.
1363 2759 1447 2794 Quid
1472 2763 1568 2790 eum?
1590 2764 1626 2789 et

167 2793 296 2826 Heaut.
311 2806 343 2828 v.
362 2799 391 2830 1.
406 2799 460 2829 ⁷7.
484 2797 583 2830 Bent.
599 2802 637 2830 et
651 2798 701 2831 sic
716 2799 819 2830 Both.
834 2799 1016 2832 PerL—2‘.)
1040 2801 1165 2842 Delph.
1189 2804 1235 2833 est
1251 2801 1475 2840 [πέψω-30
1502 2802 1625 2834 Temere
