1966 3302
311 192 397 236 842
811 208 850 238 P.
881 206 1121 238 TEREN'ru
1155 207 1271 238 Anm

310 298 457 353 Atque
479 311 635 341 eccum
666 301 796 342 video
831 302 981 356 ipsum
1018 302 1187 356 egredi:
1219 316 1352 357 quam
1372 304 1511 346 tristis
1532 304 1621 348 est!
1681 306 1759 349 So.

487 366 526 407 Ο
549 368 607 408 mi
629 368 787 420 gnate!
1260 365 1344 388 “⁴⁵“

311 434 439 475 PAM.
471 434 579 476 Mea
614 439 764 487 mater,
802 437 926 477 salve
944 436 953 477 !
1015 436 1093 477 So,
1126 436 1315 478 Gaudeo
1351 439 1526 480 venisse
1561 440 1756 483 salvom:

481 501 652 544 salvan'

309 568 575 611 Philumena
596 571 695 611 est?
757 570 886 611 ΡΑΜ.
908 569 1179 612 Meliuscula
1198 574 1279 612 est.
1338 572 1418 615 So.
1439 573 1622 616 Utinam
1642 575 1758 617 istuc

482 638 544 678 ita
568 638 627 679 Di
646 638 817 679 faxint!

307 704 429 755 Quid
451 708 498 746 tu
520 706 648 758 igitur
667 706 914 760 lacrymas?
946 709 1022 747 aut
1052 706 1159 759 quid
1194 719 1241 747 es
1279 710 1370 748 tam
1405 708 1569 750 tristis?
1630 710 1758 751 ΡΑΜ.

454 765 637 823 ’Βεοῒεῂ
658 777 811 814 mater.
1297 761 1381 781 w
1701 777 1759 818 20

309 839 389 880 So.
420 839 539 890 Quid
558 840 642 881 suit
660 841 866 882 tumulti?
899 839 971 881 dio
992 841 1095 881 mihi
1113 855 1123 882 ε
1146 854 1199 881 an
1220 841 1346 882 dolor
1364 846 1541 896 repente
1562 845 1758 886 invasit?

307 906 437 949 PAM.
469 907 538 949 Ita
558 908 807 950 factum’st.
880 908 958 950 So,
992 908 1110 959 Quid
1130 910 1273 951 morbi
1294 911 1394 952 est?
1467 911 1557 952 ΡΑ.
1588 911 1759 954 Febris.

480 975 558 1016 So.
593 974 900 1025 Quotidiana?
963 975 1092 1018 PAM.
1124 977 1196 1018 Ita
1217 978 1359 1020 aiunt.

309 1043 350 1093 I,
373 1042 519 1092 sodes,
540 1043 680 1095 intr03
711 1057 954 1098 consequar
968 1044 1064 1098 jam
1083 1048 1138 1095 te,
1159 1058 1258 1086 mea
1279 1050 1433 1087 mater.
1492 1046 1570 1087 So.
1601 1047 1717 1089 Fiat.

311 1110 437 1151 ΡΑΜ.
467 1110 538 1151 Tu
561 1111 707 1164 pueris
730 1124 871 1162 curre,
903 1111 1137 1162 Parmeno,
1161 1113 1354 1163 obviam,
1377 1118 1513 1167 atque
1533 1114 1602 1155 his
1623 1127 1760 1157 onera

481 1178 649 1231 adjuta.

311 1246 434 1287 PAR.
465 1245 609 1296 Quid!
640 1258 726 1287 non
755 1247 901 1289 sciunt
935 1247 1022 1302 ipsi
1052 1247 1187 1297 viam,
1222 1247 1400 1288 domum
1435 1261 1524 1302 qua
1555 1248 1761 1292 redeant?

483 1313 613 1354 PAM.
645 1313 843 1355 Cessas?
1702 1318 1761 1360 25

310 1453 380 1475 eum
394 1444 480 1476 video
495 1444 581 1476 exire
597 1454 612 1476 e
627 1445 714 1476 domo
728 1455 833 1476 socrus
857 1454 942 1476 suoe:
964 1453 1054 1484 quam
1078 1443 1181 1475 tristis
1200 1444 1288 1475 vultu
1312 1441 1472 1484 apparet!
1502 1442 1560 1475 So.
1587 1444 1617 1474 0
1638 1443 1682 1474 mi
1694 1442 1764 1485 fili,

309 1488 430 1526 gaudeo
447 1491 476 1519 te
490 1489 609 1519 salvum
621 1489 792 1519 advenisse.
837 1488 904 1519 ΡΑ.
932 1488 960 1517 O
973 1497 1040 1518 mea
1054 1491 1165 1526 mater,
1179 1487 1274 1518 salve.
1318 1488 1377 1518 So.
1400 1484 1454 1516 An
1468 1485 1541 1517 bene
1553 1487 1633 1517 valet
1650 1485 1761 1517 Philu—

311 1533 422 1561 mena?
466 1531 565 1562 ΡΑΜ.
587 1531 756 1572 Aliquanto
771 1531 878 1562 melius
891 1541 923 1562 se
937 1530 1039 1561 hahet.
1082 1530 1142 1561 So.
1166 1529 1227 1560 Dii
1241 1529 1338 1560 velint
1350 1530 1397 1560 ita
1408 1537 1472 1559 esse
1484 1532 1520 1559 ut
1533 1529 1622 1561 dicis.
1659 1529 1764 1565 Quare

312 1581 400 1612 ergo,
416 1572 445 1604 si
459 1574 634 1605 meliuscule
656 1575 750 1613 valet,
766 1573 970 1615 lacrymaris?
992 1575 1047 1603 aut
1061 1573 1135 1613 quid
1151 1583 1181 1604 es
1206 1572 1329 1603 tristis?
1360 1574 1455 1603 PAM.
1474 1571 1566 1602 Nihil
1579 1575 1639 1609 est,
1652 1574 1763 1603 mater.

311 1615 372 1646 So.
400 1616 485 1652 Quid
508 1618 595 1648 modo
617 1618 839 1648 tumultuatum
855 1616 926 1654 suit
949 1615 983 1646 in
1008 1616 1080 1646 istis
1100 1615 1240 1647 cedibus?
1262 1616 1313 1646 dic
1325 1615 1413 1655 mihi,
1428 1624 1468 1645 an
1482 1613 1666 1655 improvisus
1678 1615 1763 1645 dolor

310 1658 529 1691 Philumenam
553 1659 726 1700 corripuit?
771 1660 841 1691 ΡΗ.
865 1660 918 1690 Itu
938 1658 1063 1689 accidit.
1105 1659 1165 1690 So.
1192 1659 1283 1694 Quod
1306 1668 1406 1698 genus
1425 1657 1523 1687 morbz·
1545 1656 1616 1690 est?
1659 1658 1763 1689 PAM.

312 1700 434 1733 Febris.
478 1704 537 1734 So.
560 1702 613 1734 An
628 1702 809 1743 quotidiana
824 1706 869 1733 est
879 1701 896 1733 ,⁹
941 1702 1008 1733 ΡΑ.
1030 1701 1084 1731 Ita
1096 1703 1187 1741 vulgo
1195 1702 1314 1733 dicunt,
1358 1701 1388 1739 I,
1404 1710 1516 1741 quoeso,
1526 1700 1647 1731 domum
1657 1700 1740 1731 intro
1751 1710 1762 1731 .·

312 1753 479 1785 consequar
502 1756 575 1776 mox
600 1748 641 1776 te.
685 1746 784 1777 ΡΑΜ.
808 1746 866 1784 Tu,
884 1745 1049 1782 Parmam,
1063 1754 1152 1776 curre
1167 1744 1286 1775 obviam
1301 1744 1399 1775 servis
1412 1742 1612 1783 afferentibus
1625 1752 1717 1774 onera
1732 1745 1763 1773 et

310 1788 450 1819 sarcinas
463 1798 479 1819 e
493 1788 578 1826 navi,
594 1792 623 1819 et
640 1788 684 1819 eis
699 1788 908 1827 adjumentum
929 1787 1041 1828 proebe.
1086 1787 1181 1819 PAR.
1206 1787 1291 1822 Quid
1307 1797 1381 1826 opus
1393 1790 1435 1817 est
1453 1795 1501 1816 me
1515 1785 1564 1816 his
1578 1794 1736 1816 occurrere
1746 1784 1764 1816 ’.Ι

308 1839 406 1861 nonne
417 1831 519 1862 sciunt
541 1833 634 1871 viam,
648 1842 704 1872 per
719 1841 809 1872 quam
824 1832 943 1862 domum
959 1831 1111 1861 redeant?
1154 1831 1253 1862 ΡΑΜ.
1277 1829 1360 1865 Quid
1386 1830 1504 1868 tardus,
1523 1831 1681 1860 cunctaris
1703 1828 1761 1869 ire,

308 1883 366 1912 quo
381 1874 469 1905 dico?

935 1934 1174 1946 WOONW

313 2020 339 2051 si
358 2019 505 2058 diceret,
523 2019 601 2054 Quoe
616 2019 664 2051 illi
672 2018 809 2058 feceris!
854 2018 944 2050 Satis
960 2017 1094 2059 opinor,
1107 2021 1256 2055 constat,
1269 2015 1349 2058 (etsi
1364 2016 1464 2048 hodie
1475 2015 1542 2058 :hic
1558 2016 1763 2049 intervenerit

310 2063 439 2094 editum
457 2062 527 2101 sit,)
547 2063 626 2097 Quae
642 2062 696 2093 hic
713 2071 854 2093 numero
879 2061 1000 2101 plurali
1016 2060 1191 2101 accepisse
1216 2060 1406 2099 Donatum,
1422 2064 1458 2091 et
1472 2059 1613 2100 proinde
1629 2060 1763 2093 interve-

308 2107 412 2137 nerint
428 2105 549 2146 legisse
564 2116 571 2136 :
597 2105 686 2147 quod
703 2110 739 2136 et
756 2114 869 2136 versus
885 2104 959 2144 ipse
974 2104 1137 2144 postulat.
1160 2103 1258 2134 Rent.
1283 2112 1382 2144 quem
1397 2103 1549 2143 sequitur
1567 2103 1668 2134 Both.
1692 2107 1701 2121 ¹
1713 2103 1762 2134 in-

311 2149 479 2180 tervenerit
496 2149 593 2179 Bem.
612 2148 786 2189 ediditque
803 2148 861 2178 Fa.
877 2152 914 2178 et
926 2148 976 2178 sic
992 2145 1085 2177 refer
1101 2145 1143 2177 ad
1159 2147 1168 2162 ‘
1188 2144 1282 2177 rem.'
1313 2145 1381 2176 Alii
1394 2145 1573 2180 intervenit,
1589 2144 1679 2187 quod
1694 2155 1762 2177 me-

310 2192 374 2223 lius
390 2190 557 2222 referatur
571 2190 612 2221 ad
626 2200 770 2232 sequens
787 2190 797 2207 ‘
811 2189 896 2221 irae.'
923 2191 1026 2221 Bent.
1039 2194 1159 2230 suapte
1175 2187 1316 2220 libidine
1326 2188 1427 2229 jubet
1439 2198 1506 2229 quoe
1520 2197 1591 2219 esse
1605 2193 1763 2220 neutrum

312 2235 401 2275 plur.
417 2238 452 2265 et
462 2232 546 2265 facit
559 2232 804 2265 intervenerint!
826 2233 907 2274 Bip.
931 2234 940 2250 ‘
955 2232 1098 2264 Probat.
1119 2231 1333 2269 indicativus,
1346 2231 1395 2261 uti
1408 2231 1450 2261 al.
1466 2229 1616 2262 habent?
1632 2231 1764 2262 Peri.—

314 2280 354 2309 17
379 2277 483 2317 Ipsum
496 2277 597 2316 video,
611 2281 647 2308 et
661 2286 739 2308 mox
753 2286 770 2307 o
780 2276 825 2306 mi
837 2279 935 2315 gnate
949 2277 1044 2314 salve,
1059 2283 1174 2306 omnes
1191 2274 1275 2305 Mss.
1298 2274 1397 2304 Boecl.
1434 2273 1494 2304 Est
1510 2274 1620 2304 versui
1636 2273 1763 2304 incom-

313 2320 430 2351 modat
445 2330 454 2357 3
476 2324 525 2358 et,
540 2329 592 2350 me
603 2319 735 2360 judice,
752 2318 958 2359 ejiciendum
975 2324 1039 2350 est.
1084 2318 1141 2349 Sic
1157 2316 1286 2348 Heaut.
1301 2325 1336 2347 v.
1354 2319 1384 2347 3.
1400 2319 1453 2347 21.
1477 2315 1487 2332 ‘
1500 2315 1558 2346 set
1575 2315 1648 2357 ipse
1664 2325 1761 2356 egre-

314 2363 420 2401 ditur,
436 2371 534 2403 quam
551 2372 688 2392 severus
702 2362 722 2394 !’
756 2362 818 2392 Cui
835 2362 897 2392 hoc
911 2361 1020 2391 minus
1037 2360 1165 2400 placet,
1180 2360 1273 2398 legat
1292 2359 1395 2394 Quam
1406 2357 1534 2389 tristis't
1545 2369 1555 2389 .·
1580 2359 1646 2398 vel,
1661 2359 1764 2394 Quam

312 2406 417 2436 tristis
432 2408 479 2436 est
490 2404 506 2436 ,Ι
527 2405 570 2435 mi
582 2409 700 2443 gnate;
724 2409 762 2435 ut
776 2414 853 2434 mox
870 2404 945 2435 Mea
956 2406 1054 2434 mater
1065 2402 1137 2433 sine
1156 2402 1197 2433 Ο.
1218 2402 1321 2432 Bent.
1344 2401 1448 2432 tristis
1464 2401 1566 2432 Both.
1583 2411 1650 2441 quo
1663 2406 1765 2442 teste,

314 2448 324 2465 ‘
342 2451 387 2479 est
404 2448 444 2478 ab
465 2447 542 2478 Hel.
561 2447 671 2487 abest,
685 2452 780 2478 recte
797 2447 1027 2487 quidem‚qnae
1045 2444 1283 2476 etBentleium
1299 2444 1386 2474 male
1401 2442 1541 2474 habuit-²
1585 2444 1672 2475 Post
1686 2443 1762 2474 tris-

315 2492 357 2522 tis
372 2494 415 2521 est
433 2500 551 2521 novam
567 2499 703 2521 scenam
717 2488 848 2520 faciunt
857 2490 934 2530 Bip.
945 2488 1135 2520 Both.—-18
1163 2487 1287 2518 Venisse
1303 2490 1332 2517 te
1346 2487 1465 2517 salvum
1479 2486 1545 2517 duo
1562 2486 1646 2517 Mss.
1663 2486 1764 2518 Boecz.

319 2533 445 2565 Venisse
460 2536 489 2564 te
506 2531 623 2564 Guelf.
639 2536 670 2563 2.
716 2533 814 2563 Bem.
829 2533 966 2563 saluam.-
989 2538 1024 2562 at
1038 2530 1141 2571 aliqui
1158 2530 1226 2569 alii,
1242 2534 1276 2560 et
1292 2529 1325 2559 in
1341 2529 1381 2560 iis
1397 2530 1489 2560 Vict.
1506 2534 1541 2560 et
1556 2529 1648 2568 Bas„
1662 2528 1761 2560 item-

314 2585 379 2616 que
396 2576 561 2616 Donatus,
576 2576 684 2606 salvan
697 2575 836 2607 liabent.
870 2576 918 2605 ita
934 2584 1050 2605 versus
1067 2578 1120 2604 est
1133 2577 1267 2604 tetram.
1279 2571 1389 2603 lamb.
1401 2572 1577 2603 acatalect.
1589 2576 1626 2602 ut
1640 2572 1762 2603 ceteri.

316 2619 375 2650 Fa.
419 2618 539 2650 Nostri
567 2628 683 2649 omnes
707 2618 824 2648 salvan.
861 2618 961 2648 Bent.
1017 2620 1047 2647 te
1072 2617 1111 2646 ad
1134 2615 1252 2646 venisse
1279 2613 1393 2645 Guelf.
1409 2616 1524 2645 3.--22
1549 2613 1762 2648 Quotidianan

315 2669 431 2691 omnes
447 2661 530 2691 Mss.
547 2661 645 2691 Boecl.
684 2661 833 2691 Plusculi
851 2661 932 2692 Mss.
948 2664 983 2691 et
999 2658 1076 2690 edd.
1091 2663 1175 2690 vett.
1193 2662 1269 2698 post
1283 2657 1354 2689 ΕΡ.
1371 2655 1551 2697 quotidian'.
1573 2656 1683 2688 West.
1709 2666 1760 2687 co-

315 2703 415 2734 tidian
432 2703 476 2734 G.
494 2703 661 2734 EM.—-24
684 2703 779 2734 Bem.
794 2708 830 2734 et
846 2703 1016 2741 Donatus,
1041 2705 1133 2741 atque
1157 2701 1211 2732 eis.
1245 2700 1303 2731 Fa.
1357 2700 1437 2730 Duo
1464 2698 1570 2730 nostri
1586 2698 1760 2730 veterrimi

311 2749 403 2787 atque
417 2746 468 2778 iis.
491 2745 594 2776 Bent.
617 2745 666 2778 sic
679 2745 756 2786 Bip.
773 2746 833 2777 Br.
851 2745 1032 2778 Perl.--25
1057 2744 1210 2776 Nesciunt
1227 2743 1268 2784 B,
1285 2742 1364 2775 Hel.
1376 2751 1420 2774 ex
1433 2741 1558 2782 interp.
1574 2741 1647 2782 quid
1660 2741 1688 2773 si
1700 2751 1760 2773 non
