1966 3302
296 216 382 258 5372
793 226 831 254 P.
864 223 1107 254 TERENTn
1142 223 1259 253 Arm

296 323 448 365 Alium
469 323 734 377 quaerebam,
754 321 839 362 iter
857 319 942 360 hac
966 318 1117 368 habui,
1139 318 1327 372 periisti.
1387 316 1481 359 GN.
1514 315 1613 367 Eia,
1634 311 1755 357 haud

470 391 534 431 sic
556 390 697 431 decet.
1404 420 1407 423 .
1697 385 1757 426 35

298 461 388 502 PH.
421 460 602 501 Dictum
624 462 707 499 est.
767 456 862 497 GN.
895 455 1000 496 Non
1022 466 1248 508 cognosco
1278 457 1474 495 vestrum
1496 458 1586 494 tam
1604 465 1757 508 super-

471 529 589 568 bum.
650 526 741 566 ΡΗ.
774 525 850 566 Sic
871 525 965 564 erit.

299 596 394 638 GN.
432 597 564 637 Prius
597 595 744 636 audite
768 593 950 647 paucis;
987 590 1106 646 quod
1136 603 1239 632 cum
1260 590 1434 639 dixero,
1458 589 1496 630 si
1524 588 1756 642 placuerit,

298 663 516 706 Facitote.
576 663 666 704 PH.
698 661 964 703 Audiamus.
1025 659 1120 701 GN.
1150 658 1220 700 Tu
1249 656 1448 699 concede
1478 655 1663 711 paulum
1696 655 1756 696 is—

470 737 563 781 tue,
580 730 769 771 Thraso.
1573 777 1575 782 Ι

297 800 526 854 Principio
563 811 644 851 ego
684 810 766 839 vos
808 796 982 838 credere
1022 795 1179 836 ambos
1214 793 1301 835 hoc
1329 790 1439 834 mihi
1478 791 1759 834 vehementer

472 868 621 917 velim,

299 935 393 987 Me,
413 935 543 990 hujus
561 934 767 988 quicquid
783 933 915 983 facio,
929 933 973 973 id
989 932 1134 973 facere
1150 942 1358 973 maxume
1378 941 1518 971 causa
1533 941 1661 971 mea:
1702 929 1759 970 40

297 1004 466 1046 Verum
487 1003 606 1044 idem
627 1002 665 1043 si
687 1002 811 1043 vobis
833 1001 1028 1054 prodest,
1047 1012 1130 1041 vos
1152 1011 1239 1039 non
1254 998 1417 1048 facere,
1439 996 1620 1039 inscitia
1640 995 1714 1038 'st.

298 1118 371 1157 erit,
385 1119 464 1159 quod
478 1119 563 1149 dicas
577 1118 675 1149 mihi.-
701 1118 862 1154 Quendam
887 1117 983 1148 alium
1008 1115 1196 1156 quaerebam,
1218 1119 1286 1155 aut,
1315 1115 1382 1146 Iter
1406 1114 1485 1146 mihi
1500 1113 1634 1152 hocsuit
1644 1123 1657 1150 ,-
1678 1111 1762 1144 illico

296 1161 425 1203 peribis.
472 1162 543 1194 GN.
570 1162 633 1192 Eia
647 1170 707 1192 non
730 1162 774 1192 sic
798 1161 938 1191 convenit
956 1160 1076 1198 facere.
1123 1159 1194 1190 ΡΗ.
1219 1158 1307 1189 Satis
1332 1159 1387 1189 hoc
1410 1158 1543 1200 sufficiat
1565 1156 1683 1188 dictum
1705 1155 1764 1186 tibi

290 1204 407 1243 fuisse.
454 1205 525 1237 GN.
551 1205 626 1235 Non
649 1213 701 1235 vos
727 1214 873 1243 cognosco
897 1206 962 1233 tom
986 1202 1131 1242 superbos
1156 1211 1230 1232 esse.
1275 1201 1348 1233 ΡΗ.
1379 1200 1432 1232 Sic
1449 1201 1523 1242 fiet.
1569 1199 1641 1231 GN.
1666 1198 1764 1230 Prius

299 1248 406 1290 audite
420 1258 488 1289 quoe
510 1247 644 1278 breviter
666 1247 787 1278 dicam.-
811 1248 876 1277 hwc
898 1246 949 1277 ubi
965 1246 1085 1283 dixero,
1099 1245 1125 1275 si
1137 1248 1232 1284 grata
1239 1244 1378 1283 fuerint,
1384 1243 1498 1282 facite.
1543 1243 1619 1274 ΡΗ.
1642 1241 1766 1273 Audia-

299 1300 380 1322 mus.
427 1291 497 1323 GN.
524 1292 573 1322 Tu
587 1291 713 1321 abscede
734 1290 894 1331 paululum
924 1289 1016 1326 istuc,
1040 1289 1165 1319 Thraso.
1212 1287 1355 1318 Primum
1369 1287 1424 1317 hoc
1450 1296 1501 1317 vos
1527 1295 1617 1325 rogo,
1637 1288 1672 1316 ut
1686 1283 1764 1314 mihi

300 1334 447 1374 credatis,
462 1344 521 1374 wne,
539 1333 684 1375 quicquid
699 1334 732 1364 in
748 1333 804 1363 hac
826 1342 860 1363 re
872 1332 972 1370 facim
1000 1331 1033 1362 in
1051 1331 1160 1372 primis
1187 1330 1247 1361 mei
1270 1330 1378 1369 gratia
1395 1331 1428 1360 id
1442 1330 1550 1368 facere
1563 1339 1573 1358 .·
1596 1337 1714 1366 verum,
1736 1328 1764 1357 si

298 1376 380 1409 idem
395 1387 508 1419 quoque
523 1377 607 1409 vobis
621 1376 697 1408 utile
712 1379 770 1417 est,
785 1374 918 1407 stultitia
934 1378 991 1410 est,
1007 1375 1035 1405 si
1050 1375 1083 1404 id
1098 1384 1157 1405 non
1164 1373 1309 1412 faciatis.
1355 1373 1428 1404 Pu.
1449 1371 1607 1408 Quidnam
1621 1371 1676 1402 Ιιοσ
1693 1373 1740 1401 est
1753 1373 1766 1399 ¹?

918 1465 1157 1478 eeeeeeeeeeee

301 1523 439 1555 Donato
466 1522 691 1554 soloecismum
715 1522 822 1562 dicas,
847 1522 951 1553 stulto
979 1526 1014 1553 et
1038 1521 1137 1552 militi
1169 1519 1440 1552 convenientem.
1471 1518 1567 1549 Bent.
1614 1519 1641 1548 0
1668 1514 1766 1547 Miles

303 1565 421 1599 Guelf.
439 1568 557 1597 3.—34
580 1565 617 1596 Sz·
630 1566 663 1597 in
677 1566 780 1606 platea
795 1567 851 1597 hac
864 1569 893 1596 te
904 1565 1060 1606 offendero
1075 1568 1143 1605 post
1160 1573 1305 1604 unquam,
1326 1562 1406 1593 nihil
1420 1561 1506 1592 dicas
1519 1558 1614 1599 mihi]
1639 1558 1683 1590 O.
1699 1560 1720 1590 l.
1736 1568 1766 1590 s.

303 1613 474 1651 quotquot
490 1613 580 1648 sunt,
603 1609 652 1639 ita
668 1609 813 1640 habent:
841 1608 880 1640 Si
895 1612 924 1640 te
942 1609 973 1638 in
988 1609 1092 1649 platea
1107 1607 1265 1649 offendero
1279 1606 1349 1644 hac,
1369 1608 1438 1645 post
1456 1613 1590 1644 unquam
1615 1602 1696 1633 nihil
1720 1604 1768 1633 est

302 1653 382 1694 quod
397 1652 482 1683 dicas
496 1652 594 1683 mihi:
615 1652 664 1683 ita
680 1661 796 1683 versus
814 1655 905 1682 esset
920 1652 1112 1682 trochaicus
1142 1648 1488 1691 hypercatalecticus,
1512 1644 1705 1687 cujusmodi
1730 1648 1768 1675 et

303 1695 385 1726 alibi
402 1695 491 1734 apud
508 1695 706 1726 Terentium
724 1695 955 1726 inveniuntur.
1003 1694 1133 1732 Quare,
1149 1694 1175 1723 si
1194 1693 1267 1734 quis
1282 1692 1361 1722 hinc
1374 1690 1554 1721 detrahere
1573 1687 1653 1728 quid
1670 1687 1769 1727 velit,

303 1744 342 1770 ut
357 1748 491 1769 versum
507 1736 611 1768 faciat
629 1738 884 1778 catalecticum,
900 1736 1033 1778 negabo
1047 1747 1088 1767 ex
1106 1737 1178 1767 sola
1191 1736 1321 1766 ratione
1338 1743 1455 1765 versus
1471 1732 1505 1763 id
1521 1731 1636 1763 facere
1652 1730 1769 1770 licere,

304 1781 369 1812 nisi
386 1781 618 1812 testimonium
636 1781 799 1812 librorum
816 1782 1018 1821 scriptorum
1038 1779 1171 1810 afferat.
1216 1779 1286 1809 Nos
1311 1787 1394 1817 ergo
1418 1786 1459 1806 ex
1476 1773 1635 1806 Bembini
1651 1777 1769 1804 aucto-

304 1825 407 1855 ritate
434 1824 520 1854 hunc
547 1824 657 1854 locum
686 1823 918 1857 emendamus,
945 1822 1155 1853 detrahendo
1185 1821 1246 1851 has
1272 1821 1354 1851 duas
1383 1819 1561 1856 dictiones,
1593 1816 1674 1847 nihil
1701 1819 1769 1847 est:

304 1877 404 1907 quam
422 1867 601 1898 lectionem
620 1872 656 1898 et
673 1868 830 1897 Donatus
847 1867 901 1897 hic
918 1870 953 1897 et
970 1875 1072 1906 supra
1089 1866 1199 1896 Scena
1216 1867 1248 1895 7.
1266 1869 1362 1894 actus
1378 1861 1504 1903 quarti,
1529 1861 1556 1890 si
1573 1859 1660 1891 bene
1688 1867 1767 1889 con·

306 1909 479 1941 sidetetur
495 1910 528 1939 in
553 1909 648 1940 libris
665 1910 818 1948 scriptis,
842 1910 924 1940 lieet
952 1919 993 1940 ex
1018 1913 1116 1949 parte
1141 1906 1324 1946 corruptis,
1349 1909 1456 1936 tenet.
1502 1903 1595 1934 Puto
1622 1911 1686 1942 ego
1713 1901 1770 1932 illa

306 1954 372 1984 duo
391 1953 492 1983 verba
505 1952 585 1983 nihil
599 1956 645 1983 est
662 1953 704 1983 ab
719 1953 832 1992 aliquo
850 1952 1033 1991 inculcata,
1058 1951 1115 1992 qui
1140 1960 1206 1981 non
1232 1948 1442 1980 intellexerit
1457 1945 1609 1977 Terentii
1634 1944 1769 1975 modum

305 1995 477 2037 loquendi.
523 1995 591 2026 Hic
607 1996 695 2026 enim
721 1995 916 2026 adverbium
943 1996 951 2011 ⁵
968 1994 1076 2035 quod'
1103 1992 1273 2033 significat
1299 1991 1346 2030 id,
1371 1989 1459 2031 quod
1489 1989 1589 2028 vulgo
1614 1987 1769 2028 dicimus,

306 2044 468 2079 quantum
486 2038 528 2069 ad
545 2037 591 2069 id.
620 2038 673 2069 Fa.
723 2038 851 2068 Omnes
867 2038 974 2073 nostri
992 2038 1072 2068 nihil
1089 2040 1135 2067 est
1161 2037 1251 2077 quod.
1297 2035 1496 2074 Perperam.
1542 2032 1688 2070 Elegans
1715 2029 1770 2061 hie

307 2086 362 2112 est
387 2090 464 2112 usus
490 2081 667 2121 particulae
694 2082 703 2098 ‘
721 2080 835 2121 qnod!
860 2081 957 2111 Bent.
1009 2079 1168 2120 Unquam]
1194 2079 1233 2110 In
1263 2077 1350 2108 Pall.
1378 2079 1466 2107 teste
1498 2074 1581 2105 Par.
1608 2073 1688 2104 nihil
1712 2075 1769 2104 est.

308 2125 402 2157 Perl.
448 2124 548 2164 Legit
568 2124 696 2164 Delph.
713 2124 802 2164 qnod
821 2128 874 2154 est
891 2124 924 2153 in
942 2123 1037 2154 initio
1054 2123 1120 2163 huj.
1137 2123 1250 2159 Notae,
1272 2121 1335 2151 nisi
1351 2118 1439 2160 quod
1455 2117 1562 2148 habet
1583 2116 1663 2147 nihil
1678 2117 1770 2156 quod.

307 2167 402 2198 Nihil
416 2170 460 2197 est
477 2167 556 2206 quod
571 2167 716 2198 Br.—35
741 2166 827 2197 Heia
852 2167 911 2196 ΒΥ.
942 2167 1043 2196 Bent.
1069 2165 1170 2196 Both.
1196 2163 1378 2195 Perlffae
1405 2162 1549 2193 Vostrum
1575 2168 1674 2198 genus
1699 2163 1770 2189 tres

307 2210 396 2240 Pall.
420 2210 597 2241 Pera—38
620 2210 713 2248 Lege
726 2210 989 2249 paulumnssent.
1037 2209 1186 2239 Amlitote
1203 2205 1319 2237 Guelf.
1338 2208 1370 2236 3.
1415 2204 1514 2242 Huic,
1537 2203 1658 2233 omisso
1677 2203 1771 2241 istuc,

308 2255 340 2283 2.
363 2253 451 2283 Perl.
498 2252 633 2283 Paulum
648 2252 731 2283 dant
748 2253 827 2292 Bip.
844 2252 972 2292 Delph.
989 2252 1091 2282 Both.
1112 2251 1291 2281 Pei-l.-—39
1319 2248 1393 2280 Volo
1418 2248 1486 2278 Ms.
1513 2246 1601 2286 Lips.
1627 2244 1671 2276 G.
1688 2244 1771 2274 ΕΜ.

314 2295 413 2326 West.
460 2294 601 2335 Antiqui
616 2295 693 2325 libri
709 2300 744 2327 et
768 2296 835 2326 Do.
861 2295 909 2325 ita
935 2295 1116 2332 collocant,
1138 2303 1191 2324 vos
1215 2291 1317 2322 ambos
1336 2290 1467 2321 credere.
1490 2289 1550 2320 Fa.
1599 2288 1674 2317 Duo
1698 2291 1772 2317 tan-

309 2342 380 2368 tum
398 2347 442 2369 ex
458 2339 582 2368 nostris
596 2339 718 2369 credere
733 2339 857 2369 ambos:
882 2338 970 2377 qnod
1000 2343 1126 2374 tamen,
1150 2336 1201 2366 vel
1228 2335 1300 2365 sine
1328 2333 1405 2371 illis,
1431 2341 1546 2363 versus
1574 2330 1636 2360 sibi
1663 2328 1771 2360 vindi-

310 2385 419 2412 caret.
467 2381 576 2411 Porro
594 2390 709 2411 omnes
725 2382 851 2412 habent
866 2382 942 2419 volo,
967 2390 1032 2410 non
1059 2380 1163 2410 velim.
1210 2378 1254 2408 Et
1270 2377 1317 2407 sic
1335 2376 1424 2407 Edd.
1442 2378 1526 2405 vett.
1550 2374 1646 2404 Bent.
1698 2371 1772 2403 Volo

312 2424 355 2454 R.
373 2429 409 2454 et
436 2427 522 2455 vett.
552 2423 634 2455 libb.
659 2424 753 2454 Lind.
800 2424 914 2454 Ambos
942 2425 1065 2453 credere
1096 2423 1154 2452 ΒΓ.
1189 2421 1265 2459 Rip.
1298 2418 1420 2458 Delph.
1473 2417 1548 2448 Volo
1578 2416 1638 2446 Br.
1668 2415 1772 2445 Bent.

311 2467 438 2506 Delph.
456 2466 560 2497 Both.
578 2470 612 2496 et
628 2467 719 2497 Perl.
732 2466 786 2506 qui
805 2472 919 2496 monet
939 2466 1030 2496 velim
1059 2475 1132 2496 esse
1157 2464 1188 2494 in
1209 2461 1325 2494 Guelf.
1340 2463 1459 2492 3.—40
1484 2459 1612 2491 Faciam
1627 2458 1672 2488 G.
1690 2457 1772 2488 EM.

317 2509 415 2539 West.
464 2509 591 2539 Faciam
612 2509 687 2539 libri
706 2519 823 2540 omnes
840 2519 915 2539 cum
945 2509 1023 2539 edd.
1052 2512 1135 2538 vett.
1161 2508 1257 2537 Bent.
1302 2504 1433 2535 Faciam
1460 2503 1540 2533 Vet.
1569 2500 1654 2532 Cod.
1679 2500 1774 2530 Lz'nd.

312 2552 369 2582 Sic
389 2552 446 2581 ΒΓ.
461 2552 561 2582 Bent.
581 2552 707 2591 Delph.
726 2552 803 2591 Rip.
821 2552 922 2582 Both.
941 2556 977 2582 et
1003 2552 1093 2581 Perl.
1110 2550 1165 2591 qui
1192 2553 1288 2580 notat
1305 2548 1393 2585 facio
1420 2556 1493 2577 esse
1510 2545 1542 2576 in
1565 2541 1679 2574 Guelf.
1697 2545 1773 2573 3.-

312 2597 351 2624 41
384 2595 496 2624 Verum
519 2595 551 2624 id
574 2594 601 2624 si
617 2594 717 2634 vobis]
741 2595 785 2624 Ο.
802 2595 825 2625 Ι.
843 2604 869 2625 s.
887 2599 923 2625 et
941 2595 1108 2633 Donatus,
1131 2593 1244 2624 Verum
1259 2592 1288 2622 si
1310 2592 1413 2622 idem:
1437 2598 1499 2620 nec
1517 2596 1632 2619 versus
1650 2594 1774 2627 repug-

969 2668 1112 2700 NOTAE

358 2741 399 2769 38
424 2738 470 2768 Tu
484 2737 610 2769 concede
631 2737 754 2776 paulum
777 2735 869 2773 istuc,
887 2734 1020 2775 Thraso]
1074 2734 1142 2765 rari
1159 2731 1283 2764 audiat.

317 2788 357 2818 Id
375 2787 457 2818 facit
475 2787 625 2825 Gnatho,
644 2796 683 2817 ne
709 2786 809 2817 Miles
833 2794 868 2816 se
886 2785 1017 2825 vitupe-
