<?xml version="1.0" encoding="UTF-8"?>
<!DOCTYPE html PUBLIC "-//W3C//DTD XHTML 1.0 Transitional//EN"
    "http://www.w3.org/TR/xhtml1/DTD/xhtml1-transitional.dtd">
<html xmlns="http://www.w3.org/1999/xhtml" xml:lang="en" lang="en">
 <head>
  <title>
</title>
<meta http-equiv="Content-Type" content="text/html;charset=utf-8" />
  <meta name='ocr-system' content='tesseract 3.04.00' />
  <meta name='ocr-capabilities' content='ocr_page ocr_carea ocr_par ocr_line ocrx_word'/>
</head>
<body>
  <div class='ocr_page' id='page_1' title='image "./pubterentiiafric02tereuoft_0156.png"; bbox 0 0 1966 3302; ppageno 0'>
   <div class='ocr_carea' id='block_1_1' title="bbox 330 257 1292 299">
    <p class='ocr_par' dir='ltr' id='par_1_1' title="bbox 330 257 1292 299">
     <span class='ocr_line' id='line_1_1' title="bbox 330 257 1292 299; baseline -0.007 0"><span class='ocrx_word' id='word_1_1' title='bbox 330 257 417 299; x_wconf 80' lang='lat'><em>646</em></span> <span class='ocrx_word' id='word_1_2' title='bbox 825 265 865 294; x_wconf 85' lang='lat' dir='ltr'><em>P.</em></span> <span class='ocrx_word' id='word_1_3' title='bbox 897 263 1140 293; x_wconf 78' lang='lat' dir='ltr'>TERENTH</span> <span class='ocrx_word' id='word_1_4' title='bbox 1176 263 1292 294; x_wconf 71' lang='lat' dir='ltr'><em>Arm</em></span> 
     </span>
    </p>
   </div>
   <div class='ocr_carea' id='block_1_2' title="bbox 327 354 1788 1157">
    <p class='ocr_par' dir='ltr' id='par_1_2' title="bbox 330 354 1706 549">
     <span class='ocr_line' id='line_1_2' title="bbox 330 354 1677 415; baseline -0.007 -10"><span class='ocrx_word' id='word_1_5' title='bbox 330 363 435 405; x_wconf 91' lang='lat' dir='ltr'><em>Non</em></span> <span class='ocrx_word' id='word_1_6' title='bbox 456 363 540 404; x_wconf 85' lang='lat' dir='ltr'><em>tibi</em></span> <span class='ocrx_word' id='word_1_7' title='bbox 562 375 641 415; x_wconf 84' lang='lat' dir='ltr'><em>ego</em></span> <span class='ocrx_word' id='word_1_8' title='bbox 662 359 853 414; x_wconf 86' lang='lat' dir='ltr'><em>exempli</em></span> <span class='ocrx_word' id='word_1_9' title='bbox 874 358 984 400; x_wconf 79' lang='lat' dir='ltr'><em>satis</em></span> <span class='ocrx_word' id='word_1_10' title='bbox 1005 358 1131 399; x_wconf 73' lang='lat' dir='ltr'><strong>sum‘?</strong></span> <span class='ocrx_word' id='word_1_11' title='bbox 1192 357 1280 398; x_wconf 81' lang='lat' dir='ltr'><em>CH.</em></span> <span class='ocrx_word' id='word_1_12' title='bbox 1313 357 1414 398; x_wconf 81' lang='lat' dir='ltr'><em>Prae</em></span> <span class='ocrx_word' id='word_1_13' title='bbox 1434 354 1677 404; x_wconf 84' lang='lat' dir='ltr'><strong>iracundia,</strong></span> 
     </span>
     <span class='ocr_line' id='line_1_3' title="bbox 330 423 1706 479; baseline -0.007 -7"><span class='ocrx_word' id='word_1_14' title='bbox 330 431 609 479; x_wconf 85' lang='lat' dir='ltr'><em>Menedeme,</em></span> <span class='ocrx_word' id='word_1_15' title='bbox 631 441 719 469; x_wconf 86' lang='lat' dir='ltr'><em>non</em></span> <span class='ocrx_word' id='word_1_16' title='bbox 740 440 836 468; x_wconf 87' lang='lat' dir='ltr'><strong>sum</strong></span> <span class='ocrx_word' id='word_1_17' title='bbox 859 425 978 479; x_wconf 86' lang='lat' dir='ltr'><em>apud</em></span> <span class='ocrx_word' id='word_1_18' title='bbox 1001 438 1083 465; x_wconf 86' lang='lat' dir='ltr'><em>me.</em></span> <span class='ocrx_word' id='word_1_19' title='bbox 1143 424 1241 465; x_wconf 85' lang='lat' dir='ltr'><em>ME.</em></span> <span class='ocrx_word' id='word_1_20' title='bbox 1270 424 1392 465; x_wconf 87' lang='lat' dir='ltr'><em>Tene</em></span> <span class='ocrx_word' id='word_1_21' title='bbox 1412 424 1529 465; x_wconf 87' lang='lat' dir='ltr'><em>istuc</em></span> <span class='ocrx_word' id='word_1_22' title='bbox 1549 423 1672 477; x_wconf 89' lang='lat' dir='ltr'><em>loqui</em></span> <span class='ocrx_word' id='word_1_23' title='bbox 1686 423 1706 463; x_wconf 68' lang='grc' dir='ltr'><em>’ἒ</em></span> 
     </span>
     <span class='ocr_line' id='line_1_4' title="bbox 331 492 1470 549; baseline -0.007 -9"><span class='ocrx_word' id='word_1_24' title='bbox 331 499 490 540; x_wconf 87' lang='lat' dir='ltr'><em>Nonne</em></span> <span class='ocrx_word' id='word_1_25' title='bbox 509 498 553 539; x_wconf 89' lang='lat' dir='ltr'><em>id</em></span> <span class='ocrx_word' id='word_1_26' title='bbox 572 497 787 549; x_wconf 84' lang='lat' dir='ltr'><em>flagitium</em></span> <span class='ocrx_word' id='word_1_27' title='bbox 808 494 880 544; x_wconf 87' lang='lat' dir='ltr'><em>&#39;st‚</em></span> <span class='ocrx_word' id='word_1_28' title='bbox 903 498 945 535; x_wconf 89' lang='lat' dir='ltr'><em>te</em></span> <span class='ocrx_word' id='word_1_29' title='bbox 968 493 1069 534; x_wconf 89' lang='lat' dir='ltr'><em>aliis</em></span> <span class='ocrx_word' id='word_1_30' title='bbox 1092 492 1333 534; x_wconf 83' lang='lat' dir='ltr'><em>consilium</em></span> <span class='ocrx_word' id='word_1_31' title='bbox 1353 492 1470 541; x_wconf 88' lang='lat' dir='ltr'><em>dare,</em></span> 
     </span>
    </p>

    <p class='ocr_par' dir='ltr' id='par_1_3' title="bbox 327 558 1788 820">
     <span class='ocr_line' id='line_1_5' title="bbox 331 558 1788 619; baseline -0.007 -11"><span class='ocrx_word' id='word_1_32' title='bbox 331 567 461 608; x_wconf 88' lang='lat' dir='ltr'><em>Foris</em></span> <span class='ocrx_word' id='word_1_33' title='bbox 482 577 659 619; x_wconf 88' lang='lat' dir='ltr'><em>sapere;</em></span> <span class='ocrx_word' id='word_1_34' title='bbox 689 563 769 605; x_wconf 89' lang='lat' dir='ltr'><em>tibi</em></span> <span class='ocrx_word' id='word_1_35' title='bbox 788 575 876 604; x_wconf 90' lang='lat' dir='ltr'><em>non</em></span> <span class='ocrx_word' id='word_1_36' title='bbox 894 575 1029 616; x_wconf 87' lang='lat' dir='ltr'><em>posse</em></span> <span class='ocrx_word' id='word_1_37' title='bbox 1050 560 1303 602; x_wconf 83' lang='lat' dir='ltr'><em>auxiliarier</em></span> <span class='ocrx_word' id='word_1_38' title='bbox 1318 561 1337 600; x_wconf 69' lang='lat'><em>&#39;2</em></span> <span class='ocrx_word' id='word_1_39' title='bbox 1732 558 1788 598; x_wconf 82' lang='lat'><em>50</em></span> 
     </span>
     <span class='ocr_line' id='line_1_6' title="bbox 331 627 1787 684; baseline -0.007 -9"><span class='ocrx_word' id='word_1_40' title='bbox 331 633 421 676; x_wconf 82' lang='lat' dir='ltr'><em>CH.</em></span> <span class='ocrx_word' id='word_1_41' title='bbox 454 633 576 684; x_wconf 86' lang='lat' dir='ltr'>Quid</span> <span class='ocrx_word' id='word_1_42' title='bbox 597 632 793 673; x_wconf 75' lang='lat' dir='ltr'><em>faciam‘!</em></span> <span class='ocrx_word' id='word_1_43' title='bbox 846 630 940 672; x_wconf 78' lang='grc' dir='ltr'><em>Μκ.</em></span> <span class='ocrx_word' id='word_1_44' title='bbox 962 629 1015 671; x_wconf 90' lang='lat' dir='ltr'><em>Id</em></span> <span class='ocrx_word' id='word_1_45' title='bbox 1035 629 1151 683; x_wconf 92' lang='lat' dir='ltr'><em>quod</em></span> <span class='ocrx_word' id='word_1_46' title='bbox 1172 642 1242 669; x_wconf 88' lang='lat' dir='ltr'><em>me</em></span> <span class='ocrx_word' id='word_1_47' title='bbox 1262 628 1421 668; x_wconf 85' lang='lat' dir='ltr'><em>fecisse</em></span> <span class='ocrx_word' id='word_1_48' title='bbox 1443 627 1595 667; x_wconf 81' lang='lat' dir='ltr'><strong>aiebas</strong></span> <span class='ocrx_word' id='word_1_49' title='bbox 1614 636 1787 680; x_wconf 86' lang='lat' dir='ltr'><em>parum.</em></span> 
     </span>
     <span class='ocr_line' id='line_1_7' title="bbox 331 696 1736 755; baseline -0.007 -12"><span class='ocrx_word' id='word_1_50' title='bbox 331 703 424 744; x_wconf 87' lang='lat' dir='ltr'><em>Fac</em></span> <span class='ocrx_word' id='word_1_51' title='bbox 446 707 489 742; x_wconf 83' lang='lat' dir='ltr'><em>te</em></span> <span class='ocrx_word' id='word_1_52' title='bbox 507 705 681 755; x_wconf 83' lang='lat' dir='ltr'><em>patrem</em></span> <span class='ocrx_word' id='word_1_53' title='bbox 701 713 797 740; x_wconf 88' lang='lat' dir='ltr'><em>esse</em></span> <span class='ocrx_word' id='word_1_54' title='bbox 819 698 1001 751; x_wconf 83' lang='lat' dir='ltr'><em>seutiat3</em></span> <span class='ocrx_word' id='word_1_55' title='bbox 1032 698 1104 739; x_wconf 87' lang='lat' dir='ltr'><em>fac</em></span> <span class='ocrx_word' id='word_1_56' title='bbox 1126 702 1176 737; x_wconf 86' lang='lat' dir='ltr'><em>ut</em></span> <span class='ocrx_word' id='word_1_57' title='bbox 1197 696 1356 737; x_wconf 81' lang='lat' dir='ltr'><strong>audeat</strong></span> <span class='ocrx_word' id='word_1_58' title='bbox 1733 709 1736 712; x_wconf 50' lang='lat'><strong>&gt;</strong></span> 
     </span>
     <span class='ocr_line' id='line_1_8' title="bbox 327 767 1456 820; baseline -0.008 -9"><span class='ocrx_word' id='word_1_59' title='bbox 327 770 430 811; x_wconf 80' lang='lat' dir='ltr'><em>Tibi</em></span> <span class='ocrx_word' id='word_1_60' title='bbox 451 768 625 810; x_wconf 88' lang='lat' dir='ltr'><em>credere</em></span> <span class='ocrx_word' id='word_1_61' title='bbox 646 768 810 816; x_wconf 83' lang='lat' dir='ltr'><em>omnia,</em></span> <span class='ocrx_word' id='word_1_62' title='bbox 832 767 914 807; x_wconf 88' lang='lat' dir='ltr'><em>abs</em></span> <span class='ocrx_word' id='word_1_63' title='bbox 936 769 976 806; x_wconf 86' lang='lat' dir='ltr'><em>te</em></span> <span class='ocrx_word' id='word_1_64' title='bbox 996 770 1158 820; x_wconf 86' lang='lat' dir='ltr'><em>petere,</em></span> <span class='ocrx_word' id='word_1_65' title='bbox 1178 769 1223 805; x_wconf 84' lang='lat' dir='ltr'><em>et</em></span> <span class='ocrx_word' id='word_1_66' title='bbox 1245 775 1456 817; x_wconf 81' lang='lat' dir='ltr'><em>poscere3</em></span> 
     </span>
    </p>

    <p class='ocr_par' dir='ltr' id='par_1_4' title="bbox 329 832 1468 891">
     <span class='ocr_line' id='line_1_9' title="bbox 329 832 1468 891; baseline -0.008 -11"><span class='ocrx_word' id='word_1_67' title='bbox 329 837 404 880; x_wconf 88' lang='lat' dir='ltr'><em>Ne</em></span> <span class='ocrx_word' id='word_1_68' title='bbox 427 850 560 891; x_wconf 85' lang='lat' dir='ltr'><em>quam</em></span> <span class='ocrx_word' id='word_1_69' title='bbox 583 835 713 877; x_wconf 81' lang='lat' dir='ltr'><em>aliam</em></span> <span class='ocrx_word' id='word_1_70' title='bbox 735 838 904 888; x_wconf 85' lang='lat' dir='ltr'><em>quaerat</em></span> <span class='ocrx_word' id='word_1_71' title='bbox 923 833 1112 888; x_wconf 86' lang='lat' dir='ltr'><em>copiam,</em></span> <span class='ocrx_word' id='word_1_72' title='bbox 1135 845 1188 874; x_wconf 86' lang='lat' dir='ltr'><em>ac</em></span> <span class='ocrx_word' id='word_1_73' title='bbox 1209 835 1252 872; x_wconf 84' lang='lat' dir='ltr'><em>te</em></span> <span class='ocrx_word' id='word_1_74' title='bbox 1273 832 1468 872; x_wconf 85' lang='lat' dir='ltr'><em>deserat.</em></span> 
     </span>
    </p>

    <p class='ocr_par' dir='ltr' id='par_1_5' title="bbox 330 897 1784 1025">
     <span class='ocr_line' id='line_1_10' title="bbox 330 897 1784 953; baseline -0.008 -6"><span class='ocrx_word' id='word_1_75' title='bbox 330 905 421 948; x_wconf 85' lang='lat' dir='ltr'><em>CH.</em></span> <span class='ocrx_word' id='word_1_76' title='bbox 453 905 595 946; x_wconf 90' lang='lat' dir='ltr'><strong>Immo</strong></span> <span class='ocrx_word' id='word_1_77' title='bbox 615 905 762 951; x_wconf 87' lang='lat' dir='ltr'><em>abeat,</em></span> <span class='ocrx_word' id='word_1_78' title='bbox 782 902 918 942; x_wconf 81' lang='lat' dir='ltr'><em>multo</em></span> <span class='ocrx_word' id='word_1_79' title='bbox 938 901 1069 948; x_wconf 88' lang='lat' dir='ltr'><em>malo,</em></span> <span class='ocrx_word' id='word_1_80' title='bbox 1091 899 1251 953; x_wconf 90' lang='lat' dir='ltr'><em>quovis</em></span> <span class='ocrx_word' id='word_1_81' title='bbox 1271 898 1478 951; x_wconf 84' lang='lat' dir='ltr'><em>gentium,</em></span> <span class='ocrx_word' id='word_1_82' title='bbox 1727 897 1784 937; x_wconf 81' lang='lat'><em>55</em></span> 
     </span>
     <span class='ocr_line' id='line_1_11' title="bbox 331 967 1602 1025; baseline -0.007 -10"><span class='ocrx_word' id='word_1_83' title='bbox 331 974 478 1025; x_wconf 82' lang='lat' dir='ltr'><em>Quam</em></span> <span class='ocrx_word' id='word_1_84' title='bbox 497 972 571 1013; x_wconf 92' lang='lat' dir='ltr'><em>hic</em></span> <span class='ocrx_word' id='word_1_85' title='bbox 588 985 666 1025; x_wconf 88' lang='lat' dir='ltr'><em>per</em></span> <span class='ocrx_word' id='word_1_86' title='bbox 684 970 899 1023; x_wconf 83' lang='lat' dir='ltr'><em>flagitium</em></span> <span class='ocrx_word' id='word_1_87' title='bbox 923 969 979 1010; x_wconf 89' lang='lat' dir='ltr'><em>ad</em></span> <span class='ocrx_word' id='word_1_88' title='bbox 1002 969 1195 1023; x_wconf 85' lang='lat' dir='ltr'><em>inopiam</em></span> <span class='ocrx_word' id='word_1_89' title='bbox 1217 967 1388 1019; x_wconf 83' lang='lat' dir='ltr'><em>redigat</em></span> <span class='ocrx_word' id='word_1_90' title='bbox 1407 969 1602 1019; x_wconf 86' lang='lat' dir='ltr'><em>patrem:</em></span> 
     </span>
    </p>

    <p class='ocr_par' dir='ltr' id='par_1_6' title="bbox 332 1036 1334 1093">
     <span class='ocr_line' id='line_1_12' title="bbox 332 1036 1334 1093; baseline -0.009 -10"><span class='ocrx_word' id='word_1_91' title='bbox 332 1043 467 1091; x_wconf 87' lang='lat' dir='ltr'><em>Nam,</em></span> <span class='ocrx_word' id='word_1_92' title='bbox 490 1041 528 1081; x_wconf 89' lang='lat' dir='ltr'><em>si</em></span> <span class='ocrx_word' id='word_1_93' title='bbox 548 1040 612 1081; x_wconf 88' lang='lat' dir='ltr'><em>illi</em></span> <span class='ocrx_word' id='word_1_94' title='bbox 633 1052 766 1093; x_wconf 88' lang='lat' dir='ltr'><em>pergo</em></span> <span class='ocrx_word' id='word_1_95' title='bbox 790 1037 1080 1093; x_wconf 82' lang='lat' dir='ltr'>suppeditare</span> <span class='ocrx_word' id='word_1_96' title='bbox 1102 1036 1334 1083; x_wconf 80' lang='lat' dir='ltr'><strong>sumtibus,</strong></span> 
     </span>
    </p>

    <p class='ocr_par' dir='ltr' id='par_1_7' title="bbox 331 1099 1496 1157">
     <span class='ocr_line' id='line_1_13' title="bbox 331 1099 1496 1157; baseline -0.009 -7"><span class='ocrx_word' id='word_1_97' title='bbox 331 1108 607 1157; x_wconf 84' lang='lat' dir='ltr'><em>Menedeme,</em></span> <span class='ocrx_word' id='word_1_98' title='bbox 627 1106 733 1147; x_wconf 84' lang='lat' dir='ltr'><em>mihi</em></span> <span class='ocrx_word' id='word_1_99' title='bbox 753 1106 870 1147; x_wconf 84' lang='lat' dir='ltr'><em>illaec</em></span> <span class='ocrx_word' id='word_1_100' title='bbox 896 1118 996 1146; x_wconf 86' lang='lat' dir='ltr'><em>vere</em></span> <span class='ocrx_word' id='word_1_101' title='bbox 1017 1104 1073 1145; x_wconf 91' lang='lat' dir='ltr'><em>ad</em></span> <span class='ocrx_word' id='word_1_102' title='bbox 1095 1107 1260 1144; x_wconf 84' lang='lat' dir='ltr'><em>rastros</em></span> <span class='ocrx_word' id='word_1_103' title='bbox 1282 1113 1352 1142; x_wconf 88' lang='lat' dir='ltr'><em>res</em></span> <span class='ocrx_word' id='word_1_104' title='bbox 1370 1099 1496 1142; x_wconf 84' lang='lat' dir='ltr'><em>redit.</em></span> 
     </span>
    </p>
   </div>
   <div class='ocr_carea' id='block_1_3' title="bbox 321 1217 1791 1653">
    <p class='ocr_par' dir='ltr' id='par_1_8' title="bbox 321 1217 1791 1653">
     <span class='ocr_line' id='line_1_14' title="bbox 329 1217 1789 1268; baseline -0.005 -10"><span class='ocrx_word' id='word_1_105' title='bbox 329 1236 397 1258; x_wconf 82' lang='lat' dir='ltr'><em>sum</em></span> <span class='ocrx_word' id='word_1_106' title='bbox 412 1227 567 1268; x_wconf 70' lang='lat' dir='ltr'><em>sufficiens</em></span> <span class='ocrx_word' id='word_1_107' title='bbox 582 1226 755 1266; x_wconf 78' lang='lat' dir='ltr'><em>exemplum</em></span> <span class='ocrx_word' id='word_1_108' title='bbox 770 1222 855 1257; x_wconf 81' lang='lat' dir='ltr'><em>tibi?</em></span> <span class='ocrx_word' id='word_1_109' title='bbox 901 1223 969 1256; x_wconf 77' lang='lat' dir='ltr'><em>CH.</em></span> <span class='ocrx_word' id='word_1_110' title='bbox 998 1223 1027 1254; x_wconf 93' lang='grc' dir='ltr'><em>Ο</em></span> <span class='ocrx_word' id='word_1_111' title='bbox 1044 1223 1238 1261; x_wconf 66' lang='lat' dir='ltr'><em>Menedemo,</em></span> <span class='ocrx_word' id='word_1_112' title='bbox 1254 1233 1313 1254; x_wconf 83' lang='grc' dir='ltr'><em>ποη</em></span> <span class='ocrx_word' id='word_1_113' title='bbox 1329 1232 1396 1253; x_wconf 83' lang='lat' dir='ltr'><em>sum</em></span> <span class='ocrx_word' id='word_1_114' title='bbox 1410 1223 1469 1253; x_wconf 80' lang='lat' dir='ltr'><em>mei</em></span> <span class='ocrx_word' id='word_1_115' title='bbox 1483 1231 1612 1261; x_wconf 80' lang='lat' dir='ltr'><em>compos,</em></span> <span class='ocrx_word' id='word_1_116' title='bbox 1627 1217 1702 1252; x_wconf 81' lang='lat' dir='ltr'><em>adeo</em></span> <span class='ocrx_word' id='word_1_117' title='bbox 1721 1228 1789 1252; x_wconf 80' lang='lat' dir='ltr'><em>sum</em></span> 
     </span>
     <span class='ocr_line' id='line_1_15' title="bbox 329 1265 1790 1307; baseline -0.004 -6"><span class='ocrx_word' id='word_1_118' title='bbox 329 1271 379 1301; x_wconf 78' lang='lat' dir='ltr'><em>ira</em></span> <span class='ocrx_word' id='word_1_119' title='bbox 394 1274 569 1302; x_wconf 79' lang='lat' dir='ltr'><em>commotus.</em></span> <span class='ocrx_word' id='word_1_120' title='bbox 615 1270 687 1300; x_wconf 83' lang='lat' dir='ltr'><em>ME.</em></span> <span class='ocrx_word' id='word_1_121' title='bbox 713 1269 850 1300; x_wconf 86' lang='lat' dir='ltr'><em>Decetne</em></span> <span class='ocrx_word' id='word_1_122' title='bbox 877 1271 906 1299; x_wconf 80' lang='lat' dir='ltr'><em>te</em></span> <span class='ocrx_word' id='word_1_123' title='bbox 928 1267 1011 1298; x_wconf 85' lang='lat' dir='ltr'><em>istud</em></span> <span class='ocrx_word' id='word_1_124' title='bbox 1033 1266 1139 1307; x_wconf 79' lang='lat' dir='ltr'><em>loqui?</em></span> <span class='ocrx_word' id='word_1_125' title='bbox 1160 1276 1256 1296; x_wconf 83' lang='lat' dir='ltr'><em>nonne</em></span> <span class='ocrx_word' id='word_1_126' title='bbox 1279 1266 1313 1296; x_wconf 75' lang='lat' dir='ltr'><em>id</em></span> <span class='ocrx_word' id='word_1_127' title='bbox 1335 1265 1568 1306; x_wconf 79' lang='lat' dir='ltr'><strong><em>reprehensione</em></strong></span> <span class='ocrx_word' id='word_1_128' title='bbox 1596 1265 1737 1304; x_wconf 76' lang='lat' dir='ltr'><em>dignum,</em></span> <span class='ocrx_word' id='word_1_129' title='bbox 1759 1267 1790 1295; x_wconf 78' lang='lat' dir='ltr'><em>te</em></span> 
     </span>
     <span class='ocr_line' id='line_1_16' title="bbox 330 1307 1790 1352; baseline -0.005 -8"><span class='ocrx_word' id='word_1_130' title='bbox 330 1314 403 1344; x_wconf 74' lang='lat' dir='ltr'><em>aliis</em></span> <span class='ocrx_word' id='word_1_131' title='bbox 418 1316 585 1352; x_wconf 74' lang='lat' dir='ltr'><em>consulere,</em></span> <span class='ocrx_word' id='word_1_132' title='bbox 600 1313 632 1343; x_wconf 83' lang='lat' dir='ltr'><em>in</em></span> <span class='ocrx_word' id='word_1_133' title='bbox 648 1312 759 1342; x_wconf 82' lang='lat' dir='ltr'><em>alienis</em></span> <span class='ocrx_word' id='word_1_134' title='bbox 775 1312 864 1342; x_wconf 79' lang='lat' dir='ltr'><em>rebus</em></span> <span class='ocrx_word' id='word_1_135' title='bbox 880 1311 1047 1351; x_wconf 80' lang='lat' dir='ltr'><em>sapientem</em></span> <span class='ocrx_word' id='word_1_136' title='bbox 1064 1319 1142 1344; x_wconf 89' lang='lat' dir='ltr'><em>esse,</em></span> <span class='ocrx_word' id='word_1_137' title='bbox 1157 1313 1185 1339; x_wconf 79' lang='lat' dir='ltr'><em>et</em></span> <span class='ocrx_word' id='word_1_138' title='bbox 1204 1312 1233 1339; x_wconf 81' lang='lat' dir='ltr'><em>te</em></span> <span class='ocrx_word' id='word_1_139' title='bbox 1254 1319 1314 1339; x_wconf 83' lang='lat' dir='ltr'><em>non</em></span> <span class='ocrx_word' id='word_1_140' title='bbox 1334 1318 1422 1348; x_wconf 82' lang='lat' dir='ltr'><em>posse</em></span> <span class='ocrx_word' id='word_1_141' title='bbox 1444 1308 1504 1338; x_wconf 79' lang='lat' dir='ltr'><em>tihi</em></span> <span class='ocrx_word' id='word_1_142' title='bbox 1529 1317 1615 1348; x_wconf 84' lang='lat' dir='ltr'><em>opem</em></span> <span class='ocrx_word' id='word_1_143' title='bbox 1632 1307 1734 1346; x_wconf 85' lang='lat' dir='ltr'><em>ferre,</em></span> <span class='ocrx_word' id='word_1_144' title='bbox 1758 1309 1790 1336; x_wconf 80' lang='lat' dir='ltr'><em>et</em></span> 
     </span>
     <span class='ocr_line' id='line_1_17' title="bbox 332 1349 1789 1394; baseline -0.005 -7"><span class='ocrx_word' id='word_1_145' title='bbox 332 1357 508 1387; x_wconf 75' lang='lat' dir='ltr'><em>moderari?</em></span> <span class='ocrx_word' id='word_1_146' title='bbox 552 1357 621 1387; x_wconf 78' lang='lat' dir='ltr'><em>CH.</em></span> <span class='ocrx_word' id='word_1_147' title='bbox 649 1355 734 1390; x_wconf 79' lang='lat' dir='ltr'><em>Quid</em></span> <span class='ocrx_word' id='word_1_148' title='bbox 749 1357 863 1394; x_wconf 81' lang='lat' dir='ltr'><em>agam?</em></span> <span class='ocrx_word' id='word_1_149' title='bbox 909 1355 980 1384; x_wconf 83' lang='lat' dir='ltr'><em>ME.</em></span> <span class='ocrx_word' id='word_1_150' title='bbox 1003 1352 1043 1382; x_wconf 88' lang='lat' dir='ltr'><em>Id</em></span> <span class='ocrx_word' id='word_1_151' title='bbox 1059 1354 1138 1392; x_wconf 84' lang='lat' dir='ltr'><em>quod</em></span> <span class='ocrx_word' id='word_1_152' title='bbox 1153 1361 1200 1382; x_wconf 84' lang='lat' dir='ltr'><em>me</em></span> <span class='ocrx_word' id='word_1_153' title='bbox 1214 1352 1334 1382; x_wconf 80' lang='lat' dir='ltr'><em>dicebas</em></span> <span class='ocrx_word' id='word_1_154' title='bbox 1350 1361 1408 1382; x_wconf 85' lang='lat' dir='ltr'><em>non</em></span> <span class='ocrx_word' id='word_1_155' title='bbox 1422 1351 1610 1392; x_wconf 83' lang='lat' dir='ltr'><em>sufficienter</em></span> <span class='ocrx_word' id='word_1_156' title='bbox 1632 1350 1732 1390; x_wconf 78' lang='lat' dir='ltr'><strong>egisse</strong></span> <span class='ocrx_word' id='word_1_157' title='bbox 1754 1349 1789 1380; x_wconf 67' lang='lat' dir='ltr'><em>in</em></span> 
     </span>
     <span class='ocr_line' id='line_1_18' title="bbox 321 1393 1791 1440; baseline -0.005 -11"><span class='ocrx_word' id='word_1_158' title='bbox 321 1399 447 1440; x_wconf 80' lang='lat' dir='ltr'><em>fllium.-</em></span> <span class='ocrx_word' id='word_1_159' title='bbox 464 1400 522 1438; x_wconf 77' lang='lat' dir='ltr'><em>sac</em></span> <span class='ocrx_word' id='word_1_160' title='bbox 535 1403 570 1430; x_wconf 82' lang='lat' dir='ltr'><em>ut</em></span> <span class='ocrx_word' id='word_1_161' title='bbox 585 1403 658 1429; x_wconf 77' lang='lat' dir='ltr'><em>tuus</em></span> <span class='ocrx_word' id='word_1_162' title='bbox 662 1398 756 1439; x_wconf 78' lang='lat' dir='ltr'><em>filius</em></span> <span class='ocrx_word' id='word_1_163' title='bbox 768 1398 946 1438; x_wconf 70' lang='lat' dir='ltr'><em>experiatur</em></span> <span class='ocrx_word' id='word_1_164' title='bbox 962 1400 992 1427; x_wconf 80' lang='lat' dir='ltr'><em>te</em></span> <span class='ocrx_word' id='word_1_165' title='bbox 1003 1405 1067 1426; x_wconf 86' lang='lat' dir='ltr'><em>esse</em></span> <span class='ocrx_word' id='word_1_166' title='bbox 1080 1399 1199 1435; x_wconf 83' lang='lat' dir='ltr'><em>patrem</em></span> <span class='ocrx_word' id='word_1_167' title='bbox 1214 1395 1314 1435; x_wconf 79' lang='lat' dir='ltr'><em>ipsius</em></span> <span class='ocrx_word' id='word_1_168' title='bbox 1324 1404 1334 1424; x_wconf 90' lang='grc'><em>.·</em></span> <span class='ocrx_word' id='word_1_169' title='bbox 1356 1396 1414 1432; x_wconf 82' lang='lat' dir='ltr'><em>ita,</em></span> <span class='ocrx_word' id='word_1_170' title='bbox 1427 1399 1462 1424; x_wconf 79' lang='lat' dir='ltr'><em>ut</em></span> <span class='ocrx_word' id='word_1_171' title='bbox 1476 1395 1664 1424; x_wconf 76' lang='lat' dir='ltr'><em>committere</em></span> <span class='ocrx_word' id='word_1_172' title='bbox 1677 1393 1791 1424; x_wconf 78' lang='lat' dir='ltr'><em>audeat</em></span> 
     </span>
     <span class='ocr_line' id='line_1_19' title="bbox 333 1434 1789 1480; baseline -0.005 -8"><span class='ocrx_word' id='word_1_173' title='bbox 333 1442 394 1472; x_wconf 80' lang='lat' dir='ltr'><em>tibi</em></span> <span class='ocrx_word' id='word_1_174' title='bbox 405 1443 506 1473; x_wconf 77' lang='lat' dir='ltr'><em>omnia</em></span> <span class='ocrx_word' id='word_1_175' title='bbox 521 1442 670 1473; x_wconf 78' lang='lat' dir='ltr'><em>consilia.-</em></span> <span class='ocrx_word' id='word_1_176' title='bbox 693 1442 828 1471; x_wconf 83' lang='lat' dir='ltr'><em>modeste</em></span> <span class='ocrx_word' id='word_1_177' title='bbox 840 1443 956 1480; x_wconf 83' lang='lat' dir='ltr'><em>petere,</em></span> <span class='ocrx_word' id='word_1_178' title='bbox 971 1443 1000 1469; x_wconf 86' lang='lat' dir='ltr'><em>et</em></span> <span class='ocrx_word' id='word_1_179' title='bbox 1013 1439 1170 1478; x_wconf 79' lang='lat' dir='ltr'><em>postulare</em></span> <span class='ocrx_word' id='word_1_180' title='bbox 1185 1439 1263 1477; x_wconf 79' lang='lat' dir='ltr'><em>quod</em></span> <span class='ocrx_word' id='word_1_181' title='bbox 1285 1438 1443 1468; x_wconf 78' lang='lat' dir='ltr'><em>honestum</em></span> <span class='ocrx_word' id='word_1_182' title='bbox 1464 1439 1522 1474; x_wconf 84' lang='lat' dir='ltr'><em>est,</em></span> <span class='ocrx_word' id='word_1_183' title='bbox 1542 1446 1581 1466; x_wconf 83' lang='lat' dir='ltr'><em>ne</em></span> <span class='ocrx_word' id='word_1_184' title='bbox 1595 1436 1720 1466; x_wconf 82' lang='lat' dir='ltr'><strong><em>aliunde</em></strong></span> <span class='ocrx_word' id='word_1_185' title='bbox 1734 1434 1789 1466; x_wconf 73' lang='lat' dir='ltr'><em>lm-</em></span> 
     </span>
     <span class='ocr_line' id='line_1_20' title="bbox 332 1478 1789 1525; baseline -0.005 -9"><span class='ocrx_word' id='word_1_186' title='bbox 332 1485 434 1523; x_wconf 72' lang='lat' dir='ltr'><em>benai,</em></span> <span class='ocrx_word' id='word_1_187' title='bbox 455 1495 522 1525; x_wconf 80' lang='lat' dir='ltr'><em>quoe</em></span> <span class='ocrx_word' id='word_1_188' title='bbox 544 1485 639 1525; x_wconf 83' lang='lat' dir='ltr'><em>cupit,</em></span> <span class='ocrx_word' id='word_1_189' title='bbox 656 1484 843 1521; x_wconf 81' lang='lat' dir='ltr'><em>facultatem</em></span> <span class='ocrx_word' id='word_1_190' title='bbox 859 1482 1008 1520; x_wconf 79' lang='lat' dir='ltr'><em>inveniat,</em></span> <span class='ocrx_word' id='word_1_191' title='bbox 1025 1491 1060 1511; x_wconf 87' lang='lat' dir='ltr'><em>ac</em></span> <span class='ocrx_word' id='word_1_192' title='bbox 1076 1484 1105 1511; x_wconf 80' lang='lat' dir='ltr'><em>te</em></span> <span class='ocrx_word' id='word_1_193' title='bbox 1119 1481 1285 1519; x_wconf 82' lang='lat' dir='ltr'><em>relinquat.</em></span> <span class='ocrx_word' id='word_1_194' title='bbox 1331 1480 1400 1511; x_wconf 78' lang='lat' dir='ltr'><em>Cn.</em></span> <span class='ocrx_word' id='word_1_195' title='bbox 1427 1479 1509 1515; x_wconf 78' lang='lat' dir='ltr'><em>Quin</em></span> <span class='ocrx_word' id='word_1_196' title='bbox 1526 1479 1630 1519; x_wconf 79' lang='lat' dir='ltr'><em>potius</em></span> <span class='ocrx_word' id='word_1_197' title='bbox 1650 1478 1789 1509; x_wconf 76' lang='lat' dir='ltr'><em>discedat</em></span> 
     </span>
     <span class='ocr_line' id='line_1_21' title="bbox 330 1520 1790 1568; baseline -0.005 -9"><span class='ocrx_word' id='word_1_198' title='bbox 330 1538 514 1568; x_wconf 82' lang='lat' dir='ltr'><em>quocumque</em></span> <span class='ocrx_word' id='word_1_199' title='bbox 528 1529 620 1566; x_wconf 81' lang='lat' dir='ltr'><em>volet,</em></span> <span class='ocrx_word' id='word_1_200' title='bbox 636 1538 725 1567; x_wconf 81' lang='lat' dir='ltr'><em>quam</em></span> <span class='ocrx_word' id='word_1_201' title='bbox 739 1527 788 1557; x_wconf 82' lang='lat' dir='ltr'><em>hic</em></span> <span class='ocrx_word' id='word_1_202' title='bbox 803 1535 928 1556; x_wconf 85' lang='lat' dir='ltr'><em>manens</em></span> <span class='ocrx_word' id='word_1_203' title='bbox 943 1525 1070 1555; x_wconf 74' lang='lat' dir='ltr'><em>deducat</em></span> <span class='ocrx_word' id='word_1_204' title='bbox 1086 1534 1133 1554; x_wconf 85' lang='lat' dir='ltr'><em>me</em></span> <span class='ocrx_word' id='word_1_205' title='bbox 1149 1524 1189 1554; x_wconf 82' lang='lat' dir='ltr'><em>acl</em></span> <span class='ocrx_word' id='word_1_206' title='bbox 1202 1526 1371 1562; x_wconf 80' lang='lat' dir='ltr'><em>egestatem</em></span> <span class='ocrx_word' id='word_1_207' title='bbox 1393 1531 1450 1562; x_wconf 87' lang='lat' dir='ltr'><em>per</em></span> <span class='ocrx_word' id='word_1_208' title='bbox 1470 1521 1639 1562; x_wconf 77' lang='lat' dir='ltr'><em>nequitiam</em></span> <span class='ocrx_word' id='word_1_209' title='bbox 1660 1531 1697 1552; x_wconf 78' lang='lat' dir='ltr'><em>ac</em></span> <span class='ocrx_word' id='word_1_210' title='bbox 1718 1520 1790 1551; x_wconf 70' lang='lat' dir='ltr'><em>libi-</em></span> 
     </span>
     <span class='ocr_line' id='line_1_22' title="bbox 331 1563 1790 1608; baseline -0.005 -7"><span class='ocrx_word' id='word_1_211' title='bbox 331 1571 433 1602; x_wconf 78' lang='lat' dir='ltr'><em>dinem</em></span> <span class='ocrx_word' id='word_1_212' title='bbox 446 1583 456 1601; x_wconf 89' lang='lat'><em>:</em></span> <span class='ocrx_word' id='word_1_213' title='bbox 480 1581 562 1607; x_wconf 82' lang='lat' dir='ltr'><em>nam,</em></span> <span class='ocrx_word' id='word_1_214' title='bbox 578 1581 595 1600; x_wconf 86' lang='lat' dir='ltr'><em>o</em></span> <span class='ocrx_word' id='word_1_215' title='bbox 611 1571 804 1607; x_wconf 70' lang='lat' dir='ltr'><em>Menedeme,</em></span> <span class='ocrx_word' id='word_1_216' title='bbox 819 1569 847 1599; x_wconf 85' lang='lat' dir='ltr'><em>sz&#39;</em></span> <span class='ocrx_word' id='word_1_217' title='bbox 861 1577 1051 1608; x_wconf 75' lang='lat' dir='ltr'><em>perseverem</em></span> <span class='ocrx_word' id='word_1_218' title='bbox 1076 1566 1125 1598; x_wconf 79' lang='lat' dir='ltr'><em>illi</em></span> <span class='ocrx_word' id='word_1_219' title='bbox 1148 1566 1384 1596; x_wconf 81' lang='lat' dir='ltr'><em>subministrare</em></span> <span class='ocrx_word' id='word_1_220' title='bbox 1405 1565 1559 1605; x_wconf 82' lang='lat' dir='ltr'><em>impensas</em></span> <span class='ocrx_word' id='word_1_221' title='bbox 1574 1563 1790 1602; x_wconf 75' lang='lat' dir='ltr'><em>adforendam</em></span> 
     </span>
     <span class='ocr_line' id='line_1_23' title="bbox 331 1607 1790 1653; baseline -0.004 -10"><span class='ocrx_word' id='word_1_222' title='bbox 331 1615 535 1653; x_wconf 78' lang='lat' dir='ltr'><em>meretricem,</em></span> <span class='ocrx_word' id='word_1_223' title='bbox 562 1613 642 1645; x_wconf 84' lang='lat' dir='ltr'><em>mihi</em></span> <span class='ocrx_word' id='word_1_224' title='bbox 668 1623 718 1644; x_wconf 85' lang='lat' dir='ltr'><em>res</em></span> <span class='ocrx_word' id='word_1_225' title='bbox 736 1611 912 1650; x_wconf 82' lang='lat' dir='ltr'><em>familiaris</em></span> <span class='ocrx_word' id='word_1_226' title='bbox 934 1620 968 1641; x_wconf 85' lang='lat' dir='ltr'><em>eo</em></span> <span class='ocrx_word' id='word_1_227' title='bbox 993 1610 1168 1649; x_wconf 72' lang='lat' dir='ltr'><em>redigetur,</em></span> <span class='ocrx_word' id='word_1_228' title='bbox 1192 1612 1227 1641; x_wconf 82' lang='lat' dir='ltr'><em>ut</em></span> <span class='ocrx_word' id='word_1_229' title='bbox 1252 1618 1319 1639; x_wconf 89' lang='lat' dir='ltr'><em>rem</em></span> <span class='ocrx_word' id='word_1_230' title='bbox 1345 1607 1738 1648; x_wconf 76' lang='lat' dir='ltr'><em>rusticamfacere,sodere</em></span> <span class='ocrx_word' id='word_1_231' title='bbox 1758 1609 1790 1638; x_wconf 76' lang='lat' dir='ltr'><em>et</em></span> 
     </span>
    </p>
   </div>
   <div class='ocr_carea' id='block_1_4' title="bbox 942 1695 1179 1708">
    <p class='ocr_par' dir='ltr' id='par_1_9' title="bbox 942 1695 1179 1708">
     <span class='ocr_line' id='line_1_24' title="bbox 942 1695 1179 1708; baseline -0.008 0"><span class='ocrx_word' id='word_1_232' title='bbox 942 1695 1179 1708; x_wconf 61' lang='lat' dir='ltr'><em>eeeeeeeeeeee</em></span> 
     </span>
    </p>
   </div>
   <div class='ocr_carea' id='block_1_5' title="bbox 330 1747 1790 2866">
    <p class='ocr_par' dir='ltr' id='par_1_10' title="bbox 330 1747 1790 2866">
     <span class='ocr_line' id='line_1_25' title="bbox 335 1747 1790 1794; baseline -0.005 -7"><span class='ocrx_word' id='word_1_233' title='bbox 335 1754 498 1794; x_wconf 80' lang='lat' dir='ltr'><em>Namjam</em></span> <span class='ocrx_word' id='word_1_234' title='bbox 515 1754 593 1794; x_wconf 90' lang='lat' dir='ltr'><em>Bip.</em></span> <span class='ocrx_word' id='word_1_235' title='bbox 609 1754 702 1786; x_wconf 77' lang='lat' dir='ltr'><em>Peri.</em></span> <span class='ocrx_word' id='word_1_236' title='bbox 719 1758 754 1785; x_wconf 85' lang='lat' dir='ltr'><em>et</em></span> <span class='ocrx_word' id='word_1_237' title='bbox 770 1753 875 1784; x_wconf 84' lang='lat' dir='ltr'><em>Both.</em></span> <span class='ocrx_word' id='word_1_238' title='bbox 914 1751 1029 1784; x_wconf 84' lang='lat' dir='ltr'><em>Guelf.</em></span> <span class='ocrx_word' id='word_1_239' title='bbox 1047 1754 1078 1783; x_wconf 85' lang='grc'><em>3.</em></span> <span class='ocrx_word' id='word_1_240' title='bbox 1096 1751 1181 1791; x_wconf 77' lang='lat' dir='ltr'><em>legit</em></span> <span class='ocrx_word' id='word_1_241' title='bbox 1197 1749 1487 1789; x_wconf 74' lang='lat' dir='ltr'><em>Omninjam.—49</em></span> <span class='ocrx_word' id='word_1_242' title='bbox 1503 1748 1559 1779; x_wconf 89' lang='lat' dir='ltr'><em>Fr.</em></span> <span class='ocrx_word' id='word_1_243' title='bbox 1580 1747 1790 1780; x_wconf 65' lang='lat' dir='ltr'><em>PituNimne</em></span> 
     </span>
     <span class='ocr_line' id='line_1_26' title="bbox 333 1790 1790 1836; baseline -0.007 -6"><span class='ocrx_word' id='word_1_244' title='bbox 333 1799 419 1830; x_wconf 78' lang='lat' dir='ltr'><em>istud</em></span> <span class='ocrx_word' id='word_1_245' title='bbox 437 1799 470 1836; x_wconf 89' lang='lat' dir='ltr'><em>f.</em></span> <span class='ocrx_word' id='word_1_246' title='bbox 495 1797 593 1829; x_wconf 85' lang='lat' dir='ltr'><em>Lind.</em></span> <span class='ocrx_word' id='word_1_247' title='bbox 640 1797 747 1828; x_wconf 82' lang='lat' dir='ltr'><em>Abest</em></span> <span class='ocrx_word' id='word_1_248' title='bbox 772 1797 805 1827; x_wconf 81' lang='lat' dir='ltr'><em>id</em></span> <span class='ocrx_word' id='word_1_249' title='bbox 833 1795 949 1827; x_wconf 78' lang='lat' dir='ltr'><em>Guelf.</em></span> <span class='ocrx_word' id='word_1_250' title='bbox 967 1798 1082 1827; x_wconf 84' lang='grc'>1.-50</span> <span class='ocrx_word' id='word_1_251' title='bbox 1107 1795 1182 1825; x_wconf 81' lang='lat' dir='ltr'><em>Non</em></span> <span class='ocrx_word' id='word_1_252' title='bbox 1194 1803 1283 1833; x_wconf 84' lang='lat' dir='ltr'><em>posse</em></span> <span class='ocrx_word' id='word_1_253' title='bbox 1295 1792 1491 1823; x_wconf 76' lang='lat' dir='ltr'><em>auxiliarier.</em></span> <span class='ocrx_word' id='word_1_254' title='bbox 1525 1790 1662 1831; x_wconf 79' lang='lat' dir='ltr'>Syllaba</span> <span class='ocrx_word' id='word_1_255' title='bbox 1677 1790 1790 1830; x_wconf 83' lang='lat' dir='ltr'><em>deest,</em></span> 
     </span>
     <span class='ocr_line' id='line_1_27' title="bbox 332 1833 1787 1882; baseline -0.005 -11"><span class='ocrx_word' id='word_1_256' title='bbox 332 1851 431 1882; x_wconf 82' lang='lat' dir='ltr'>qnam</span> <span class='ocrx_word' id='word_1_257' title='bbox 462 1840 665 1882; x_wconf 78' lang='lat' dir='ltr'>typographi</span> <span class='ocrx_word' id='word_1_258' title='bbox 690 1840 793 1880; x_wconf 79' lang='lat' dir='ltr'><em>culpa</em></span> <span class='ocrx_word' id='word_1_259' title='bbox 818 1838 987 1869; x_wconf 80' lang='lat' dir='ltr'><em>excidisse</em></span> <span class='ocrx_word' id='word_1_260' title='bbox 1003 1838 1118 1869; x_wconf 86' lang='lat' dir='ltr'><em>credo.</em></span> <span class='ocrx_word' id='word_1_261' title='bbox 1165 1836 1335 1877; x_wconf 80' lang='lat' dir='ltr'><em>Siquidem</em></span> <span class='ocrx_word' id='word_1_262' title='bbox 1349 1834 1484 1866; x_wconf 85' lang='lat' dir='ltr'><em>codices</em></span> <span class='ocrx_word' id='word_1_263' title='bbox 1497 1834 1606 1864; x_wconf 82' lang='lat' dir='ltr'><strong>nostri</strong></span> <span class='ocrx_word' id='word_1_264' title='bbox 1623 1833 1787 1873; x_wconf 85' lang='lat' dir='ltr'><em>universi,</em></span> 
     </span>
     <span class='ocr_line' id='line_1_28' title="bbox 332 1877 1789 1924; baseline -0.006 -9"><span class='ocrx_word' id='word_1_265' title='bbox 332 1894 394 1915; x_wconf 68' lang='lat' dir='ltr'><em>non</em></span> <span class='ocrx_word' id='word_1_266' title='bbox 408 1894 493 1924; x_wconf 82' lang='lat' dir='ltr'><em>posse</em></span> <span class='ocrx_word' id='word_1_267' title='bbox 505 1887 535 1914; x_wconf 77' lang='lat' dir='ltr'><em>te</em></span> <span class='ocrx_word' id='word_1_268' title='bbox 550 1893 625 1914; x_wconf 80' lang='lat' dir='ltr'><em>aux.</em></span> <span class='ocrx_word' id='word_1_269' title='bbox 668 1884 819 1914; x_wconf 82' lang='lat' dir='ltr'><em>Taceant</em></span> <span class='ocrx_word' id='word_1_270' title='bbox 838 1883 967 1922; x_wconf 86' lang='lat' dir='ltr'><em>itaque,</em></span> <span class='ocrx_word' id='word_1_271' title='bbox 981 1881 1035 1921; x_wconf 88' lang='lat' dir='ltr'><em>qui</em></span> <span class='ocrx_word' id='word_1_272' title='bbox 1050 1880 1276 1921; x_wconf 78' lang='lat' dir='ltr'><em>synaloepbam</em></span> <span class='ocrx_word' id='word_1_273' title='bbox 1294 1879 1346 1909; x_wconf 87' lang='lat' dir='ltr'><em>hic</em></span> <span class='ocrx_word' id='word_1_274' title='bbox 1363 1877 1474 1909; x_wconf 84' lang='lat' dir='ltr'><em>omitti</em></span> <span class='ocrx_word' id='word_1_275' title='bbox 1488 1881 1630 1917; x_wconf 85' lang='lat' dir='ltr'><em>propter</em></span> <span class='ocrx_word' id='word_1_276' title='bbox 1645 1885 1789 1917; x_wconf 85' lang='lat' dir='ltr'><em>sequen·</em></span> 
     </span>
     <span class='ocr_line' id='line_1_29' title="bbox 333 1918 1786 1967; baseline -0.006 -10"><span class='ocrx_word' id='word_1_277' title='bbox 333 1932 401 1958; x_wconf 83' lang='lat' dir='ltr'><em>tem</em></span> <span class='ocrx_word' id='word_1_278' title='bbox 421 1928 667 1967; x_wconf 80' lang='lat' dir='ltr'>diphthongum</span> <span class='ocrx_word' id='word_1_279' title='bbox 685 1926 814 1957; x_wconf 88' lang='lat' dir='ltr'><em>volunt.</em></span> <span class='ocrx_word' id='word_1_280' title='bbox 839 1925 936 1955; x_wconf 79' lang='lat' dir='ltr'><em>Bent.</em></span> <span class='ocrx_word' id='word_1_281' title='bbox 986 1925 1029 1955; x_wconf 88' lang='lat' dir='ltr'><em>Te</em></span> <span class='ocrx_word' id='word_1_282' title='bbox 1043 1924 1167 1954; x_wconf 76' lang='lat' dir='ltr'><em>habent</em></span> <span class='ocrx_word' id='word_1_283' title='bbox 1193 1923 1252 1953; x_wconf 62' lang='grc' dir='ltr'><em>ΒΥ.</em></span> <span class='ocrx_word' id='word_1_284' title='bbox 1276 1921 1375 1952; x_wconf 87' lang='lat' dir='ltr'><em>Both.</em></span> <span class='ocrx_word' id='word_1_285' title='bbox 1402 1920 1496 1951; x_wconf 79' lang='lat' dir='ltr'><em>Peri.</em></span> <span class='ocrx_word' id='word_1_286' title='bbox 1516 1919 1726 1958; x_wconf 84' lang='lat' dir='ltr'><em>Delph.—5l</em></span> <span class='ocrx_word' id='word_1_287' title='bbox 1744 1918 1786 1950; x_wconf 90' lang='lat' dir='ltr'><em>R.</em></span> 
     </span>
     <span class='ocr_line' id='line_1_30' title="bbox 335 1961 1788 2008; baseline -0.006 -8"><span class='ocrx_word' id='word_1_288' title='bbox 335 1970 420 2005; x_wconf 77' lang='lat' dir='ltr'><em>Quid</em></span> <span class='ocrx_word' id='word_1_289' title='bbox 436 1967 639 2008; x_wconf 58' lang='lat' dir='ltr'><em>vissae-iam?</em></span> <span class='ocrx_word' id='word_1_290' title='bbox 664 1968 717 1999; x_wconf 90' lang='lat' dir='ltr'><em>An</em></span> <span class='ocrx_word' id='word_1_291' title='bbox 734 1967 926 2008; x_wconf 80' lang='lat' dir='ltr'><em>legendum,</em></span> <span class='ocrx_word' id='word_1_292' title='bbox 957 1967 1041 2002; x_wconf 76' lang='lat' dir='ltr'><em>Quid</em></span> <span class='ocrx_word' id='word_1_293' title='bbox 1066 1966 1114 1997; x_wconf 80' lang='lat' dir='ltr'><em>vis</em></span> <span class='ocrx_word' id='word_1_294' title='bbox 1129 1965 1273 2003; x_wconf 80' lang='lat' dir='ltr'><em>faciam?</em></span> <span class='ocrx_word' id='word_1_295' title='bbox 1318 1965 1356 1995; x_wconf 84' lang='lat' dir='ltr'><em>Id</em></span> <span class='ocrx_word' id='word_1_296' title='bbox 1383 1973 1412 2003; x_wconf 85' lang='lat' dir='ltr'><em>q.</em></span> <span class='ocrx_word' id='word_1_297' title='bbox 1439 1973 1479 1993; x_wconf 85' lang='lat' dir='ltr'><em>m.</em></span> <span class='ocrx_word' id='word_1_298' title='bbox 1497 1962 1529 2001; x_wconf 89' lang='lat' dir='ltr'><em>s.</em></span> <span class='ocrx_word' id='word_1_299' title='bbox 1551 1962 1638 1993; x_wconf 78' lang='lat' dir='ltr'><em>aibas</em></span> <span class='ocrx_word' id='word_1_300' title='bbox 1653 1961 1788 2002; x_wconf 80' lang='lat' dir='ltr'><em>parum.’</em></span> 
     </span>
     <span class='ocr_line' id='line_1_31' title="bbox 333 2004 1786 2050; baseline -0.006 -6"><span class='ocrx_word' id='word_1_301' title='bbox 333 2013 402 2044; x_wconf 88' lang='lat' dir='ltr'><em>Sed</em></span> <span class='ocrx_word' id='word_1_302' title='bbox 421 2019 513 2043; x_wconf 82' lang='lat' dir='ltr'><em>recte</em></span> <span class='ocrx_word' id='word_1_303' title='bbox 531 2023 614 2043; x_wconf 86' lang='lat' dir='ltr'><em>unus</em></span> <span class='ocrx_word' id='word_1_304' title='bbox 631 2021 674 2042; x_wconf 86' lang='lat' dir='ltr'><em>ex</em></span> <span class='ocrx_word' id='word_1_305' title='bbox 692 2010 882 2042; x_wconf 80' lang='lat' dir='ltr'><em>Meadianis</em></span> <span class='ocrx_word' id='word_1_306' title='bbox 895 2011 972 2050; x_wconf 80' lang='lat' dir='ltr'><em>quod</em></span> <span class='ocrx_word' id='word_1_307' title='bbox 988 2013 1023 2040; x_wconf 82' lang='grc' dir='ltr'><em>ιιι</em></span> <span class='ocrx_word' id='word_1_308' title='bbox 1038 2019 1096 2040; x_wconf 85' lang='lat' dir='ltr'><em>me.</em></span> <span class='ocrx_word' id='word_1_309' title='bbox 1128 2009 1281 2048; x_wconf 87' lang='lat' dir='ltr'><em>Repone,</em></span> <span class='ocrx_word' id='word_1_310' title='bbox 1308 2006 1391 2042; x_wconf 83' lang='lat' dir='ltr'><em>Quid</em></span> <span class='ocrx_word' id='word_1_311' title='bbox 1400 2006 1543 2044; x_wconf 77' lang='lat' dir='ltr'><em>faciam?</em></span> <span class='ocrx_word' id='word_1_312' title='bbox 1567 2005 1598 2036; x_wconf 90' lang='grc' dir='ltr'><em>Ι.</em></span> <span class='ocrx_word' id='word_1_313' title='bbox 1613 2015 1642 2045; x_wconf 87' lang='lat' dir='ltr'><em>q.</em></span> <span class='ocrx_word' id='word_1_314' title='bbox 1660 2008 1695 2035; x_wconf 85' lang='lat' dir='ltr'><em>tu</em></span> <span class='ocrx_word' id='word_1_315' title='bbox 1709 2004 1786 2043; x_wconf 73' lang='lat' dir='ltr'><em>ms.</em></span> 
     </span>
     <span class='ocr_line' id='line_1_32' title="bbox 335 2047 1788 2096; baseline -0.006 -10"><span class='ocrx_word' id='word_1_316' title='bbox 335 2056 423 2086; x_wconf 82' lang='lat' dir='ltr'><em>aibas</em></span> <span class='ocrx_word' id='word_1_317' title='bbox 436 2065 468 2094; x_wconf 86' lang='lat' dir='ltr'><em>p.</em></span> <span class='ocrx_word' id='word_1_318' title='bbox 518 2057 705 2096; x_wconf 81' lang='lat' dir='ltr'><strong>Nusquam,</strong></span> <span class='ocrx_word' id='word_1_319' title='bbox 720 2055 746 2084; x_wconf 86' lang='lat' dir='ltr'><em>si</em></span> <span class='ocrx_word' id='word_1_320' title='bbox 764 2053 913 2092; x_wconf 87' lang='lat' dir='ltr'><em>memini,</em></span> <span class='ocrx_word' id='word_1_321' title='bbox 929 2053 1030 2083; x_wconf 88' lang='lat' dir='ltr'><em>aliter</em></span> <span class='ocrx_word' id='word_1_322' title='bbox 1048 2053 1187 2089; x_wconf 58' lang='lat' dir='ltr'><em>Noster,</em></span> <span class='ocrx_word' id='word_1_323' title='bbox 1205 2060 1302 2091; x_wconf 85' lang='lat' dir='ltr'><em>quam</em></span> <span class='ocrx_word' id='word_1_324' title='bbox 1321 2052 1329 2066; x_wconf 92' lang='lat'>‘</span> <span class='ocrx_word' id='word_1_325' title='bbox 1342 2048 1476 2086; x_wconf 82' lang='lat' dir='ltr'><em>aiban1‚&#39;</em></span> <span class='ocrx_word' id='word_1_326' title='bbox 1490 2048 1499 2064; x_wconf 92' lang='lat'>‘</span> <span class='ocrx_word' id='word_1_327' title='bbox 1513 2047 1632 2082; x_wconf 84' lang='lat' dir='ltr'><em>aibas‚’</em></span> <span class='ocrx_word' id='word_1_328' title='bbox 1645 2048 1654 2064; x_wconf 92' lang='lat'>‘</span> <span class='ocrx_word' id='word_1_329' title='bbox 1669 2047 1788 2086; x_wconf 84' lang='lat' dir='ltr'><em>aibat,&#39;</em></span> 
     </span>
     <span class='ocr_line' id='line_1_33' title="bbox 333 2090 1787 2139; baseline -0.005 -10"><span class='ocrx_word' id='word_1_330' title='bbox 333 2108 395 2139; x_wconf 91' lang='lat' dir='ltr'><em>per</em></span> <span class='ocrx_word' id='word_1_331' title='bbox 413 2098 619 2138; x_wconf 86' lang='lat' dir='ltr'><em>disyllabon.</em></span> <span class='ocrx_word' id='word_1_332' title='bbox 643 2098 741 2129; x_wconf 81' lang='lat' dir='ltr'><em>Bent.</em></span> <span class='ocrx_word' id='word_1_333' title='bbox 786 2096 841 2127; x_wconf 91' lang='lat' dir='ltr'><em>Ita</em></span> <span class='ocrx_word' id='word_1_334' title='bbox 867 2101 903 2126; x_wconf 86' lang='lat' dir='ltr'><em>et</em></span> <span class='ocrx_word' id='word_1_335' title='bbox 930 2095 1013 2126; x_wconf 87' lang='lat' dir='ltr'><em>dant</em></span> <span class='ocrx_word' id='word_1_336' title='bbox 1039 2094 1138 2125; x_wconf 84' lang='lat' dir='ltr'><em>Both.</em></span> <span class='ocrx_word' id='word_1_337' title='bbox 1168 2094 1260 2124; x_wconf 85' lang='lat' dir='ltr'><em>Peri.</em></span> <span class='ocrx_word' id='word_1_338' title='bbox 1305 2092 1389 2123; x_wconf 90' lang='lat' dir='ltr'><strong>Post</strong></span> <span class='ocrx_word' id='word_1_339' title='bbox 1415 2091 1518 2122; x_wconf 79' lang='lat' dir='ltr'><em>aiebas</em></span> <span class='ocrx_word' id='word_1_340' title='bbox 1531 2090 1712 2130; x_wconf 83' lang='lat' dir='ltr'><em>distinguit</em></span> <span class='ocrx_word' id='word_1_341' title='bbox 1727 2091 1787 2122; x_wconf 64' lang='grc' dir='ltr'><em>ΒΡ.</em></span> 
     </span>
     <span class='ocr_line' id='line_1_34' title="bbox 332 2133 1788 2181; baseline -0.005 -8"><span class='ocrx_word' id='word_1_342' title='bbox 332 2142 600 2181; x_wconf 82' lang='lat' dir='ltr'><em>aie!ms;]1arum.</em></span> <span class='ocrx_word' id='word_1_343' title='bbox 645 2140 756 2171; x_wconf 85' lang='lat' dir='ltr'><em>Abest</em></span> <span class='ocrx_word' id='word_1_344' title='bbox 780 2143 815 2170; x_wconf 81' lang='lat' dir='ltr'><em>tu</em></span> <span class='ocrx_word' id='word_1_345' title='bbox 840 2137 957 2170; x_wconf 84' lang='lat' dir='ltr'><em>Guelf.</em></span> <span class='ocrx_word' id='word_1_346' title='bbox 983 2140 1058 2168; x_wconf 84' lang='lat'><strong>2.3.</strong></span> <span class='ocrx_word' id='word_1_347' title='bbox 1087 2137 1145 2178; x_wconf 89' lang='lat' dir='ltr'><em>qui</em></span> <span class='ocrx_word' id='word_1_348' title='bbox 1172 2137 1277 2167; x_wconf 86' lang='lat' dir='ltr'><em>etiam</em></span> <span class='ocrx_word' id='word_1_349' title='bbox 1314 2144 1479 2176; x_wconf 80' lang='lat' dir='ltr'><em>parumper</em></span> <span class='ocrx_word' id='word_1_350' title='bbox 1507 2133 1708 2165; x_wconf 62' lang='lat' dir='ltr'><em>habet—52</em></span> <span class='ocrx_word' id='word_1_351' title='bbox 1732 2133 1788 2165; x_wconf 73' lang='lat' dir='ltr'><em>Al.</em></span> 
     </span>
     <span class='ocr_line' id='line_1_35' title="bbox 332 2177 1787 2224; baseline -0.006 -9"><span class='ocrx_word' id='word_1_352' title='bbox 332 2185 399 2216; x_wconf 83' lang='lat' dir='ltr'><em>Fac</em></span> <span class='ocrx_word' id='word_1_353' title='bbox 422 2188 453 2214; x_wconf 87' lang='lat' dir='ltr'><em>te</em></span> <span class='ocrx_word' id='word_1_354' title='bbox 477 2193 541 2214; x_wconf 84' lang='lat' dir='ltr'><em>esse</em></span> <span class='ocrx_word' id='word_1_355' title='bbox 564 2187 693 2224; x_wconf 79' lang='lat' dir='ltr'><em>patrem.</em></span> <span class='ocrx_word' id='word_1_356' title='bbox 739 2182 855 2214; x_wconf 86' lang='lat' dir='ltr'><em>Codex</em></span> <span class='ocrx_word' id='word_1_357' title='bbox 879 2180 1109 2212; x_wconf 84' lang='lat' dir='ltr'><em>Academicus</em></span> <span class='ocrx_word' id='word_1_358' title='bbox 1135 2184 1169 2209; x_wconf 90' lang='lat' dir='ltr'><em>et</em></span> <span class='ocrx_word' id='word_1_359' title='bbox 1198 2179 1276 2210; x_wconf 87' lang='lat' dir='ltr'><em>edd.</em></span> <span class='ocrx_word' id='word_1_360' title='bbox 1293 2184 1375 2209; x_wconf 83' lang='lat' dir='ltr'><em>vett.</em></span> <span class='ocrx_word' id='word_1_361' title='bbox 1394 2183 1560 2218; x_wconf 76' lang='lat' dir='ltr'><em>piaelerea</em></span> <span class='ocrx_word' id='word_1_362' title='bbox 1587 2177 1787 2207; x_wconf 80' lang='lat' dir='ltr'><em>veterrimus</em></span> 
     </span>
     <span class='ocr_line' id='line_1_36' title="bbox 333 2220 1787 2266; baseline -0.006 -9"><span class='ocrx_word' id='word_1_363' title='bbox 333 2233 464 2266; x_wconf 81' lang='lat' dir='ltr'><em>noster,</em></span> <span class='ocrx_word' id='word_1_364' title='bbox 486 2230 519 2257; x_wconf 81' lang='lat' dir='ltr'><em>ut</em></span> <span class='ocrx_word' id='word_1_365' title='bbox 535 2227 661 2257; x_wconf 76' lang='lat' dir='ltr'><em>sentiat.</em></span> <span class='ocrx_word' id='word_1_366' title='bbox 686 2227 829 2265; x_wconf 85' lang='lat' dir='ltr'><em>Repone</em></span> <span class='ocrx_word' id='word_1_367' title='bbox 851 2225 886 2256; x_wconf 87' lang='lat' dir='ltr'><em>F.</em></span> <span class='ocrx_word' id='word_1_368' title='bbox 903 2229 932 2255; x_wconf 78' lang='lat' dir='ltr'><em>te</em></span> <span class='ocrx_word' id='word_1_369' title='bbox 958 2234 1022 2255; x_wconf 82' lang='lat' dir='ltr'><em>esse</em></span> <span class='ocrx_word' id='word_1_370' title='bbox 1045 2227 1167 2264; x_wconf 81' lang='lat' dir='ltr'><em>patrem</em></span> <span class='ocrx_word' id='word_1_371' title='bbox 1191 2225 1226 2253; x_wconf 79' lang='lat' dir='ltr'><em>ut</em></span> <span class='ocrx_word' id='word_1_372' title='bbox 1246 2220 1454 2258; x_wconf 62' lang='lat' dir='ltr'><em>sentiuwsac</em></span> <span class='ocrx_word' id='word_1_373' title='bbox 1477 2223 1512 2250; x_wconf 85' lang='lat' dir='ltr'><em>ut</em></span> <span class='ocrx_word' id='word_1_374' title='bbox 1539 2220 1662 2250; x_wconf 77' lang='lat' dir='ltr'><em>audeat.</em></span> <span class='ocrx_word' id='word_1_375' title='bbox 1685 2220 1787 2250; x_wconf 85' lang='lat' dir='ltr'><em>Bent.</em></span> 
     </span>
     <span class='ocr_line' id='line_1_37' title="bbox 331 2262 1788 2306; baseline -0.006 -5"><span class='ocrx_word' id='word_1_376' title='bbox 331 2269 390 2301; x_wconf 88' lang='lat' dir='ltr'><em>Ita</em></span> <span class='ocrx_word' id='word_1_377' title='bbox 406 2275 440 2300; x_wconf 85' lang='lat' dir='ltr'><em>et</em></span> <span class='ocrx_word' id='word_1_378' title='bbox 458 2269 530 2301; x_wconf 89' lang='lat' dir='ltr'><em>GC.</em></span> <span class='ocrx_word' id='word_1_379' title='bbox 548 2269 650 2300; x_wconf 87' lang='lat' dir='ltr'><em>Both.</em></span> <span class='ocrx_word' id='word_1_380' title='bbox 669 2269 846 2300; x_wconf 80' lang='lat' dir='ltr'><em>Peri.-55</em></span> <span class='ocrx_word' id='word_1_381' title='bbox 874 2266 955 2304; x_wconf 88' lang='lat' dir='ltr'><em>Alii,</em></span> <span class='ocrx_word' id='word_1_382' title='bbox 968 2268 1064 2297; x_wconf 80' lang='lat' dir='ltr'><em>multo</em></span> <span class='ocrx_word' id='word_1_383' title='bbox 1074 2266 1188 2306; x_wconf 77' lang='lat' dir='ltr'><em>potius.</em></span> <span class='ocrx_word' id='word_1_384' title='bbox 1225 2265 1355 2296; x_wconf 86' lang='lat' dir='ltr'><strong>Rursus</strong></span> <span class='ocrx_word' id='word_1_385' title='bbox 1373 2263 1441 2302; x_wconf 81' lang='lat' dir='ltr'><em>alii,</em></span> <span class='ocrx_word' id='word_1_386' title='bbox 1459 2262 1562 2304; x_wconf 78' lang='lat' dir='ltr'><em>potius</em></span> <span class='ocrx_word' id='word_1_387' title='bbox 1576 2262 1666 2293; x_wconf 67' lang='grc' dir='ltr'><strong><em>Μαῖα.</em></strong></span> <span class='ocrx_word' id='word_1_388' title='bbox 1703 2262 1788 2292; x_wconf 81' lang='lat' dir='ltr'><em>Lec-</em></span> 
     </span>
     <span class='ocr_line' id='line_1_38' title="bbox 332 2304 1788 2354; baseline -0.006 -10"><span class='ocrx_word' id='word_1_389' title='bbox 332 2313 393 2352; x_wconf 84' lang='lat' dir='ltr'><em>tio,</em></span> <span class='ocrx_word' id='word_1_390' title='bbox 410 2322 508 2354; x_wconf 84' lang='lat' dir='ltr'><em>quain</em></span> <span class='ocrx_word' id='word_1_391' title='bbox 534 2312 690 2348; x_wconf 83' lang='lat' dir='ltr'><em>exhibeo,</em></span> <span class='ocrx_word' id='word_1_392' title='bbox 718 2311 824 2342; x_wconf 87' lang='lat' dir='ltr'><em>vincit</em></span> <span class='ocrx_word' id='word_1_393' title='bbox 851 2320 991 2341; x_wconf 84' lang='lat' dir='ltr'><em>numero</em></span> <span class='ocrx_word' id='word_1_394' title='bbox 1017 2310 1102 2340; x_wconf 81' lang='lat' dir='ltr'><em>Mss.</em></span> <span class='ocrx_word' id='word_1_395' title='bbox 1130 2313 1165 2339; x_wconf 88' lang='lat' dir='ltr'><em>et</em></span> <span class='ocrx_word' id='word_1_396' title='bbox 1192 2307 1270 2338; x_wconf 81' lang='lat' dir='ltr'><em>edd.</em></span> <span class='ocrx_word' id='word_1_397' title='bbox 1303 2306 1618 2337; x_wconf 81' lang='lat' dir='ltr'><em>vetustissimarum.</em></span> <span class='ocrx_word' id='word_1_398' title='bbox 1664 2304 1708 2336; x_wconf 85' lang='lat' dir='ltr'><em>Et</em></span> <span class='ocrx_word' id='word_1_399' title='bbox 1733 2310 1788 2336; x_wconf 74' lang='lat' dir='ltr'><em>ent</em></span> 
     </span>
     <span class='ocr_line' id='line_1_39' title="bbox 333 2347 1788 2393; baseline -0.005 -7"><span class='ocrx_word' id='word_1_400' title='bbox 333 2356 458 2387; x_wconf 77' lang='lat' dir='ltr'><em>Plauto</em></span> <span class='ocrx_word' id='word_1_401' title='bbox 474 2354 663 2385; x_wconf 75' lang='lat' dir='ltr'><em>familiaris.</em></span> <span class='ocrx_word' id='word_1_402' title='bbox 692 2354 794 2385; x_wconf 74' lang='lat' dir='ltr'><em>W&#39;est.</em></span> <span class='ocrx_word' id='word_1_403' title='bbox 838 2353 942 2384; x_wconf 90' lang='lat' dir='ltr'><em>Bent.</em></span> <span class='ocrx_word' id='word_1_404' title='bbox 959 2352 1099 2393; x_wconf 74' lang='lat' dir='ltr'><em>praefert</em></span> <span class='ocrx_word' id='word_1_405' title='bbox 1116 2352 1296 2382; x_wconf 82' lang='lat' dir='ltr'><em>lectionem</em></span> <span class='ocrx_word' id='word_1_406' title='bbox 1311 2349 1414 2390; x_wconf 82' lang='lat' dir='ltr'><em>potius</em></span> <span class='ocrx_word' id='word_1_407' title='bbox 1429 2350 1519 2378; x_wconf 82' lang='lat' dir='ltr'><em>malo-</em></span> <span class='ocrx_word' id='word_1_408' title='bbox 1565 2347 1618 2378; x_wconf 83' lang='lat' dir='ltr'><em>Ita</em></span> <span class='ocrx_word' id='word_1_409' title='bbox 1635 2352 1670 2378; x_wconf 88' lang='lat' dir='ltr'><em>et</em></span> <span class='ocrx_word' id='word_1_410' title='bbox 1685 2347 1788 2379; x_wconf 79' lang='lat' dir='ltr'><em>Both.</em></span> 
     </span>
     <span class='ocr_line' id='line_1_40' title="bbox 332 2390 1788 2438; baseline -0.006 -8"><span class='ocrx_word' id='word_1_411' title='bbox 332 2399 437 2430; x_wconf 82' lang='lat' dir='ltr'><em>Multo</em></span> <span class='ocrx_word' id='word_1_412' title='bbox 452 2399 532 2428; x_wconf 84' lang='lat' dir='ltr'><em>malo</em></span> <span class='ocrx_word' id='word_1_413' title='bbox 549 2397 670 2438; x_wconf 77' lang='lat' dir='ltr'><em>probat</em></span> <span class='ocrx_word' id='word_1_414' title='bbox 692 2403 725 2428; x_wconf 87' lang='lat' dir='ltr'><em>et</em></span> <span class='ocrx_word' id='word_1_415' title='bbox 743 2395 895 2427; x_wconf 76' lang='lat' dir='ltr'><em>defendit</em></span> <span class='ocrx_word' id='word_1_416' title='bbox 919 2396 1083 2435; x_wconf 74' lang='lat' dir='ltr'><em>Bip.-57</em></span> <span class='ocrx_word' id='word_1_417' title='bbox 1102 2394 1256 2425; x_wconf 81' lang='lat' dir='ltr'><em>lnsolens</em></span> <span class='ocrx_word' id='word_1_418' title='bbox 1274 2391 1495 2428; x_wconf 82' lang='lat' dir='ltr'><em>constructio,</em></span> <span class='ocrx_word' id='word_1_419' title='bbox 1513 2399 1571 2421; x_wconf 86' lang='lat' dir='ltr'><em>seu</em></span> <span class='ocrx_word' id='word_1_420' title='bbox 1589 2390 1704 2430; x_wconf 84' lang='lat' dir='ltr'><em>tertio,</em></span> <span class='ocrx_word' id='word_1_421' title='bbox 1729 2399 1788 2421; x_wconf 77' lang='lat' dir='ltr'><em>seu</em></span> 
     </span>
     <span class='ocr_line' id='line_1_41' title="bbox 333 2432 1788 2480; baseline -0.005 -8"><span class='ocrx_word' id='word_1_422' title='bbox 333 2447 431 2472; x_wconf 82' lang='lat' dir='ltr'><em>sexto</em></span> <span class='ocrx_word' id='word_1_423' title='bbox 454 2450 533 2471; x_wconf 81' lang='lat' dir='ltr'><em>casu</em></span> <span class='ocrx_word' id='word_1_424' title='bbox 561 2445 707 2480; x_wconf 86' lang='lat' dir='ltr'><em>ponatur</em></span> <span class='ocrx_word' id='word_1_425' title='bbox 734 2438 771 2469; x_wconf 81' lang='grc' dir='ltr'><em>τὸ</em></span> <span class='ocrx_word' id='word_1_426' title='bbox 793 2441 801 2456; x_wconf 88' lang='lat'>‘</span> <span class='ocrx_word' id='word_1_427' title='bbox 817 2437 1010 2469; x_wconf 64' lang='lat' dir='ltr'><em>sumtibus?</em></span> <span class='ocrx_word' id='word_1_428' title='bbox 1055 2436 1285 2477; x_wconf 79' lang='lat' dir='ltr'><em>Conjiciebam</em></span> <span class='ocrx_word' id='word_1_429' title='bbox 1304 2435 1482 2475; x_wconf 79' lang='lat' dir='ltr'><em>scripsisse</em></span> <span class='ocrx_word' id='word_1_430' title='bbox 1496 2433 1708 2473; x_wconf 80' lang='lat' dir='ltr'><em>Terentium,</em></span> <span class='ocrx_word' id='word_1_431' title='bbox 1721 2432 1788 2464; x_wconf 77' lang='lat' dir='ltr'><em>illis</em></span> 
     </span>
     <span class='ocr_line' id='line_1_42' title="bbox 334 2477 1789 2521; baseline -0.006 -6"><span class='ocrx_word' id='word_1_432' title='bbox 334 2505 366 2516; x_wconf 88' lang='lat'><em>..</em></span> <span class='ocrx_word' id='word_1_433' title='bbox 381 2507 388 2515; x_wconf 92' lang='lat'><strong><em>.</em></strong></span> <span class='ocrx_word' id='word_1_434' title='bbox 403 2483 583 2516; x_wconf 75' lang='lat' dir='ltr'><em>.sumtz&#39;bus.</em></span> <span class='ocrx_word' id='word_1_435' title='bbox 630 2483 676 2513; x_wconf 89' lang='lat' dir='ltr'><em>Ut</em></span> <span class='ocrx_word' id='word_1_436' title='bbox 691 2482 789 2518; x_wconf 82' lang='lat' dir='ltr'><em>adeo,</em></span> <span class='ocrx_word' id='word_1_437' title='bbox 815 2481 1057 2521; x_wconf 83' lang='lat' dir='ltr'><em>‘suppeditare</em></span> <span class='ocrx_word' id='word_1_438' title='bbox 1081 2480 1246 2510; x_wconf 76' lang='lat' dir='ltr'><em>sumtibus</em></span> <span class='ocrx_word' id='word_1_439' title='bbox 1261 2478 1269 2491; x_wconf 88' lang='lat'>’</span> <span class='ocrx_word' id='word_1_440' title='bbox 1298 2482 1401 2515; x_wconf 83' lang='lat' dir='ltr'><em>esset,</em></span> <span class='ocrx_word' id='word_1_441' title='bbox 1427 2485 1544 2517; x_wconf 83' lang='lat' dir='ltr'><em>parem</em></span> <span class='ocrx_word' id='word_1_442' title='bbox 1568 2485 1642 2506; x_wconf 87' lang='lat' dir='ltr'><em>esse</em></span> <span class='ocrx_word' id='word_1_443' title='bbox 1670 2477 1789 2507; x_wconf 87' lang='lat' dir='ltr'><em>sumti-</em></span> 
     </span>
     <span class='ocr_line' id='line_1_43' title="bbox 332 2518 1784 2566; baseline -0.006 -9"><span class='ocrx_word' id='word_1_444' title='bbox 332 2527 408 2566; x_wconf 74' lang='lat' dir='ltr'><em>bus,</em></span> <span class='ocrx_word' id='word_1_445' title='bbox 438 2536 511 2564; x_wconf 85' lang='lat' dir='ltr'><em>sen,</em></span> <span class='ocrx_word' id='word_1_446' title='bbox 536 2535 716 2566; x_wconf 78' lang='lat' dir='ltr'><em>exaequare</em></span> <span class='ocrx_word' id='word_1_447' title='bbox 746 2530 874 2555; x_wconf 86' lang='lat' dir='ltr'><strong>sumtus</strong></span> <span class='ocrx_word' id='word_1_448' title='bbox 900 2534 960 2554; x_wconf 87' lang='lat' dir='ltr'><em>sua</em></span> <span class='ocrx_word' id='word_1_449' title='bbox 983 2523 1206 2554; x_wconf 74' lang='lat' dir='ltr'><em>liberalitate.</em></span> <span class='ocrx_word' id='word_1_450' title='bbox 1251 2520 1517 2561; x_wconf 82' lang='lat' dir='ltr'><em>Expeditissima</em></span> <span class='ocrx_word' id='word_1_451' title='bbox 1540 2523 1654 2549; x_wconf 80' lang='lat' dir='ltr'><em>tamen</em></span> <span class='ocrx_word' id='word_1_452' title='bbox 1671 2518 1784 2549; x_wconf 79' lang='lat' dir='ltr'><em>conci-</em></span> 
     </span>
     <span class='ocr_line' id='line_1_44' title="bbox 333 2562 1786 2606; baseline -0.006 -7"><span class='ocrx_word' id='word_1_453' title='bbox 333 2569 438 2600; x_wconf 88' lang='lat' dir='ltr'><em>liandi</em></span> <span class='ocrx_word' id='word_1_454' title='bbox 453 2570 539 2599; x_wconf 78' lang='lat' dir='ltr'><em>ratio</em></span> <span class='ocrx_word' id='word_1_455' title='bbox 557 2569 690 2598; x_wconf 87' lang='lat' dir='ltr'><em>videtur</em></span> <span class='ocrx_word' id='word_1_456' title='bbox 708 2568 789 2598; x_wconf 83' lang='lat' dir='ltr'><em>levis</em></span> <span class='ocrx_word' id='word_1_457' title='bbox 805 2567 949 2597; x_wconf 85' lang='lat' dir='ltr'><em>mutatio</em></span> <span class='ocrx_word' id='word_1_458' title='bbox 966 2565 1265 2606; x_wconf 80' lang='lat' dir='ltr'><em>interpunctionis,</em></span> <span class='ocrx_word' id='word_1_459' title='bbox 1289 2565 1347 2602; x_wconf 81' lang='lat' dir='ltr'><em>ita,</em></span> <span class='ocrx_word' id='word_1_460' title='bbox 1374 2563 1459 2593; x_wconf 80' lang='lat' dir='ltr'><em>Nam</em></span> <span class='ocrx_word' id='word_1_461' title='bbox 1480 2562 1508 2592; x_wconf 82' lang='lat' dir='ltr'><em>si</em></span> <span class='ocrx_word' id='word_1_462' title='bbox 1530 2562 1576 2592; x_wconf 82' lang='lat' dir='ltr'><em>illi</em></span> <span class='ocrx_word' id='word_1_463' title='bbox 1597 2571 1694 2601; x_wconf 82' lang='lat' dir='ltr'><em>pergo</em></span> <span class='ocrx_word' id='word_1_464' title='bbox 1715 2571 1786 2602; x_wconf 77' lang='lat' dir='ltr'><em>sup-</em></span> 
     </span>
     <span class='ocr_line' id='line_1_45' title="bbox 330 2604 1786 2652; baseline -0.005 -10"><span class='ocrx_word' id='word_1_465' title='bbox 330 2613 485 2652; x_wconf 75' lang='lat' dir='ltr'><em>peditare,</em></span> <span class='ocrx_word' id='word_1_466' title='bbox 501 2611 665 2650; x_wconf 81' lang='lat' dir='ltr'><em>sumtibus,</em></span> <span class='ocrx_word' id='word_1_467' title='bbox 683 2611 870 2648; x_wconf 70' lang='lat' dir='ltr'><em>Meneclem,</em></span> <span class='ocrx_word' id='word_1_468' title='bbox 888 2620 928 2640; x_wconf 85' lang='lat' dir='ltr'><em>m.</em></span> <span class='ocrx_word' id='word_1_469' title='bbox 945 2611 996 2649; x_wconf 61' lang='lat' dir='ltr'><em>ils-c.</em></span> <span class='ocrx_word' id='word_1_470' title='bbox 1043 2609 1108 2639; x_wconf 83' lang='lat' dir='ltr'><em>Ms.</em></span> <span class='ocrx_word' id='word_1_471' title='bbox 1128 2609 1218 2648; x_wconf 86' lang='lat' dir='ltr'><em>Lips.</em></span> <span class='ocrx_word' id='word_1_472' title='bbox 1235 2612 1270 2638; x_wconf 78' lang='lat' dir='ltr'><em>et</em></span> <span class='ocrx_word' id='word_1_473' title='bbox 1293 2606 1392 2636; x_wconf 85' lang='lat' dir='ltr'><em>Bodl.</em></span> <span class='ocrx_word' id='word_1_474' title='bbox 1420 2605 1449 2635; x_wconf 86' lang='lat' dir='ltr'><em>si</em></span> <span class='ocrx_word' id='word_1_475' title='bbox 1476 2604 1525 2635; x_wconf 81' lang='lat' dir='ltr'><em>illi</em></span> <span class='ocrx_word' id='word_1_476' title='bbox 1546 2614 1686 2644; x_wconf 76' lang='lat' dir='ltr'><em>pergam.</em></span> <span class='ocrx_word' id='word_1_477' title='bbox 1730 2604 1786 2635; x_wconf 78' lang='lat' dir='ltr'><em>lta</em></span> 
     </span>
     <span class='ocr_line' id='line_1_46' title="bbox 334 2647 1785 2691; baseline -0.004 -7"><span class='ocrx_word' id='word_1_478' title='bbox 334 2660 370 2685; x_wconf 84' lang='lat' dir='ltr'><em>et</em></span> <span class='ocrx_word' id='word_1_479' title='bbox 388 2655 459 2684; x_wconf 81' lang='grc' dir='ltr'><em>ΕΑ.</em></span> <span class='ocrx_word' id='word_1_480' title='bbox 481 2654 552 2684; x_wconf 82' lang='lat' dir='ltr'><em>EP.</em></span> <span class='ocrx_word' id='word_1_481' title='bbox 572 2654 658 2684; x_wconf 81' lang='lat' dir='ltr'><em>aliae.</em></span> <span class='ocrx_word' id='word_1_482' title='bbox 689 2653 788 2684; x_wconf 67' lang='lat' dir='ltr'><em>W&#39;est.</em></span> <span class='ocrx_word' id='word_1_483' title='bbox 834 2653 931 2683; x_wconf 78' lang='lat' dir='ltr'><em>Beni.</em></span> <span class='ocrx_word' id='word_1_484' title='bbox 959 2660 993 2683; x_wconf 87' lang='lat' dir='ltr'><em>et</em></span> <span class='ocrx_word' id='word_1_485' title='bbox 1012 2652 1066 2682; x_wconf 88' lang='lat' dir='ltr'><em>Vi.</em></span> <span class='ocrx_word' id='word_1_486' title='bbox 1092 2661 1200 2691; x_wconf 74' lang='lat' dir='ltr'><em>pergo.</em></span> <span class='ocrx_word' id='word_1_487' title='bbox 1241 2651 1372 2681; x_wconf 71' lang='lat' dir='ltr'><em>Recte:</em></span> <span class='ocrx_word' id='word_1_488' title='bbox 1397 2647 1503 2678; x_wconf 89' lang='lat' dir='ltr'><em>nostri</em></span> <span class='ocrx_word' id='word_1_489' title='bbox 1530 2652 1641 2677; x_wconf 86' lang='lat' dir='ltr'><em>tamen</em></span> <span class='ocrx_word' id='word_1_490' title='bbox 1669 2656 1785 2678; x_wconf 82' lang='lat' dir='ltr'><em>omnes</em></span> 
     </span>
     <span class='ocr_line' id='line_1_47' title="bbox 333 2689 1785 2736; baseline -0.005 -9"><span class='ocrx_word' id='word_1_491' title='bbox 333 2706 471 2736; x_wconf 77' lang='lat' dir='ltr'><em>pergam.</em></span> <span class='ocrx_word' id='word_1_492' title='bbox 518 2697 624 2727; x_wconf 87' lang='lat' dir='ltr'><em>Porro</em></span> <span class='ocrx_word' id='word_1_493' title='bbox 642 2705 682 2726; x_wconf 83' lang='lat' dir='ltr'><em>ex</em></span> <span class='ocrx_word' id='word_1_494' title='bbox 701 2696 749 2725; x_wconf 83' lang='lat' dir='ltr'><em>eis</em></span> <span class='ocrx_word' id='word_1_495' title='bbox 768 2695 833 2725; x_wconf 87' lang='lat' dir='ltr'><em>dno</em></span> <span class='ocrx_word' id='word_1_496' title='bbox 848 2695 944 2725; x_wconf 72' lang='lat' dir='ltr'><em>iltius.</em></span> <span class='ocrx_word' id='word_1_497' title='bbox 991 2696 1133 2734; x_wconf 82' lang='lat' dir='ltr'><em>Repone</em></span> <span class='ocrx_word' id='word_1_498' title='bbox 1155 2694 1198 2724; x_wconf 91' lang='lat' dir='ltr'><em>N.</em></span> <span class='ocrx_word' id='word_1_499' title='bbox 1228 2692 1255 2723; x_wconf 87' lang='lat' dir='ltr'><em>si</em></span> <span class='ocrx_word' id='word_1_500' title='bbox 1278 2693 1362 2722; x_wconf 72' lang='lat' dir='ltr'><em>illius</em></span> <span class='ocrx_word' id='word_1_501' title='bbox 1385 2700 1479 2730; x_wconf 80' lang='lat' dir='ltr'><em>pergo</em></span> <span class='ocrx_word' id='word_1_502' title='bbox 1498 2699 1525 2720; x_wconf 84' lang='lat' dir='ltr'><em>s.</em></span> <span class='ocrx_word' id='word_1_503' title='bbox 1548 2699 1573 2720; x_wconf 90' lang='lat' dir='ltr'><em>s.</em></span> <span class='ocrx_word' id='word_1_504' title='bbox 1596 2690 1698 2721; x_wconf 80' lang='lat' dir='ltr'><em>Bent.</em></span> <span class='ocrx_word' id='word_1_505' title='bbox 1724 2689 1785 2721; x_wconf 87' lang='lat' dir='ltr'><em>Br.</em></span> 
     </span>
     <span class='ocr_line' id='line_1_48' title="bbox 330 2732 1782 2779; baseline -0.003 -10"><span class='ocrx_word' id='word_1_506' title='bbox 330 2749 472 2779; x_wconf 77' lang='lat' dir='ltr'><em>pergam.</em></span> <span class='ocrx_word' id='word_1_507' title='bbox 497 2740 587 2770; x_wconf 81' lang='lat' dir='ltr'><em>Peri.</em></span> <span class='ocrx_word' id='word_1_508' title='bbox 612 2739 695 2769; x_wconf 82' lang='lat' dir='ltr'><em>illius</em></span> <span class='ocrx_word' id='word_1_509' title='bbox 708 2748 813 2778; x_wconf 75' lang='lat' dir='ltr'><em>pergo.</em></span> <span class='ocrx_word' id='word_1_510' title='bbox 831 2737 930 2767; x_wconf 85' lang='lat' dir='ltr'><em>Both.</em></span> <span class='ocrx_word' id='word_1_511' title='bbox 955 2737 1018 2767; x_wconf 82' lang='lat' dir='ltr'><em>illis</em></span> <span class='ocrx_word' id='word_1_512' title='bbox 1030 2747 1136 2777; x_wconf 81' lang='lat' dir='ltr'><em>pergo.</em></span> <span class='ocrx_word' id='word_1_513' title='bbox 1183 2738 1191 2753; x_wconf 92' lang='lat'>‘</span> <span class='ocrx_word' id='word_1_514' title='bbox 1207 2734 1318 2773; x_wconf 80' lang='lat' dir='ltr'><em>Cave‚’</em></span> <span class='ocrx_word' id='word_1_515' title='bbox 1335 2734 1444 2774; x_wconf 84' lang='lat' dir='ltr'><em>inquit</em></span> <span class='ocrx_word' id='word_1_516' title='bbox 1468 2733 1545 2772; x_wconf 85' lang='lat' dir='ltr'><em>Bip.</em></span> <span class='ocrx_word' id='word_1_517' title='bbox 1569 2733 1664 2763; x_wconf 81' lang='lat' dir='ltr'><em>‘cum</em></span> <span class='ocrx_word' id='word_1_518' title='bbox 1681 2732 1782 2764; x_wconf 86' lang='lat' dir='ltr'><em>Beut.</em></span> 
     </span>
     <span class='ocr_line' id='line_1_49' title="bbox 334 2775 1787 2820; baseline -0.006 -7"><span class='ocrx_word' id='word_1_519' title='bbox 334 2783 502 2813; x_wconf 84' lang='lat' dir='ltr'><em>rescribas</em></span> <span class='ocrx_word' id='word_1_520' title='bbox 524 2782 621 2819; x_wconf 75' lang='lat' dir='ltr'><em>itlius,</em></span> <span class='ocrx_word' id='word_1_521' title='bbox 644 2785 702 2811; x_wconf 82' lang='lat' dir='ltr'><em>aut</em></span> <span class='ocrx_word' id='word_1_522' title='bbox 725 2790 800 2810; x_wconf 88' lang='lat' dir='ltr'><em>cnm</em></span> <span class='ocrx_word' id='word_1_523' title='bbox 817 2781 922 2811; x_wconf 87' lang='lat' dir='ltr'><em>West.</em></span> <span class='ocrx_word' id='word_1_524' title='bbox 938 2780 1099 2820; x_wconf 77' lang='lat' dir='ltr'><em>conjicias</em></span> <span class='ocrx_word' id='word_1_525' title='bbox 1116 2780 1191 2810; x_wconf 78' lang='lat' dir='ltr'><em>illis.</em></span> <span class='ocrx_word' id='word_1_526' title='bbox 1236 2777 1464 2817; x_wconf 85' lang='lat' dir='ltr'><em>Suppeditare</em></span> <span class='ocrx_word' id='word_1_527' title='bbox 1481 2775 1569 2805; x_wconf 81' lang='lat' dir='ltr'><em>enim</em></span> <span class='ocrx_word' id='word_1_528' title='bbox 1587 2775 1710 2805; x_wconf 78' lang='lat' dir='ltr'><em>sunitni</em></span> <span class='ocrx_word' id='word_1_529' title='bbox 1727 2775 1787 2805; x_wconf 84' lang='lat' dir='ltr'><em>ali-</em></span> 
     </span>
     <span class='ocr_line' id='line_1_50' title="bbox 335 2817 1785 2866; baseline -0.006 -10"><span class='ocrx_word' id='word_1_530' title='bbox 335 2825 443 2866; x_wconf 86' lang='lat' dir='ltr'><em>cujus,</em></span> <span class='ocrx_word' id='word_1_531' title='bbox 467 2830 519 2857; x_wconf 79' lang='lat' dir='ltr'><em>est</em></span> <span class='ocrx_word' id='word_1_532' title='bbox 545 2825 637 2856; x_wconf 81' lang='lat' dir='ltr'><em>illum</em></span> <span class='ocrx_word' id='word_1_533' title='bbox 666 2823 815 2855; x_wconf 80' lang='lat' dir='ltr'><em>tolerare</em></span> <span class='ocrx_word' id='word_1_534' title='bbox 846 2831 964 2864; x_wconf 86' lang='lat' dir='ltr'><em>posse;</em></span> <span class='ocrx_word' id='word_1_535' title='bbox 992 2822 1081 2864; x_wconf 88' lang='lat' dir='ltr'><em>quod</em></span> <span class='ocrx_word' id='word_1_536' title='bbox 1099 2823 1259 2854; x_wconf 81' lang='lat' dir='ltr'><em>Chremes</em></span> <span class='ocrx_word' id='word_1_537' title='bbox 1275 2818 1487 2860; x_wconf 75' lang='lat' dir='ltr'><em>negat.&#39;--58</em></span> <span class='ocrx_word' id='word_1_538' title='bbox 1510 2817 1596 2849; x_wconf 75' lang='lat' dir='ltr'><em>Mihi</em></span> <span class='ocrx_word' id='word_1_539' title='bbox 1610 2818 1688 2850; x_wconf 76' lang='lat' dir='ltr'><em>illaeo</em></span> <span class='ocrx_word' id='word_1_540' title='bbox 1703 2826 1785 2849; x_wconf 73' lang='lat' dir='ltr'><em>vero.</em></span> 
     </span>
    </p>
   </div>
  </div>
 </body>
</html>
