1966 3302
504 234 853 265 ADELPHORUM
889 235 998 265 ACT.
1025 235 1088 264 lv.
1123 235 1188 265 SC.
1213 237 1264 266 11.
1520 231 1557 270 73

1561 232 1604 272 ³3

541 392 744 435 ACTUS
779 394 862 436 IV.
923 394 1130 436 SCENA
1162 395 1227 437 II.

525 525 627 553 DEM
642 524 718 554 EA.
764 524 1020 553 C'I'ESIPHO.
1057 524 1233 555 SYRUS,

156 600 246 640 DE.
280 599 324 641 N
328 612 383 650 AE,
403 614 484 654 ego
504 601 635 643 homo
657 615 753 642 sum
774 601 950 642 infelix!
982 603 1170 656 primum
1191 603 1368 644 fratrem
1389 616 1603 657 nusquam

322 669 501 710 invenio
521 670 737 722 gentium:

155 734 379 778 Praeterea
399 740 556 787 autem,
577 737 680 778 dum
701 737 823 778 illum
844 750 1010 791 quaero,
1033 750 1059 778 a
1079 738 1186 778 villa
1205 739 1521 779 mercenarium

154 801 286 845 Vidi:
316 804 356 845 is
377 804 515 846 filium
530 809 658 858 negat
677 818 776 846 esse
797 807 905 847 ruri:
936 819 1033 855 nec,
1056 806 1164 859 quid
1185 819 1329 859 agam,
1351 807 1463 847 scio.

155 869 237 910 C'r.
269 871 398 926 Syre.
455 872 542 914 ΒΥ.
574 871 696 923 Quid
729 873 831 914 ais?
892 872 974 913 CT.
1008 872 1125 913 Mcn'
1152 873 1338 927 quaerit‘?
1399 873 1485 913 SY.
1516 873 1607 914 Vc-

323 953 431 982 rum.
492 940 577 983 CT.
607 940 754 982 Perii!
814 941 897 982 SY.
929 940 1052 991 Quin
1074 945 1117 982 tu
1140 942 1285 981 animo
1307 942 1420 982 bono
1439 954 1502 982 eS.

160 1007 245 1048 DE.
276 1005 398 1058 Quid
424 1008 523 1059 hoc,
556 1009 745 1050 malum!
776 1009 1080 1051 infelicitatis?
1112 1022 1282 1062 nequeo
1314 1009 1423 1050 satis
1454 1009 1605 1051 decer-

323 1088 452 1128 nere;
1579 1080 1607 1119 5

156 1142 262 1184 Nisi
280 1157 351 1185 me
373 1144 504 1186 credo
523 1144 622 1186 huic
643 1157 742 1186 esse
762 1148 914 1186 natum
935 1146 1013 1195 rei,
1035 1146 1231 1187 ferundis
1252 1146 1453 1188 miseriis.

155 1210 329 1252 Primus
349 1213 492 1254 sentio
512 1213 630 1254 mala
650 1217 803 1254 nostra
820 1226 831 1265 ;
862 1213 1027 1266 primus
1048 1213 1245 1254 rescisco
1267 1214 1413 1254 omnia
1430 1229 1440 1265 ;

155 1277 332 1321 Primus
351 1293 483 1334 porro
504 1281 738 1323 obnuntio:
769 1294 885 1335 aegre
907 1281 1043 1332 soluS‚
1065 1282 1102 1322 si
1126 1281 1231 1334 quid
1252 1280 1314 1331 fit,
1337 1281 1445 1322 fero.

197 1424 269 1455 DE.
293 1424 440 1463 Profecto
453 1434 519 1456 sum
532 1425 765 1464 infortunatus:
786 1426 921 1466 primum
940 1426 1081 1464 fratrem
1101 1425 1269 1457 Mitionem
1288 1428 1371 1458 nullo
1386 1428 1448 1457 loco
1464 1426 1606 1466 reperio:

155 1466 259 1505 etiam,
282 1467 355 1497 dum
377 1467 465 1498 illum
485 1469 626 1508 qnoerito,
652 1469 886 1508 mercenarium,
902 1470 957 1509 qui
980 1470 1117 1500 mercede
1132 1470 1299 1500 conductus
1313 1470 1347 1500 in
1361 1470 1435 1500 villa
1449 1472 1606 1510 operatur,

155 1509 242 1540 cidi:
264 1509 291 1539 is
310 1510 526 1550 Ctesiphonem
552 1521 626 1542 rure
649 1511 751 1542 abesse
778 1512 825 1542 ait
837 1522 849 1548 ,·
870 1522 924 1542 nec
940 1512 1014 1552 quid
1035 1522 1130 1551 agere
1149 1511 1286 1550 debeam,
1300 1513 1383 1544 novi.
1429 1512 1490 1543 (ΣΤ.
1514 1512 1607 1553 Syre.

155 1552 217 1582 SY.
244 1552 327 1587 Quid
342 1553 443 1584 dicis?
479 1553 542 1585 CT.
565 1554 660 1585 BIeue
679 1555 761 1594 petit
772 1558 785 1585 ,⁷
827 1555 891 1586 SY.
917 1555 1015 1585 Petit.
1062 1555 1121 1586 CT.
1145 1555 1295 1586 perditus
1317 1566 1396 1586 sum.
1441 1555 1504 1586 SY.
1528 1556 1611 1593 Age,

146 1595 231 1632 sorti
245 1595 349 1626 animo
362 1600 436 1627 esto.
481 1597 551 1628 DE.
570 1597 721 1632 Quaenam
737 1598 801 1628 hoec
816 1601 877 1636 est,
892 1608 909 1628 o
923 1607 989 1628 rem
1001 1596 1136 1628 malam!
1151 1597 1344 1635 infelicitas?
1355 1608 1423 1629 cum
1437 1597 1518 1629 nihil
1530 1598 1609 1628 certi

155 1637 340 1669 constituere
350 1638 474 1679 possim,
489 1639 551 1670 nisi
565 1641 643 1680 quod
658 1650 677 1670 α
696 1643 808 1670 natura
827 1644 1022 1681 comparatus
1036 1650 1104 1671 sum
1119 1641 1158 1671 ad
1173 1641 1366 1672 tolerandum
1381 1641 1584 1672 adversitates
1596 1651 1607 1671 .·

152 1680 271 1720 primus
284 1680 456 1718 infortunia
469 1685 499 1713 et
514 1684 626 1714 damna
638 1686 744 1714 nostra
758 1682 879 1722 patior.-
899 1683 1031 1724 prz‘mus,
1047 1684 1181 1714 omnium
1202 1684 1303 1714 subito
1318 1684 1432 1715 certior
1449 1684 1518 1724 fio:
1539 1685 1607 1724 pri-

157 1733 224 1754 mus
238 1723 266 1754 si
280 1723 354 1764 quid
367 1724 490 1756 adversi
503 1725 654 1766 imminet,
669 1727 777 1757 nuntio
790 1737 800 1757 .·
822 1726 903 1757 solus
919 1727 1066 1767 dolorem,
1079 1726 1108 1757 εὶ
1122 1727 1195 1767 quid
1210 1727 1377 1767 contingit,
1392 1727 1502 1759 sentio.
1547 1727 1608 1758 SY.

765 1833 937 1845 ‘W
942 1833 999 1845 ΙΝ

203 1912 218 1940 1
244 1908 329 1940 Mss.
343 1908 479 1950 quidam
494 1913 530 1941 et
545 1909 702 1950 impressi
718 1915 851 1942 veteres
872 1915 951 1951 post
974 1910 1047 1943 ΕΡ.
1069 1914 1190 1950 egomet
1204 1911 1303 1944 homo.
1324 1911 1435 1942 West.
1479 1910 1608 1942 Versus

157 1956 210 1983 est
229 1952 327 1992 justo
352 1953 496 1992 longior.
541 1953 621 1984 Duo
638 1962 680 1983 ex
695 1953 821 1984 nostris
837 1963 903 1985 non
917 1953 1047 1985 habent
1061 1954 1158 1985 homo.
1200 1954 1319 1984 Malim
1335 1957 1450 1984 tamen
1466 1963 1534 1984 sum
1549 1955 1611 1994 eji-

158 2004 248 2026 cere.
270 1994 368 2026 Bent.
391 1995 440 2026 At
453 1994 597 2026 formula
612 1996 621 2012 ‘
632 1996 731 2027 homo
747 1996 992 2028 sum’Terentii
1007 2002 1074 2036 est,
1091 2007 1165 2038 quae
1182 1996 1285 2027 adimi
1301 2005 1366 2027 non
1383 1996 1498 2028 debet.
1523 1997 1610 2028 Perl.

160 2037 391 2077 Versusjusto
407 2037 537 2078 longior
553 2042 625 2070 est:
649 2048 759 2078 eoque
773 2039 899 2079 rejecit
914 2040 1017 2071 Bent.
1033 2039 1070 2070 τὸ
1084 2050 1165 2080 sum,
1179 2039 1267 2080 quod
1283 2038 1499 2070 retinendum
1516 2039 1609 2070 vide-

158 2085 225 2111 tur.
264 2080 368 2111 Homo
382 2080 416 2111 in
432 2081 518 2111 Mss.
535 2086 571 2112 et
585 2081 666 2112 edd.
681 2081 800 2122 priscis
814 2083 927 2113 locum
943 2086 1070 2114 mutat:
1086 2083 1150 2113 hoc
1164 2081 1299 2113 aliunde
1312 2082 1482 2119 ingestum
1497 2082 1609 2122 potius

158 2122 259 2154 absit.
275 2122 353 2162 Rip.
390 2122 467 2154 Sum
481 2123 574 2155 delet
589 2123 691 2155 Both.
729 2124 930 2166 Interrogat
946 2126 1007 2157 ΒΓ.
1023 2130 1102 2166 post
1114 2127 1124 2144 ‘
1137 2124 1345 2157 infelix.'-—2
1360 2124 1507 2157 Quidam
1523 2125 1611 2158 Mss.

159 2171 195 2197 et
211 2165 366 2205 impressi
379 2165 479 2197 codd.
495 2176 514 2197 a
528 2177 558 2197 v.
571 2167 750 2198 redeuntem
762 2177 856 2200 merc.
879 2168 988 2200 West.
1031 2168 1075 2200 A.
1100 2178 1128 2199 υ.
1154 2168 1211 2208 m.]
1234 2168 1316 2199 Par.
1337 2178 1400 2199 ms.
1422 2169 1614 2207 redeuntem,

159 2210 257 2239 mire.
282 2208 434 2240 Pera-3
458 2209 632 2240 Charisius
647 2209 708 2240 lib.
724 2219 748 2241 1.
762 2220 835 2241 rure
860 2211 955 2251 legit.
982 2210 1086 2247 West,
1133 2210 1208 2243 Vidi
1217 2222 1230 2248 ;
1253 2214 1347 2250 negat
1370 2211 1398 2241 is
1413 2210 1522 2251 filium
1548 2221 1613 2241 esse

158 2252 228 2282 ruri
243 2250 344 2283 Both.
358 2254 395 2283 et
410 2252 506 2282 Perl.
521 2252 578 2292 qui
593 2256 709 2284 monet
725 2253 758 2284 in
773 2252 892 2284 Guelf.
907 2256 939 2284 2.
963 2263 1036 2284 esse
1052 2253 1143 2294 quod
1169 2254 1390 2294 legimus.—-4
1412 2254 1509 2284 Bona
1533 2263 1612 2294 pars

162 2295 246 2325 Mss.
262 2299 297 2324 et
312 2295 550 2333 impressorum
569 2294 744 2335 Codicum,
759 2300 863 2337 atque
880 2297 914 2326 in
928 2296 995 2327 illis
1010 2296 1083 2328 ΕΡ.
1103 2296 1189 2332 Quid
1203 2297 1294 2336 agis?
1309 2296 1455 2329 Quidam
1474 2296 1613 2336 rectius,

163 2338 248 2373 Quid
261 2335 335 2368 est?
356 2338 467 2369 'West.
510 2337 696 2369 Bembinus
722 2338 822 2378 liber,
848 2342 884 2370 et
909 2347 1024 2369 omnes
1046 2337 1118 2370 fere
1133 2339 1204 2378 alii,
1222 2339 1307 2375 Quid
1322 2343 1391 2370 est?
1414 2339 1473 2370 Fa.
1516 2340 1613 2370 Unus

161 2385 292 2412 tantum
308 2390 351 2411 ex
366 2381 493 2412 nostris
508 2385 566 2421 est,
582 2381 691 2412 ceteri
705 2381 765 2422 ais,
780 2381 861 2421 agis.
892 2381 1001 2413 Porro
1011 2382 1089 2422 lege
1102 2391 1144 2412 ex
1158 2382 1265 2413 tribus
1277 2382 1415 2418 nostris,
1427 2382 1503 2413 bono
1511 2382 1614 2413 animo

162 2434 204 2455 es.
228 2424 329 2454 Bent.
377 2423 464 2459 Quid
485 2427 531 2455 est
555 2424 668 2463 prisca
692 2424 747 2455 ed.
774 2428 901 2456 nostra.
935 2424 1039 2464 Vulg.
1059 2424 1134 2465 quid
1148 2423 1223 2456 ais?
1245 2425 1341 2456 Nihil
1356 2434 1436 2456 vero
1452 2425 1615 2457 narravit.

163 2467 240 2506 Bip.
284 2466 367 2505 Agis
381 2467 441 2498 ΒΥ.
487 2467 546 2497 Est
563 2466 602 2497 Z.
620 2467 698 2507 Bip.
716 2468 818 2498 Both.
834 2471 871 2498 et
886 2467 981 2498 Peri.
997 2467 1053 2508 qni
1070 2467 1129 2498 dat
1144 2467 1219 2498 bono
1234 2468 1411 2500 animm—5
1438 2467 1495 2499 Sat
1510 2467 1612 2499 Both.

162 2512 226 2540 -6
250 2507 360 2540 Abest
375 2510 464 2540 credo
479 2519 499 2540 a
516 2508 631 2541 Guelf.
646 2513 678 2540 2.
724 2511 772 2541 Re
787 2510 889 2541 Both.
905 2510 1066 2550 legin—7
1080 2511 1212 2549 Nostra,
1224 2511 1344 2550 primus
1357 2510 1498 2551 rescisco,
1512 2512 1615 2541 omnia

164 2552 265 2584 Both.
301 2553 433 2593 Nostra,
445 2563 494 2593 pr.
508 2552 639 2583 rescisco
653 2553 756 2584 omnia
771 2553 929 2586 Foth—8
946 2554 1006 2584 Pr.
1020 2556 1122 2594 porco,
1136 2553 1261 2585 enuntio
1276 2553 1363 2586 Pau.
1390 2554 1489 2586 West.
1532 2554 1614 2585 Par.

819 2660 960 2695 NOTAE

210 2740 227 2766 5
247 2737 330 2772 Quid
341 2735 548 2775 horandum!
567 2735 780 2777 infelicitatis]
795 2736 864 2768 Hic
920 2740 929 2753 ‘
946 2746 966 2768 o
981 2735 1131 2768 malum!

168 2787 176 2803 ‘
194 2788 317 2817 maium
332 2787 338 2798 ’
355 2797 416 2827 pro
444 2788 683 2828 interjectione
705 2788 865 2829 positum,

254 2840 366 2881 Delph.
384 2845 413 2872 et
431 2841 505 2874 ναν.
520 2843 603 2874 Clas.
832 2842 953 2875 Terent.
1457 2844 1476 2872 3
1500 2840 1532 2872 A
