<?xml version="1.0" encoding="UTF-8"?>
<!DOCTYPE html PUBLIC "-//W3C//DTD XHTML 1.0 Transitional//EN"
    "http://www.w3.org/TR/xhtml1/DTD/xhtml1-transitional.dtd">
<html xmlns="http://www.w3.org/1999/xhtml" xml:lang="en" lang="en">
 <head>
  <title>
</title>
<meta http-equiv="Content-Type" content="text/html;charset=utf-8" />
  <meta name='ocr-system' content='tesseract 3.04.00' />
  <meta name='ocr-capabilities' content='ocr_page ocr_carea ocr_par ocr_line ocrx_word'/>
</head>
<body>
  <div class='ocr_page' id='page_1' title='image "./pubterentiiafric02tereuoft/pubterentiiafric02tereuoft_0232.png"; bbox 0 0 1966 3302; ppageno 0'>
   <div class='ocr_carea' id='block_1_1' title="bbox 275 255 1240 300">
    <p class='ocr_par' dir='ltr' id='par_1_1' title="bbox 275 255 1240 300">
     <span class='ocr_line' id='line_1_1' title="bbox 275 255 1240 300; baseline 0.003 -3"><span class='ocrx_word' id='word_1_1' title='bbox 275 255 360 297; x_wconf 74' lang='lat'>722</span> <span class='ocrx_word' id='word_1_2' title='bbox 778 268 816 298; x_wconf 86' lang='lat' dir='ltr'>P.</span> <span class='ocrx_word' id='word_1_3' title='bbox 848 268 1090 299; x_wconf 79' lang='lat' dir='ltr'>TERENTH</span> <span class='ocrx_word' id='word_1_4' title='bbox 1124 269 1240 300; x_wconf 69' lang='lat' dir='ltr'>Arm</span> 
     </span>
    </p>
   </div>
   <div class='ocr_carea' id='block_1_2' title="bbox 276 361 1728 759">
    <p class='ocr_par' dir='ltr' id='par_1_2' title="bbox 281 361 1652 413">
     <span class='ocr_line' id='line_1_2' title="bbox 281 361 1652 413; baseline 0.004 -11"><span class='ocrx_word' id='word_1_5' title='bbox 281 361 369 402; x_wconf 82' lang='lat' dir='ltr'>DE.</span> <span class='ocrx_word' id='word_1_6' title='bbox 403 361 522 413; x_wconf 84' lang='lat' dir='ltr'>Quid</span> <span class='ocrx_word' id='word_1_7' title='bbox 541 375 639 403; x_wconf 89' lang='lat' dir='ltr'>eum</span> <span class='ocrx_word' id='word_1_8' title='bbox 654 362 673 401; x_wconf 72' lang='lat' dir='ltr'>‘t</span> <span class='ocrx_word' id='word_1_9' title='bbox 704 361 896 403; x_wconf 84' lang='lat' dir='ltr'>vidistin&#39;</span> <span class='ocrx_word' id='word_1_10' title='bbox 915 362 1082 404; x_wconf 74' lang='lat' dir='ltr'>hodie&#39;t</span> <span class='ocrx_word' id='word_1_11' title='bbox 1144 364 1228 406; x_wconf 85' lang='lat' dir='ltr'>SY.</span> <span class='ocrx_word' id='word_1_12' title='bbox 1259 364 1460 406; x_wconf 86' lang='lat' dir='ltr'><strong>Tuumne</strong></span> <span class='ocrx_word' id='word_1_13' title='bbox 1481 365 1619 407; x_wconf 87' lang='lat' dir='ltr'>filium</span> <span class='ocrx_word' id='word_1_14' title='bbox 1633 369 1652 408; x_wconf 80' lang='lat' dir='ltr'>&#39;t</span> 
     </span>
    </p>

    <p class='ocr_par' dir='ltr' id='par_1_3' title="bbox 276 428 1685 489">
     <span class='ocr_line' id='line_1_3' title="bbox 276 428 1685 489; baseline 0.005 -20"><span class='ocrx_word' id='word_1_15' title='bbox 276 428 468 484; x_wconf 80' lang='lat' dir='ltr'><strong>Abigam</strong></span> <span class='ocrx_word' id='word_1_16' title='bbox 488 430 602 472; x_wconf 91' lang='lat' dir='ltr'>hunc</span> <span class='ocrx_word' id='word_1_17' title='bbox 623 443 695 471; x_wconf 86' lang='lat' dir='ltr'>rus</span> <span class='ocrx_word' id='word_1_18' title='bbox 713 444 722 471; x_wconf 79' lang='lat' dir='ltr'>t</span> <span class='ocrx_word' id='word_1_19' title='bbox 750 430 1017 489; x_wconf 80' lang='lat' dir='ltr'>jamdudum</span> <span class='ocrx_word' id='word_1_20' title='bbox 1037 431 1206 486; x_wconf 85' lang='lat' dir='ltr'>aliquid</span> <span class='ocrx_word' id='word_1_21' title='bbox 1228 434 1317 473; x_wconf 88' lang='lat' dir='ltr'>ruri</span> <span class='ocrx_word' id='word_1_22' title='bbox 1338 446 1464 486; x_wconf 84' lang='lat' dir='ltr'>agere</span> <span class='ocrx_word' id='word_1_23' title='bbox 1487 435 1685 476; x_wconf 78' lang='lat' dir='ltr'><strong>arbitror.</strong></span> 
     </span>
    </p>

    <p class='ocr_par' dir='ltr' id='par_1_4' title="bbox 280 485 1728 619">
     <span class='ocr_line' id='line_1_4' title="bbox 280 485 1728 555; baseline 0.004 -17"><span class='ocrx_word' id='word_1_24' title='bbox 280 497 370 540; x_wconf 84' lang='lat' dir='ltr'>DE.</span> <span class='ocrx_word' id='word_1_25' title='bbox 402 498 540 540; x_wconf 84' lang='lat' dir='ltr'>Satin&#39;</span> <span class='ocrx_word' id='word_1_26' title='bbox 571 499 660 540; x_wconf 87' lang='lat' dir='ltr'>scis</span> <span class='ocrx_word' id='word_1_27' title='bbox 690 499 753 539; x_wconf 87' lang='lat' dir='ltr'>ibi</span> <span class='ocrx_word' id='word_1_28' title='bbox 776 510 875 539; x_wconf 84' lang='lat' dir='ltr'>esse</span> <span class='ocrx_word' id='word_1_29' title='bbox 890 490 915 538; x_wconf 70' lang='lat'>²?</span> <span class='ocrx_word' id='word_1_30' title='bbox 972 499 1056 541; x_wconf 83' lang='lat' dir='ltr'>SY.</span> <span class='ocrx_word' id='word_1_31' title='bbox 1089 499 1183 541; x_wconf 92' lang='lat' dir='ltr'>Oh!</span> <span class='ocrx_word' id='word_1_32' title='bbox 1216 502 1291 554; x_wconf 92' lang='lat' dir='ltr'>qui</span> <span class='ocrx_word' id='word_1_33' title='bbox 1322 485 1495 554; x_wconf 47' lang='lat' dir='ltr'>egomet</span> <span class='ocrx_word' id='word_1_34' title='bbox 1523 501 1728 555; x_wconf 82' lang='lat' dir='ltr'>produxi.</span> 
     </span>
     <span class='ocr_line' id='line_1_5' title="bbox 451 564 857 619; baseline 0 -13"><span class='ocrx_word' id='word_1_35' title='bbox 451 566 544 606; x_wconf 66' lang='lat' dir='ltr'>DE.</span> <span class='ocrx_word' id='word_1_36' title='bbox 576 565 766 619; x_wconf 83' lang='lat' dir='ltr'><strong>Optume</strong></span> <span class='ocrx_word' id='word_1_37' title='bbox 785 564 857 606; x_wconf 85' lang='lat' dir='ltr'>&#39;st.</span> 
     </span>
    </p>

    <p class='ocr_par' dir='ltr' id='par_1_5' title="bbox 279 632 1587 688">
     <span class='ocr_line' id='line_1_6' title="bbox 279 632 1587 688; baseline 0.005 -16"><span class='ocrx_word' id='word_1_38' title='bbox 279 632 439 682; x_wconf 83' lang='lat' dir='ltr'>Metui,</span> <span class='ocrx_word' id='word_1_39' title='bbox 460 646 512 673; x_wconf 88' lang='lat' dir='ltr'>ne</span> <span class='ocrx_word' id='word_1_40' title='bbox 533 633 711 674; x_wconf 84' lang='lat' dir='ltr'>haereret</span> <span class='ocrx_word' id='word_1_41' title='bbox 730 633 813 674; x_wconf 89' lang='lat' dir='ltr'>hic.</span> <span class='ocrx_word' id='word_1_42' title='bbox 877 633 961 674; x_wconf 86' lang='lat' dir='ltr'>SY.</span> <span class='ocrx_word' id='word_1_43' title='bbox 993 632 1140 688; x_wconf 85' lang='lat' dir='ltr'><strong>Atque</strong></span> <span class='ocrx_word' id='word_1_44' title='bbox 1157 635 1313 676; x_wconf 84' lang='lat' dir='ltr'>iratum</span> <span class='ocrx_word' id='word_1_45' title='bbox 1336 637 1587 678; x_wconf 85' lang='lat' dir='ltr'>admodum.</span> 
     </span>
    </p>

    <p class='ocr_par' dir='ltr' id='par_1_6' title="bbox 278 700 1728 759">
     <span class='ocr_line' id='line_1_7' title="bbox 278 700 1728 759; baseline 0.003 -18"><span class='ocrx_word' id='word_1_46' title='bbox 278 700 368 741; x_wconf 71' lang='lat' dir='ltr'>DE.</span> <span class='ocrx_word' id='word_1_47' title='bbox 401 700 520 751; x_wconf 83' lang='lat' dir='ltr'>Quid</span> <span class='ocrx_word' id='word_1_48' title='bbox 543 702 720 742; x_wconf 72' lang='lat' dir='ltr'>autem?</span> <span class='ocrx_word' id='word_1_49' title='bbox 781 702 864 743; x_wconf 76' lang='grc' dir='ltr'>ΞΥ.</span> <span class='ocrx_word' id='word_1_50' title='bbox 897 700 1094 744; x_wconf 83' lang='lat' dir='ltr'>Adortus</span> <span class='ocrx_word' id='word_1_51' title='bbox 1120 703 1263 758; x_wconf 84' lang='lat' dir='ltr'>jurgio</span> <span class='ocrx_word' id='word_1_52' title='bbox 1297 704 1479 746; x_wconf 84' lang='lat' dir='ltr'>fratrem</span> <span class='ocrx_word' id='word_1_53' title='bbox 1510 704 1629 759; x_wconf 83' lang='lat' dir='ltr'>apud</span> <span class='ocrx_word' id='word_1_54' title='bbox 1660 703 1728 746; x_wconf 84' lang='lat' dir='ltr'>fo-</span> 
     </span>
    </p>
   </div>
   <div class='ocr_carea' id='block_1_3' title="bbox 277 773 1729 947">
    <p class='ocr_par' dir='ltr' id='par_1_7' title="bbox 277 773 1729 947">
     <span class='ocr_line' id='line_1_8' title="bbox 446 773 1729 813; baseline 0.003 -4"><span class='ocrx_word' id='word_1_55' title='bbox 446 782 538 809; x_wconf 89' lang='lat' dir='ltr'>rum</span> <span class='ocrx_word' id='word_1_56' title='bbox 1672 773 1729 813; x_wconf 70' lang='lat'>50</span> 
     </span>
     <span class='ocr_line' id='line_1_9' title="bbox 277 801 1728 891; baseline 0.003 -14"><span class='ocrx_word' id='word_1_57' title='bbox 277 836 347 878; x_wconf 87' lang='lat' dir='ltr'>De</span> <span class='ocrx_word' id='word_1_58' title='bbox 384 801 571 891; x_wconf 55' lang='lat' dir='ltr'>psaltriu</span> <span class='ocrx_word' id='word_1_59' title='bbox 602 838 727 879; x_wconf 83' lang='lat' dir='ltr'>istac.</span> <span class='ocrx_word' id='word_1_60' title='bbox 788 838 877 878; x_wconf 82' lang='lat' dir='ltr'>DE.</span> <span class='ocrx_word' id='word_1_61' title='bbox 909 837 1011 879; x_wconf 79' lang='lat' dir='ltr'>Ain⁹</span> <span class='ocrx_word' id='word_1_62' title='bbox 1046 840 1184 880; x_wconf 75' lang='lat' dir='ltr'>vero?</span> <span class='ocrx_word' id='word_1_63' title='bbox 1247 840 1330 880; x_wconf 69' lang='grc' dir='ltr'>ΞΥ.</span> <span class='ocrx_word' id='word_1_64' title='bbox 1362 839 1485 881; x_wconf 87' lang='lat' dir='ltr'>Vah!</span> <span class='ocrx_word' id='word_1_65' title='bbox 1520 839 1628 881; x_wconf 87' lang='lat' dir='ltr'>nihil</span> <span class='ocrx_word' id='word_1_66' title='bbox 1661 853 1728 881; x_wconf 87' lang='lat' dir='ltr'>re-</span> 
     </span>
     <span class='ocr_line' id='line_1_10' title="bbox 446 906 585 947; baseline -0.014 -1"><span class='ocrx_word' id='word_1_67' title='bbox 446 906 585 947; x_wconf 89' lang='lat' dir='ltr'>ticuit.</span> 
     </span>
    </p>
   </div>
   <div class='ocr_carea' id='block_1_4' title="bbox 270 1014 1733 1316">
    <p class='ocr_par' dir='ltr' id='par_1_8' title="bbox 270 1014 1733 1316">
     <span class='ocr_line' id='line_1_11' title="bbox 274 1014 1731 1058; baseline 0.001 -10"><span class='ocrx_word' id='word_1_68' title='bbox 274 1027 361 1048; x_wconf 84' lang='lat' dir='ltr'>suum</span> <span class='ocrx_word' id='word_1_69' title='bbox 374 1016 494 1057; x_wconf 81' lang='lat' dir='ltr'>fllium,</span> <span class='ocrx_word' id='word_1_70' title='bbox 514 1017 560 1048; x_wconf 88' lang='lat' dir='ltr'>sic</span> <span class='ocrx_word' id='word_1_71' title='bbox 576 1020 632 1048; x_wconf 84' lang='lat' dir='ltr'>est.</span> <span class='ocrx_word' id='word_1_72' title='bbox 678 1016 743 1047; x_wconf 80' lang='lat' dir='ltr'>DE.</span> <span class='ocrx_word' id='word_1_73' title='bbox 771 1016 856 1052; x_wconf 83' lang='lat' dir='ltr'>Quid</span> <span class='ocrx_word' id='word_1_74' title='bbox 881 1014 975 1048; x_wconf 81' lang='lat' dir='ltr'>eum?</span> <span class='ocrx_word' id='word_1_75' title='bbox 1004 1016 1171 1058; x_wconf 77' lang='lat' dir='ltr'>(intelligit</span> <span class='ocrx_word' id='word_1_76' title='bbox 1195 1016 1425 1057; x_wconf 78' lang='lat' dir='ltr'>Ctesiphonem)</span> <span class='ocrx_word' id='word_1_77' title='bbox 1446 1017 1592 1048; x_wconf 80' lang='lat' dir='ltr'><strong><em>vidistine</em></strong></span> <span class='ocrx_word' id='word_1_78' title='bbox 1616 1018 1731 1050; x_wconf 80' lang='lat' dir='ltr'>hodie?</span> 
     </span>
     <span class='ocr_line' id='line_1_12' title="bbox 274 1058 1729 1101; baseline 0.001 -11"><span class='ocrx_word' id='word_1_79' title='bbox 274 1060 340 1091; x_wconf 78' lang='grc' dir='ltr'>ΞΥ.</span> <span class='ocrx_word' id='word_1_80' title='bbox 365 1060 501 1091; x_wconf 80' lang='lat' dir='ltr'>Tuumne</span> <span class='ocrx_word' id='word_1_81' title='bbox 514 1058 646 1101; x_wconf 75' lang='lat' dir='ltr'>filium?</span> <span class='ocrx_word' id='word_1_82' title='bbox 673 1060 814 1101; x_wconf 75' lang='lat' dir='ltr'>(abigam</span> <span class='ocrx_word' id='word_1_83' title='bbox 829 1061 908 1091; x_wconf 77' lang='lat' dir='ltr'>hunc</span> <span class='ocrx_word' id='word_1_84' title='bbox 929 1060 1090 1090; x_wconf 78' lang='lat' dir='ltr'>molestum</span> <span class='ocrx_word' id='word_1_85' title='bbox 1109 1068 1210 1090; x_wconf 79' lang='lat' dir='ltr'>senem</span> <span class='ocrx_word' id='word_1_86' title='bbox 1235 1061 1274 1090; x_wconf 83' lang='lat' dir='ltr'>ad</span> <span class='ocrx_word' id='word_1_87' title='bbox 1300 1069 1388 1090; x_wconf 78' lang='lat' dir='ltr'>suum</span> <span class='ocrx_word' id='word_1_88' title='bbox 1412 1059 1596 1100; x_wconf 84' lang='lat' dir='ltr'>praedium.)</span> <span class='ocrx_word' id='word_1_89' title='bbox 1638 1062 1729 1092; x_wconf 78' lang='lat' dir='ltr'>Jam-</span> 
     </span>
     <span class='ocr_line' id='line_1_13' title="bbox 270 1102 1727 1143; baseline 0.003 -11"><span class='ocrx_word' id='word_1_90' title='bbox 270 1103 392 1143; x_wconf 80' lang='lat' dir='ltr'>pridem</span> <span class='ocrx_word' id='word_1_91' title='bbox 407 1103 486 1134; x_wconf 83' lang='lat' dir='ltr'>hunc</span> <span class='ocrx_word' id='word_1_92' title='bbox 499 1103 566 1134; x_wconf 76' lang='lat' dir='ltr'>ruri</span> <span class='ocrx_word' id='word_1_93' title='bbox 581 1103 676 1133; x_wconf 77' lang='lat' dir='ltr'>alicui</span> <span class='ocrx_word' id='word_1_94' title='bbox 689 1104 736 1134; x_wconf 81' lang='lat' dir='ltr'>rei</span> <span class='ocrx_word' id='word_1_95' title='bbox 751 1104 825 1134; x_wconf 78' lang='lat' dir='ltr'>dare</span> <span class='ocrx_word' id='word_1_96' title='bbox 839 1112 963 1143; x_wconf 82' lang='lat' dir='ltr'>operam</span> <span class='ocrx_word' id='word_1_97' title='bbox 978 1103 1097 1142; x_wconf 74' lang='lat' dir='ltr'>opinor.</span> <span class='ocrx_word' id='word_1_98' title='bbox 1133 1103 1201 1133; x_wconf 76' lang='lat' dir='ltr'>DE.</span> <span class='ocrx_word' id='word_1_99' title='bbox 1232 1103 1283 1133; x_wconf 76' lang='lat' dir='ltr'>An</span> <span class='ocrx_word' id='word_1_100' title='bbox 1299 1102 1410 1133; x_wconf 79' lang='lat' dir='ltr'>certior</span> <span class='ocrx_word' id='word_1_101' title='bbox 1421 1113 1465 1142; x_wconf 77' lang='lat' dir='ltr'>eS,</span> <span class='ocrx_word' id='word_1_102' title='bbox 1481 1103 1524 1133; x_wconf 76' lang='lat' dir='ltr'>ibi</span> <span class='ocrx_word' id='word_1_103' title='bbox 1539 1113 1608 1134; x_wconf 82' lang='lat' dir='ltr'>eum</span> <span class='ocrx_word' id='word_1_104' title='bbox 1621 1113 1727 1143; x_wconf 79' lang='lat' dir='ltr'>agere.</span> 
     </span>
     <span class='ocr_line' id='line_1_14' title="bbox 273 1145 1726 1186; baseline 0.001 -10"><span class='ocrx_word' id='word_1_105' title='bbox 273 1145 334 1177; x_wconf 76' lang='grc' dir='ltr'>ΞΥ.</span> <span class='ocrx_word' id='word_1_106' title='bbox 349 1146 411 1183; x_wconf 84' lang='lat' dir='ltr'>Oh,</span> <span class='ocrx_word' id='word_1_107' title='bbox 422 1146 474 1186; x_wconf 73' lang='lat' dir='ltr'>qui</span> <span class='ocrx_word' id='word_1_108' title='bbox 486 1149 603 1186; x_wconf 77' lang='lat' dir='ltr'><em>egomet</em></span> <span class='ocrx_word' id='word_1_109' title='bbox 612 1147 700 1177; x_wconf 84' lang='lat' dir='ltr'>illum</span> <span class='ocrx_word' id='word_1_110' title='bbox 711 1156 745 1177; x_wconf 87' lang='lat' dir='ltr'>eo</span> <span class='ocrx_word' id='word_1_111' title='bbox 760 1157 854 1186; x_wconf 83' lang='lat' dir='ltr'>usque</span> <span class='ocrx_word' id='word_1_112' title='bbox 869 1146 997 1177; x_wconf 78' lang='lat' dir='ltr'>deduxi.</span> <span class='ocrx_word' id='word_1_113' title='bbox 1022 1146 1090 1177; x_wconf 82' lang='lat' dir='ltr'>DE.</span> <span class='ocrx_word' id='word_1_114' title='bbox 1106 1145 1202 1176; x_wconf 77' lang='lat' dir='ltr'>Recte</span> <span class='ocrx_word' id='word_1_115' title='bbox 1208 1145 1345 1183; x_wconf 80' lang='lat' dir='ltr'>sactum.</span> <span class='ocrx_word' id='word_1_116' title='bbox 1370 1145 1474 1176; x_wconf 80' lang='lat' dir='ltr'>Timui</span> <span class='ocrx_word' id='word_1_117' title='bbox 1489 1156 1527 1176; x_wconf 84' lang='lat' dir='ltr'>ne</span> <span class='ocrx_word' id='word_1_118' title='bbox 1541 1146 1591 1176; x_wconf 82' lang='lat' dir='ltr'>hic</span> <span class='ocrx_word' id='word_1_119' title='bbox 1606 1147 1726 1178; x_wconf 67' lang='lat' dir='ltr'>luerem</span> 
     </span>
     <span class='ocr_line' id='line_1_15' title="bbox 274 1188 1733 1229; baseline 0.001 -10"><span class='ocrx_word' id='word_1_120' title='bbox 274 1198 342 1219; x_wconf 85' lang='lat' dir='ltr'>cum</span> <span class='ocrx_word' id='word_1_121' title='bbox 371 1190 520 1220; x_wconf 78' lang='lat' dir='ltr'>AEschino</span> <span class='ocrx_word' id='word_1_122' title='bbox 545 1193 729 1221; x_wconf 80' lang='lat' dir='ltr'>moraretur.</span> <span class='ocrx_word' id='word_1_123' title='bbox 773 1190 835 1221; x_wconf 80' lang='grc' dir='ltr'>ΞΥ.</span> <span class='ocrx_word' id='word_1_124' title='bbox 858 1190 962 1229; x_wconf 82' lang='lat' dir='ltr'><em>Atque</em></span> <span class='ocrx_word' id='word_1_125' title='bbox 982 1188 1030 1219; x_wconf 76' lang='lat' dir='ltr'>ira</span> <span class='ocrx_word' id='word_1_126' title='bbox 1058 1189 1145 1219; x_wconf 80' lang='lat' dir='ltr'>valde</span> <span class='ocrx_word' id='word_1_127' title='bbox 1173 1192 1364 1219; x_wconf 77' lang='lat' dir='ltr'>commotum.</span> <span class='ocrx_word' id='word_1_128' title='bbox 1407 1189 1477 1219; x_wconf 83' lang='lat' dir='ltr'>DE.</span> <span class='ocrx_word' id='word_1_129' title='bbox 1504 1189 1733 1224; x_wconf 78' lang='lat' dir='ltr'><em>Quamobrem?</em></span> 
     </span>
     <span class='ocr_line' id='line_1_16' title="bbox 273 1231 1730 1273; baseline 0 -10"><span class='ocrx_word' id='word_1_130' title='bbox 273 1232 337 1263; x_wconf 82' lang='lat' dir='ltr'>SY.</span> <span class='ocrx_word' id='word_1_131' title='bbox 375 1232 495 1273; x_wconf 81' lang='lat' dir='ltr'>Incepz&#39;t</span> <span class='ocrx_word' id='word_1_132' title='bbox 513 1232 546 1262; x_wconf 77' lang='lat' dir='ltr'>in</span> <span class='ocrx_word' id='word_1_133' title='bbox 560 1233 636 1271; x_wconf 84' lang='lat' dir='ltr'>foro</span> <span class='ocrx_word' id='word_1_134' title='bbox 644 1232 783 1270; x_wconf 80' lang='lat' dir='ltr'>fratrem</span> <span class='ocrx_word' id='word_1_135' title='bbox 798 1231 960 1271; x_wconf 77' lang='lat' dir='ltr'>objurgare</span> <span class='ocrx_word' id='word_1_136' title='bbox 974 1235 1100 1272; x_wconf 82' lang='lat' dir='ltr'>propter</span> <span class='ocrx_word' id='word_1_137' title='bbox 1115 1231 1377 1272; x_wconf 82' lang='lat' dir='ltr'>hancfidz&#39;cz&#39;nam.</span> <span class='ocrx_word' id='word_1_138' title='bbox 1419 1233 1490 1263; x_wconf 83' lang='lat' dir='ltr'>DE.</span> <span class='ocrx_word' id='word_1_139' title='bbox 1513 1232 1605 1263; x_wconf 84' lang='lat' dir='ltr'>Itane</span> <span class='ocrx_word' id='word_1_140' title='bbox 1622 1236 1679 1270; x_wconf 85' lang='lat' dir='ltr'>est,</span> <span class='ocrx_word' id='word_1_141' title='bbox 1694 1236 1730 1264; x_wconf 81' lang='lat' dir='ltr'>ut</span> 
     </span>
     <span class='ocr_line' id='line_1_17' title="bbox 274 1273 1730 1316; baseline 0.001 -11"><span class='ocrx_word' id='word_1_142' title='bbox 274 1275 345 1306; x_wconf 81' lang='lat' dir='ltr'>ais?</span> <span class='ocrx_word' id='word_1_143' title='bbox 387 1275 450 1306; x_wconf 87' lang='grc' dir='ltr'>ΞΥ.</span> <span class='ocrx_word' id='word_1_144' title='bbox 490 1275 583 1307; x_wconf 77' lang='lat' dir='ltr'><em>Vah!</em></span> <span class='ocrx_word' id='word_1_145' title='bbox 611 1275 692 1307; x_wconf 71' lang='lat' dir='ltr'>nihil</span> <span class='ocrx_word' id='word_1_146' title='bbox 719 1275 923 1316; x_wconf 79' lang='lat' dir='ltr'>proetermisit</span> <span class='ocrx_word' id='word_1_147' title='bbox 952 1284 1066 1314; x_wconf 74' lang='lat' dir='ltr'>eorum,</span> <span class='ocrx_word' id='word_1_148' title='bbox 1091 1284 1163 1314; x_wconf 73' lang='lat' dir='ltr'>qua:</span> <span class='ocrx_word' id='word_1_149' title='bbox 1192 1274 1405 1314; x_wconf 72' lang='lat' dir='ltr'>exprobranda</span> <span class='ocrx_word' id='word_1_150' title='bbox 1420 1273 1574 1312; x_wconf 81' lang='lat' dir='ltr'>suerunt.-</span> <span class='ocrx_word' id='word_1_151' title='bbox 1597 1285 1669 1307; x_wconf 78' lang='lat' dir='ltr'>nam</span> <span class='ocrx_word' id='word_1_152' title='bbox 1694 1278 1730 1306; x_wconf 77' lang='lat' dir='ltr'>ut</span> 
     </span>
    </p>
   </div>
   <div class='ocr_carea' id='block_1_5' title="bbox 882 1368 1125 1384">
    <p class='ocr_par' dir='ltr' id='par_1_9' title="bbox 882 1368 1125 1384">
     <span class='ocr_line' id='line_1_18' title="bbox 882 1368 1125 1384; baseline -0.012 -2"><span class='ocrx_word' id='word_1_153' title='bbox 882 1368 1125 1384; x_wconf 56' lang='lat' dir='ltr'>“treus-‘eoo</span> 
     </span>
    </p>
   </div>
   <div class='ocr_carea' id='block_1_6' title="bbox 272 1433 1731 2721">
    <p class='ocr_par' dir='ltr' id='par_1_10' title="bbox 272 1433 1731 2721">
     <span class='ocr_line' id='line_1_19' title="bbox 272 1433 1729 1479; baseline 0.001 -12"><span class='ocrx_word' id='word_1_154' title='bbox 272 1435 400 1467; x_wconf 87' lang='lat' dir='ltr'>habent</span> <span class='ocrx_word' id='word_1_155' title='bbox 421 1437 464 1468; x_wconf 84' lang='lat' dir='ltr'>Ut</span> <span class='ocrx_word' id='word_1_156' title='bbox 480 1436 605 1477; x_wconf 75' lang='lat' dir='ltr'>quisque</span> <span class='ocrx_word' id='word_1_157' title='bbox 617 1437 725 1479; x_wconf 81' lang='lat' dir='ltr'>fitium</span> <span class='ocrx_word' id='word_1_158' title='bbox 739 1447 836 1468; x_wconf 87' lang='lat' dir='ltr'>suum.</span> <span class='ocrx_word' id='word_1_159' title='bbox 861 1437 1058 1468; x_wconf 79' lang='lat' dir='ltr'>West.—-46</span> <span class='ocrx_word' id='word_1_160' title='bbox 1082 1434 1272 1476; x_wconf 74' lang='lat' dir='ltr'>Distinguit</span> <span class='ocrx_word' id='word_1_161' title='bbox 1300 1435 1360 1465; x_wconf 77' lang='grc' dir='ltr'>ΒΓ.</span> <span class='ocrx_word' id='word_1_162' title='bbox 1385 1433 1496 1470; x_wconf 75' lang='lat' dir='ltr'>Quid?</span> <span class='ocrx_word' id='word_1_163' title='bbox 1518 1445 1585 1466; x_wconf 86' lang='lat' dir='ltr'>eum</span> <span class='ocrx_word' id='word_1_164' title='bbox 1599 1436 1729 1468; x_wconf 75' lang='lat' dir='ltr'>vidistin</span> 
     </span>
     <span class='ocr_line' id='line_1_20' title="bbox 273 1477 1728 1521; baseline 0 -11"><span class='ocrx_word' id='word_1_165' title='bbox 273 1480 386 1510; x_wconf 76' lang='lat' dir='ltr'>hodie?</span> <span class='ocrx_word' id='word_1_166' title='bbox 409 1485 443 1511; x_wconf 87' lang='lat' dir='ltr'>et</span> <span class='ocrx_word' id='word_1_167' title='bbox 469 1479 517 1511; x_wconf 89' lang='lat' dir='ltr'>ita</span> <span class='ocrx_word' id='word_1_168' title='bbox 543 1481 621 1521; x_wconf 87' lang='lat' dir='ltr'>Bip.</span> <span class='ocrx_word' id='word_1_169' title='bbox 646 1479 761 1512; x_wconf 85' lang='lat' dir='ltr'>Guelf.</span> <span class='ocrx_word' id='word_1_170' title='bbox 788 1483 819 1511; x_wconf 80' lang='lat'>2.</span> <span class='ocrx_word' id='word_1_171' title='bbox 847 1480 943 1516; x_wconf 84' lang='lat' dir='ltr'>Quid,</span> <span class='ocrx_word' id='word_1_172' title='bbox 972 1490 1038 1510; x_wconf 87' lang='lat' dir='ltr'>eum</span> <span class='ocrx_word' id='word_1_173' title='bbox 1064 1479 1162 1519; x_wconf 81' lang='lat' dir='ltr'>Vulg.</span> <span class='ocrx_word' id='word_1_174' title='bbox 1221 1479 1358 1509; x_wconf 81' lang='lat' dir='ltr'>Tuumne</span> <span class='ocrx_word' id='word_1_175' title='bbox 1386 1477 1508 1519; x_wconf 78' lang='lat' dir='ltr'>filium]</span> <span class='ocrx_word' id='word_1_176' title='bbox 1541 1479 1607 1510; x_wconf 88' lang='lat' dir='ltr'>Ms.</span> <span class='ocrx_word' id='word_1_177' title='bbox 1633 1479 1728 1520; x_wconf 74' lang='lat' dir='ltr'>Lips-</span> 
     </span>
     <span class='ocr_line' id='line_1_21' title="bbox 273 1521 1730 1564; baseline -0.001 -10"><span class='ocrx_word' id='word_1_178' title='bbox 273 1523 411 1562; x_wconf 77' lang='lat' dir='ltr'>Abigam</span> <span class='ocrx_word' id='word_1_179' title='bbox 423 1523 502 1554; x_wconf 80' lang='lat' dir='ltr'>hunc</span> <span class='ocrx_word' id='word_1_180' title='bbox 516 1533 580 1553; x_wconf 69' lang='grc' dir='ltr'>τηε.</span> <span class='ocrx_word' id='word_1_181' title='bbox 628 1524 765 1554; x_wconf 82' lang='lat' dir='ltr'>Tuumne</span> <span class='ocrx_word' id='word_1_182' title='bbox 779 1522 909 1564; x_wconf 83' lang='lat' dir='ltr'>filium?</span> <span class='ocrx_word' id='word_1_183' title='bbox 931 1522 1022 1554; x_wconf 79' lang='lat' dir='ltr'>Abiit</span> <span class='ocrx_word' id='word_1_184' title='bbox 1044 1522 1113 1552; x_wconf 79' lang='lat' dir='ltr'>hinc</span> <span class='ocrx_word' id='word_1_185' title='bbox 1128 1532 1193 1552; x_wconf 84' lang='lat' dir='ltr'>rus.</span> <span class='ocrx_word' id='word_1_186' title='bbox 1209 1521 1279 1559; x_wconf 76' lang='lat' dir='ltr'>jam</span> <span class='ocrx_word' id='word_1_187' title='bbox 1292 1522 1405 1551; x_wconf 84' lang='lat' dir='ltr'>dudum</span> <span class='ocrx_word' id='word_1_188' title='bbox 1420 1521 1538 1561; x_wconf 78' lang='lat' dir='ltr'>aliquid</span> <span class='ocrx_word' id='word_1_189' title='bbox 1553 1522 1620 1551; x_wconf 80' lang='lat' dir='ltr'>ruri</span> <span class='ocrx_word' id='word_1_190' title='bbox 1634 1531 1730 1560; x_wconf 80' lang='lat' dir='ltr'>agere</span> 
     </span>
     <span class='ocr_line' id='line_1_22' title="bbox 273 1564 1729 1605; baseline 0.001 -10"><span class='ocrx_word' id='word_1_191' title='bbox 273 1565 422 1597; x_wconf 79' lang='lat' dir='ltr'><em>arbitror.</em></span> <span class='ocrx_word' id='word_1_192' title='bbox 448 1566 642 1597; x_wconf 74' lang='lat' dir='ltr'>West.—-47</span> <span class='ocrx_word' id='word_1_193' title='bbox 666 1566 804 1605; x_wconf 54' lang='lat' dir='ltr'>Abigam</span> <span class='ocrx_word' id='word_1_194' title='bbox 827 1566 904 1596; x_wconf 79' lang='lat' dir='ltr'>hunc</span> <span class='ocrx_word' id='word_1_195' title='bbox 919 1576 981 1596; x_wconf 85' lang='lat' dir='ltr'>rus.</span> <span class='ocrx_word' id='word_1_196' title='bbox 1012 1565 1098 1596; x_wconf 77' lang='lat' dir='ltr'>Haec</span> <span class='ocrx_word' id='word_1_197' title='bbox 1121 1566 1225 1604; x_wconf 85' lang='lat' dir='ltr'>Syrus</span> <span class='ocrx_word' id='word_1_198' title='bbox 1242 1574 1368 1603; x_wconf 88' lang='lat' dir='ltr'>secum,</span> <span class='ocrx_word' id='word_1_199' title='bbox 1385 1564 1436 1594; x_wconf 88' lang='lat' dir='ltr'>vel</span> <span class='ocrx_word' id='word_1_200' title='bbox 1455 1564 1497 1594; x_wconf 89' lang='lat' dir='ltr'>ad</span> <span class='ocrx_word' id='word_1_201' title='bbox 1513 1569 1729 1604; x_wconf 80' lang='lat' dir='ltr'>spectatores</span> 
     </span>
     <span class='ocr_line' id='line_1_23' title="bbox 274 1606 1731 1649; baseline -0.001 -10"><span class='ocrx_word' id='word_1_202' title='bbox 274 1618 470 1640; x_wconf 84' lang='lat' dir='ltr'>conversus.</span> <span class='ocrx_word' id='word_1_203' title='bbox 519 1609 610 1640; x_wconf 83' lang='lat' dir='ltr'>Male</span> <span class='ocrx_word' id='word_1_204' title='bbox 625 1609 729 1649; x_wconf 79' lang='lat' dir='ltr'>igitur</span> <span class='ocrx_word' id='word_1_205' title='bbox 746 1610 779 1639; x_wconf 88' lang='lat' dir='ltr'>in</span> <span class='ocrx_word' id='word_1_206' title='bbox 796 1609 964 1639; x_wconf 83' lang='lat' dir='ltr'>nonnullis</span> <span class='ocrx_word' id='word_1_207' title='bbox 982 1608 1080 1639; x_wconf 90' lang='lat' dir='ltr'>codd.</span> <span class='ocrx_word' id='word_1_208' title='bbox 1097 1608 1293 1638; x_wconf 85' lang='lat' dir='ltr'>tribuuntur</span> <span class='ocrx_word' id='word_1_209' title='bbox 1308 1607 1458 1637; x_wconf 86' lang='lat' dir='ltr'>Demeae.</span> <span class='ocrx_word' id='word_1_210' title='bbox 1483 1606 1528 1638; x_wconf 83' lang='lat' dir='ltr'>G.</span> <span class='ocrx_word' id='word_1_211' title='bbox 1551 1607 1644 1638; x_wconf 75' lang='lat' dir='ltr'>Abiit</span> <span class='ocrx_word' id='word_1_212' title='bbox 1656 1607 1731 1639; x_wconf 76' lang='lat' dir='ltr'>hinc</span> 
     </span>
     <span class='ocr_line' id='line_1_24' title="bbox 273 1650 1730 1692; baseline 0 -10"><span class='ocrx_word' id='word_1_213' title='bbox 273 1660 337 1684; x_wconf 81' lang='lat' dir='ltr'>rus.</span> <span class='ocrx_word' id='word_1_214' title='bbox 353 1652 461 1683; x_wconf 86' lang='lat' dir='ltr'>Idem.</span> <span class='ocrx_word' id='word_1_215' title='bbox 498 1652 617 1683; x_wconf 88' lang='lat' dir='ltr'>Verba</span> <span class='ocrx_word' id='word_1_216' title='bbox 633 1652 769 1692; x_wconf 80' lang='lat' dir='ltr'><strong><em>Abigam</em></strong></span> <span class='ocrx_word' id='word_1_217' title='bbox 784 1652 862 1683; x_wconf 80' lang='lat' dir='ltr'>hunc</span> <span class='ocrx_word' id='word_1_218' title='bbox 877 1661 940 1690; x_wconf 78' lang='lat' dir='ltr'>rus,</span> <span class='ocrx_word' id='word_1_219' title='bbox 955 1655 1013 1682; x_wconf 84' lang='lat' dir='ltr'>aut</span> <span class='ocrx_word' id='word_1_220' title='bbox 1030 1652 1173 1682; x_wconf 88' lang='lat' dir='ltr'>Demeae</span> <span class='ocrx_word' id='word_1_221' title='bbox 1191 1656 1268 1681; x_wconf 90' lang='lat' dir='ltr'>sunt</span> <span class='ocrx_word' id='word_1_222' title='bbox 1285 1650 1477 1689; x_wconf 85' lang='lat' dir='ltr'>tribuenda,</span> <span class='ocrx_word' id='word_1_223' title='bbox 1492 1655 1552 1680; x_wconf 91' lang='lat' dir='ltr'>aut</span> <span class='ocrx_word' id='word_1_224' title='bbox 1566 1650 1671 1690; x_wconf 85' lang='lat' dir='ltr'>Syrus</span> <span class='ocrx_word' id='word_1_225' title='bbox 1688 1660 1730 1682; x_wconf 79' lang='lat' dir='ltr'>ea</span> 
     </span>
     <span class='ocr_line' id='line_1_25' title="bbox 274 1692 1729 1736; baseline -0.001 -12"><span class='ocrx_word' id='word_1_226' title='bbox 274 1694 317 1725; x_wconf 83' lang='lat' dir='ltr'>ad</span> <span class='ocrx_word' id='word_1_227' title='bbox 345 1696 567 1736; x_wconf 87' lang='lat' dir='ltr'>Spectatores</span> <span class='ocrx_word' id='word_1_228' title='bbox 595 1695 690 1732; x_wconf 85' lang='lat' dir='ltr'>dicit,</span> <span class='ocrx_word' id='word_1_229' title='bbox 718 1705 783 1726; x_wconf 90' lang='lat' dir='ltr'>non</span> <span class='ocrx_word' id='word_1_230' title='bbox 807 1694 966 1725; x_wconf 78' lang='lat' dir='ltr'>andlente</span> <span class='ocrx_word' id='word_1_231' title='bbox 993 1694 1133 1725; x_wconf 87' lang='lat' dir='ltr'>Demea.</span> <span class='ocrx_word' id='word_1_232' title='bbox 1168 1693 1268 1724; x_wconf 81' lang='lat' dir='ltr'>Zeun.</span> <span class='ocrx_word' id='word_1_233' title='bbox 1322 1693 1462 1723; x_wconf 80' lang='lat' dir='ltr'>Demeae</span> <span class='ocrx_word' id='word_1_234' title='bbox 1489 1692 1643 1724; x_wconf 89' lang='lat' dir='ltr'>tribuunt</span> <span class='ocrx_word' id='word_1_235' title='bbox 1669 1693 1729 1724; x_wconf 91' lang='lat' dir='ltr'>Br.</span> 
     </span>
     <span class='ocr_line' id='line_1_26' title="bbox 273 1735 1728 1779; baseline -0.001 -11"><span class='ocrx_word' id='word_1_236' title='bbox 273 1738 378 1769; x_wconf 78' lang='lat' dir='ltr'>Both.</span> <span class='ocrx_word' id='word_1_237' title='bbox 402 1737 555 1779; x_wconf 83' lang='lat' dir='ltr'>legitque</span> <span class='ocrx_word' id='word_1_238' title='bbox 573 1738 630 1768; x_wconf 85' lang='lat' dir='ltr'>ille</span> <span class='ocrx_word' id='word_1_239' title='bbox 645 1738 736 1770; x_wconf 73' lang='lat' dir='ltr'>Abiit</span> <span class='ocrx_word' id='word_1_240' title='bbox 750 1737 821 1769; x_wconf 79' lang='lat' dir='ltr'>hinc</span> <span class='ocrx_word' id='word_1_241' title='bbox 844 1735 925 1768; x_wconf 80' lang='lat' dir='ltr'>rus?</span> <span class='ocrx_word' id='word_1_242' title='bbox 947 1737 999 1767; x_wconf 85' lang='lat' dir='ltr'>hic</span> <span class='ocrx_word' id='word_1_243' title='bbox 1023 1746 1158 1778; x_wconf 87' lang='lat' dir='ltr'>quoque</span> <span class='ocrx_word' id='word_1_244' title='bbox 1184 1736 1255 1766; x_wconf 78' lang='lat' dir='ltr'>hinc</span> <span class='ocrx_word' id='word_1_245' title='bbox 1283 1745 1344 1776; x_wconf 92' lang='lat' dir='ltr'>pro</span> <span class='ocrx_word' id='word_1_246' title='bbox 1370 1735 1460 1767; x_wconf 82' lang='lat' dir='ltr'>hunc.</span> <span class='ocrx_word' id='word_1_247' title='bbox 1503 1735 1560 1766; x_wconf 86' lang='lat' dir='ltr'>Sic</span> <span class='ocrx_word' id='word_1_248' title='bbox 1586 1737 1628 1767; x_wconf 85' lang='lat' dir='ltr'>ad</span> <span class='ocrx_word' id='word_1_249' title='bbox 1654 1736 1728 1767; x_wconf 83' lang='lat' dir='ltr'>haec</span> 
     </span>
     <span class='ocr_line' id='line_1_27' title="bbox 273 1778 1727 1821; baseline -0.001 -11"><span class='ocrx_word' id='word_1_250' title='bbox 273 1781 379 1812; x_wconf 87' lang='lat' dir='ltr'>verba</span> <span class='ocrx_word' id='word_1_251' title='bbox 395 1785 492 1812; x_wconf 86' lang='lat' dir='ltr'>notat</span> <span class='ocrx_word' id='word_1_252' title='bbox 508 1782 632 1821; x_wconf 82' lang='lat' dir='ltr'>Brutis,</span> <span class='ocrx_word' id='word_1_253' title='bbox 657 1782 666 1798; x_wconf 87' lang='lat'>‘</span> <span class='ocrx_word' id='word_1_254' title='bbox 683 1781 774 1812; x_wconf 85' lang='lat' dir='ltr'>Edit.</span> <span class='ocrx_word' id='word_1_255' title='bbox 792 1780 1032 1820; x_wconf 83' lang='lat' dir='ltr'>tribuitSyroz</span> <span class='ocrx_word' id='word_1_256' title='bbox 1057 1780 1158 1818; x_wconf 87' lang='lat' dir='ltr'>male,</span> <span class='ocrx_word' id='word_1_257' title='bbox 1173 1784 1210 1810; x_wconf 87' lang='lat' dir='ltr'>ut</span> <span class='ocrx_word' id='word_1_258' title='bbox 1223 1778 1500 1819; x_wconf 85' lang='lat' dir='ltr'>rectejudicavit</span> <span class='ocrx_word' id='word_1_259' title='bbox 1517 1779 1625 1810; x_wconf 87' lang='lat' dir='ltr'>Zeun.</span> <span class='ocrx_word' id='word_1_260' title='bbox 1659 1779 1727 1809; x_wconf 89' lang='lat' dir='ltr'>Bo-</span> 
     </span>
     <span class='ocr_line' id='line_1_28' title="bbox 273 1821 1728 1864; baseline -0.001 -11"><span class='ocrx_word' id='word_1_261' title='bbox 273 1824 362 1855; x_wconf 80' lang='lat' dir='ltr'>thius</span> <span class='ocrx_word' id='word_1_262' title='bbox 380 1834 464 1864; x_wconf 84' lang='lat' dir='ltr'>ergo</span> <span class='ocrx_word' id='word_1_263' title='bbox 481 1824 624 1855; x_wconf 80' lang='lat' dir='ltr'>Demeae</span> <span class='ocrx_word' id='word_1_264' title='bbox 642 1824 772 1862; x_wconf 77' lang='lat' dir='ltr'>tribuit,</span> <span class='ocrx_word' id='word_1_265' title='bbox 789 1823 847 1853; x_wconf 78' lang='lat' dir='ltr'>sed</span> <span class='ocrx_word' id='word_1_266' title='bbox 864 1824 946 1862; x_wconf 81' lang='lat' dir='ltr'>hinc,</span> <span class='ocrx_word' id='word_1_267' title='bbox 969 1832 1160 1863; x_wconf 83' lang='lat' dir='ltr'>quanquam</span> <span class='ocrx_word' id='word_1_268' title='bbox 1176 1821 1266 1852; x_wconf 83' lang='lat' dir='ltr'>bona</span> <span class='ocrx_word' id='word_1_269' title='bbox 1281 1821 1398 1859; x_wconf 89' lang='lat' dir='ltr'>lectio,</span> <span class='ocrx_word' id='word_1_270' title='bbox 1413 1826 1466 1852; x_wconf 86' lang='lat' dir='ltr'>est</span> <span class='ocrx_word' id='word_1_271' title='bbox 1483 1822 1572 1861; x_wconf 86' lang='lat' dir='ltr'>apud</span> <span class='ocrx_word' id='word_1_272' title='bbox 1590 1831 1666 1852; x_wconf 88' lang='lat' dir='ltr'>eum</span> <span class='ocrx_word' id='word_1_273' title='bbox 1683 1831 1728 1852; x_wconf 88' lang='lat' dir='ltr'>ex</span> 
     </span>
     <span class='ocr_line' id='line_1_29' title="bbox 272 1863 1730 1908; baseline -0.001 -12"><span class='ocrx_word' id='word_1_274' title='bbox 272 1867 396 1898; x_wconf 87' lang='lat' dir='ltr'>mendo</span> <span class='ocrx_word' id='word_1_275' title='bbox 413 1868 674 1908; x_wconf 80' lang='lat' dir='ltr'>typographico.</span> <span class='ocrx_word' id='word_1_276' title='bbox 720 1866 811 1898; x_wconf 78' lang='lat' dir='ltr'>Abiit</span> <span class='ocrx_word' id='word_1_277' title='bbox 825 1867 895 1897; x_wconf 83' lang='lat' dir='ltr'>hinc</span> <span class='ocrx_word' id='word_1_278' title='bbox 912 1866 964 1896; x_wconf 89' lang='lat' dir='ltr'>vel</span> <span class='ocrx_word' id='word_1_279' title='bbox 979 1865 1118 1904; x_wconf 74' lang='lat' dir='ltr'><em>Abigam</em></span> <span class='ocrx_word' id='word_1_280' title='bbox 1133 1866 1223 1904; x_wconf 81' lang='lat' dir='ltr'>hunc,</span> <span class='ocrx_word' id='word_1_281' title='bbox 1240 1870 1343 1905; x_wconf 83' lang='lat' dir='ltr'>atque</span> <span class='ocrx_word' id='word_1_282' title='bbox 1360 1865 1408 1895; x_wconf 87' lang='lat' dir='ltr'>ita</span> <span class='ocrx_word' id='word_1_283' title='bbox 1425 1864 1458 1896; x_wconf 88' lang='lat' dir='ltr'>in</span> <span class='ocrx_word' id='word_1_284' title='bbox 1475 1863 1552 1895; x_wconf 89' lang='lat' dir='ltr'>cod.</span> <span class='ocrx_word' id='word_1_285' title='bbox 1567 1864 1645 1895; x_wconf 91' lang='lat' dir='ltr'>olim</span> <span class='ocrx_word' id='word_1_286' title='bbox 1661 1864 1730 1895; x_wconf 86' lang='lat' dir='ltr'>lec-</span> 
     </span>
     <span class='ocr_line' id='line_1_30' title="bbox 275 1906 1728 1949; baseline -0.001 -9"><span class='ocrx_word' id='word_1_287' title='bbox 275 1914 345 1940; x_wconf 88' lang='lat' dir='ltr'>tum</span> <span class='ocrx_word' id='word_1_288' title='bbox 372 1920 444 1941; x_wconf 90' lang='lat' dir='ltr'>esse</span> <span class='ocrx_word' id='word_1_289' title='bbox 470 1910 622 1941; x_wconf 86' lang='lat' dir='ltr'>ostendit</span> <span class='ocrx_word' id='word_1_290' title='bbox 648 1910 766 1949; x_wconf 65' lang='lat' dir='ltr'>litui-123</span> <span class='ocrx_word' id='word_1_291' title='bbox 790 1909 879 1940; x_wconf 81' lang='lat' dir='ltr'>unde</span> <span class='ocrx_word' id='word_1_292' title='bbox 903 1913 1077 1940; x_wconf 86' lang='lat' dir='ltr'>corrector</span> <span class='ocrx_word' id='word_1_293' title='bbox 1103 1918 1194 1938; x_wconf 82' lang='lat' dir='ltr'>suam</span> <span class='ocrx_word' id='word_1_294' title='bbox 1224 1908 1403 1938; x_wconf 86' lang='lat' dir='ltr'>lectionem</span> <span class='ocrx_word' id='word_1_295' title='bbox 1428 1906 1577 1937; x_wconf 83' lang='lat' dir='ltr'>hauserit</span> <span class='ocrx_word' id='word_1_296' title='bbox 1600 1907 1728 1945; x_wconf 84' lang='lat' dir='ltr'>neseio,</span> 
     </span>
     <span class='ocr_line' id='line_1_31' title="bbox 272 1948 1727 1994; baseline -0.001 -11"><span class='ocrx_word' id='word_1_297' title='bbox 272 1961 348 1983; x_wconf 84' lang='lat' dir='ltr'>nam</span> <span class='ocrx_word' id='word_1_298' title='bbox 366 1953 450 1984; x_wconf 91' lang='lat' dir='ltr'>edit.</span> <span class='ocrx_word' id='word_1_299' title='bbox 470 1963 550 1994; x_wconf 83' lang='lat' dir='ltr'>quas</span> <span class='ocrx_word' id='word_1_300' title='bbox 567 1953 720 1984; x_wconf 83' lang='lat' dir='ltr'>consului</span> <span class='ocrx_word' id='word_1_301' title='bbox 738 1962 854 1983; x_wconf 87' lang='lat' dir='ltr'>omnes</span> <span class='ocrx_word' id='word_1_302' title='bbox 870 1952 1006 1991; x_wconf 78' lang='lat' dir='ltr'><strong><em>Abigam</em></strong></span> <span class='ocrx_word' id='word_1_303' title='bbox 1020 1950 1123 1981; x_wconf 65' lang='lat' dir='ltr'>hunc!</span> <span class='ocrx_word' id='word_1_304' title='bbox 1170 1950 1256 1981; x_wconf 78' lang='lat' dir='ltr'>Hinc</span> <span class='ocrx_word' id='word_1_305' title='bbox 1282 1959 1344 1991; x_wconf 92' lang='lat' dir='ltr'>pro</span> <span class='ocrx_word' id='word_1_306' title='bbox 1370 1951 1450 1980; x_wconf 80' lang='lat' dir='ltr'>hunc</span> <span class='ocrx_word' id='word_1_307' title='bbox 1474 1948 1589 1981; x_wconf 84' lang='lat' dir='ltr'>Guelf.</span> <span class='ocrx_word' id='word_1_308' title='bbox 1608 1952 1727 1981; x_wconf 81' lang='lat'><strong>3.—48</strong></span> 
     </span>
     <span class='ocr_line' id='line_1_32' title="bbox 274 1993 1728 2037; baseline -0.001 -12"><span class='ocrx_word' id='word_1_309' title='bbox 274 1995 326 2026; x_wconf 81' lang='lat' dir='ltr'>Ibi</span> <span class='ocrx_word' id='word_1_310' title='bbox 342 2006 415 2027; x_wconf 79' lang='lat' dir='ltr'>esse.</span> <span class='ocrx_word' id='word_1_311' title='bbox 461 1996 531 2027; x_wconf 89' lang='lat' dir='ltr'>Pro</span> <span class='ocrx_word' id='word_1_312' title='bbox 556 2006 596 2027; x_wconf 84' lang='lat' dir='ltr'>eo</span> <span class='ocrx_word' id='word_1_313' title='bbox 623 1996 701 2027; x_wconf 87' lang='lat' dir='ltr'>libri</span> <span class='ocrx_word' id='word_1_314' title='bbox 729 1996 865 2037; x_wconf 82' lang='lat' dir='ltr'>quidam</span> <span class='ocrx_word' id='word_1_315' title='bbox 892 1996 1023 2034; x_wconf 81' lang='lat' dir='ltr'>legunt,</span> <span class='ocrx_word' id='word_1_316' title='bbox 1051 2004 1118 2024; x_wconf 79' lang='lat' dir='ltr'>eum</span> <span class='ocrx_word' id='word_1_317' title='bbox 1135 1993 1176 2031; x_wconf 65' lang='lat' dir='ltr'>ibi</span> <span class='ocrx_word' id='word_1_318' title='bbox 1193 2003 1276 2024; x_wconf 78' lang='lat' dir='ltr'>esse:</span> <span class='ocrx_word' id='word_1_319' title='bbox 1301 1993 1387 2034; x_wconf 87' lang='lat' dir='ltr'>qnod</span> <span class='ocrx_word' id='word_1_320' title='bbox 1405 2002 1446 2023; x_wconf 87' lang='lat' dir='ltr'>ex</span> <span class='ocrx_word' id='word_1_321' title='bbox 1463 1993 1575 2032; x_wconf 87' lang='lat' dir='ltr'>glossa</span> <span class='ocrx_word' id='word_1_322' title='bbox 1591 1993 1728 2024; x_wconf 84' lang='lat' dir='ltr'>videtur</span> 
     </span>
     <span class='ocr_line' id='line_1_33' title="bbox 274 2035 1728 2078; baseline -0.002 -9"><span class='ocrx_word' id='word_1_323' title='bbox 274 2038 449 2070; x_wconf 86' lang='lat' dir='ltr'>insertum.</span> <span class='ocrx_word' id='word_1_324' title='bbox 489 2040 586 2071; x_wconf 85' lang='lat' dir='ltr'>West.</span> <span class='ocrx_word' id='word_1_325' title='bbox 645 2039 709 2074; x_wconf 83' lang='lat' dir='ltr'>Qui</span> <span class='ocrx_word' id='word_1_326' title='bbox 733 2042 851 2078; x_wconf 78' lang='lat' dir='ltr'><em>egomet</em></span> <span class='ocrx_word' id='word_1_327' title='bbox 873 2038 1020 2078; x_wconf 77' lang='lat' dir='ltr'>produxi.</span> <span class='ocrx_word' id='word_1_328' title='bbox 1066 2037 1209 2067; x_wconf 80' lang='lat' dir='ltr'>Variaut</span> <span class='ocrx_word' id='word_1_329' title='bbox 1234 2035 1322 2075; x_wconf 85' lang='lat' dir='ltr'>libri,</span> <span class='ocrx_word' id='word_1_330' title='bbox 1347 2036 1449 2067; x_wconf 88' lang='lat' dir='ltr'>etiam</span> <span class='ocrx_word' id='word_1_331' title='bbox 1475 2045 1564 2075; x_wconf 85' lang='lat' dir='ltr'>quem</span> <span class='ocrx_word' id='word_1_332' title='bbox 1591 2040 1626 2066; x_wconf 90' lang='lat' dir='ltr'>et</span> <span class='ocrx_word' id='word_1_333' title='bbox 1652 2035 1728 2075; x_wconf 78' lang='lat' dir='ltr'>quin</span> 
     </span>
     <span class='ocr_line' id='line_1_34' title="bbox 273 2076 1728 2122; baseline -0.001 -11"><span class='ocrx_word' id='word_1_334' title='bbox 273 2082 446 2122; x_wconf 75' lang='lat' dir='ltr'>legentes3</span> <span class='ocrx_word' id='word_1_335' title='bbox 468 2091 611 2122; x_wconf 87' lang='lat' dir='ltr'>quorum</span> <span class='ocrx_word' id='word_1_336' title='bbox 626 2082 689 2113; x_wconf 88' lang='lat' dir='ltr'>hoc</span> <span class='ocrx_word' id='word_1_337' title='bbox 706 2087 815 2112; x_wconf 84' lang='lat' dir='ltr'>metro</span> <span class='ocrx_word' id='word_1_338' title='bbox 829 2085 1006 2121; x_wconf 73' lang='lat' dir='ltr'>repugnat.</span> <span class='ocrx_word' id='word_1_339' title='bbox 1031 2080 1129 2110; x_wconf 84' lang='lat' dir='ltr'>Idem.</span> <span class='ocrx_word' id='word_1_340' title='bbox 1175 2078 1267 2110; x_wconf 80' lang='lat' dir='ltr'>Satin</span> <span class='ocrx_word' id='word_1_341' title='bbox 1281 2080 1342 2110; x_wconf 72' lang='lat' dir='ltr'>scis</span> <span class='ocrx_word' id='word_1_342' title='bbox 1357 2079 1400 2110; x_wconf 73' lang='lat' dir='ltr'>ibt</span> <span class='ocrx_word' id='word_1_343' title='bbox 1418 2088 1485 2109; x_wconf 84' lang='lat' dir='ltr'>eum</span> <span class='ocrx_word' id='word_1_344' title='bbox 1499 2076 1587 2109; x_wconf 80' lang='lat' dir='ltr'>esse?</span> <span class='ocrx_word' id='word_1_345' title='bbox 1610 2078 1728 2109; x_wconf 76' lang='lat' dir='ltr'>Dictio</span> 
     </span>
     <span class='ocr_line' id='line_1_35' title="bbox 274 2121 1727 2165; baseline -0.002 -11"><span class='ocrx_word' id='word_1_346' title='bbox 274 2134 341 2155; x_wconf 86' lang='lat' dir='ltr'>eum</span> <span class='ocrx_word' id='word_1_347' title='bbox 367 2125 400 2155; x_wconf 93' lang='lat' dir='ltr'>in</span> <span class='ocrx_word' id='word_1_348' title='bbox 428 2126 519 2155; x_wconf 83' lang='lat' dir='ltr'>nullo</span> <span class='ocrx_word' id='word_1_349' title='bbox 548 2131 602 2156; x_wconf 83' lang='lat' dir='ltr'>est</span> <span class='ocrx_word' id='word_1_350' title='bbox 626 2125 646 2155; x_wconf 91' lang='lat' dir='ltr'>l.</span> <span class='ocrx_word' id='word_1_351' title='bbox 663 2135 688 2155; x_wconf 89' lang='lat' dir='ltr'>s.</span> <span class='ocrx_word' id='word_1_352' title='bbox 707 2135 807 2165; x_wconf 84' lang='lat' dir='ltr'>quam</span> <span class='ocrx_word' id='word_1_353' title='bbox 824 2129 859 2155; x_wconf 90' lang='lat' dir='ltr'>et</span> <span class='ocrx_word' id='word_1_354' title='bbox 877 2124 1001 2164; x_wconf 86' lang='lat' dir='ltr'>alioqui</span> <span class='ocrx_word' id='word_1_355' title='bbox 1021 2132 1137 2153; x_wconf 86' lang='lat' dir='ltr'>versus</span> <span class='ocrx_word' id='word_1_356' title='bbox 1155 2122 1299 2162; x_wconf 81' lang='lat' dir='ltr'>respuit,</span> <span class='ocrx_word' id='word_1_357' title='bbox 1322 2131 1385 2152; x_wconf 90' lang='lat' dir='ltr'>nec</span> <span class='ocrx_word' id='word_1_358' title='bbox 1403 2130 1513 2152; x_wconf 84' lang='lat' dir='ltr'>sermo</span> <span class='ocrx_word' id='word_1_359' title='bbox 1530 2121 1703 2153; x_wconf 82' lang='lat' dir='ltr'>desiderat</span> <span class='ocrx_word' id='word_1_360' title='bbox 1718 2132 1727 2150; x_wconf 88' lang='lat'>:</span> 
     </span>
     <span class='ocr_line' id='line_1_36' title="bbox 274 2164 1730 2208; baseline -0.002 -11"><span class='ocrx_word' id='word_1_361' title='bbox 274 2168 392 2208; x_wconf 83' lang='lat' dir='ltr'>utique</span> <span class='ocrx_word' id='word_1_362' title='bbox 418 2168 506 2198; x_wconf 88' lang='lat' dir='ltr'>euim</span> <span class='ocrx_word' id='word_1_363' title='bbox 529 2168 731 2207; x_wconf 85' lang='lat' dir='ltr'>intelligitur</span> <span class='ocrx_word' id='word_1_364' title='bbox 756 2178 831 2198; x_wconf 85' lang='lat' dir='ltr'>eum.</span> <span class='ocrx_word' id='word_1_365' title='bbox 857 2167 914 2197; x_wconf 80' lang='lat' dir='ltr'>Fa.</span> <span class='ocrx_word' id='word_1_366' title='bbox 961 2166 1038 2197; x_wconf 84' lang='lat' dir='ltr'>Nec</span> <span class='ocrx_word' id='word_1_367' title='bbox 1067 2165 1099 2195; x_wconf 86' lang='lat' dir='ltr'>in</span> <span class='ocrx_word' id='word_1_368' title='bbox 1117 2165 1241 2196; x_wconf 84' lang='lat' dir='ltr'>nostris</span> <span class='ocrx_word' id='word_1_369' title='bbox 1258 2169 1310 2196; x_wconf 88' lang='lat' dir='ltr'>est</span> <span class='ocrx_word' id='word_1_370' title='bbox 1326 2174 1403 2195; x_wconf 85' lang='lat' dir='ltr'>eum.</span> <span class='ocrx_word' id='word_1_371' title='bbox 1428 2165 1532 2195; x_wconf 86' lang='lat' dir='ltr'>Bent.</span> <span class='ocrx_word' id='word_1_372' title='bbox 1580 2164 1643 2200; x_wconf 85' lang='lat' dir='ltr'>Qui</span> <span class='ocrx_word' id='word_1_373' title='bbox 1657 2173 1730 2203; x_wconf 85' lang='lat' dir='ltr'>ego-</span> 
     </span>
     <span class='ocr_line' id='line_1_37' title="bbox 273 2207 1728 2252; baseline -0.002 -12"><span class='ocrx_word' id='word_1_374' title='bbox 273 2214 334 2241; x_wconf 67' lang='lat' dir='ltr'>met</span> <span class='ocrx_word' id='word_1_375' title='bbox 359 2211 510 2252; x_wconf 74' lang='lat' dir='ltr'>produxi]</span> <span class='ocrx_word' id='word_1_376' title='bbox 535 2211 602 2242; x_wconf 86' lang='lat' dir='ltr'>Hic</span> <span class='ocrx_word' id='word_1_377' title='bbox 619 2211 751 2241; x_wconf 86' lang='lat' dir='ltr'>variant</span> <span class='ocrx_word' id='word_1_378' title='bbox 766 2210 865 2247; x_wconf 81' lang='lat' dir='ltr'>libri3</span> <span class='ocrx_word' id='word_1_379' title='bbox 890 2208 946 2239; x_wconf 83' lang='lat' dir='ltr'>alii</span> <span class='ocrx_word' id='word_1_380' title='bbox 974 2209 1041 2249; x_wconf 76' lang='lat' dir='ltr'>qui,</span> <span class='ocrx_word' id='word_1_381' title='bbox 1065 2214 1102 2238; x_wconf 90' lang='lat' dir='ltr'>ut</span> <span class='ocrx_word' id='word_1_382' title='bbox 1126 2207 1310 2238; x_wconf 84' lang='lat' dir='ltr'>Bembinus</span> <span class='ocrx_word' id='word_1_383' title='bbox 1339 2214 1375 2238; x_wconf 91' lang='lat' dir='ltr'>et</span> <span class='ocrx_word' id='word_1_384' title='bbox 1400 2207 1636 2246; x_wconf 85' lang='lat' dir='ltr'>Basilicanus;</span> <span class='ocrx_word' id='word_1_385' title='bbox 1659 2207 1728 2246; x_wconf 87' lang='lat' dir='ltr'>alii,</span> 
     </span>
     <span class='ocr_line' id='line_1_38' title="bbox 274 2249 1729 2294; baseline -0.002 -11"><span class='ocrx_word' id='word_1_386' title='bbox 274 2254 370 2293; x_wconf 83' lang='lat' dir='ltr'>quin‚·</span> <span class='ocrx_word' id='word_1_387' title='bbox 393 2254 460 2292; x_wconf 83' lang='lat' dir='ltr'>alii,</span> <span class='ocrx_word' id='word_1_388' title='bbox 475 2264 576 2294; x_wconf 80' lang='lat' dir='ltr'>quem,</span> <span class='ocrx_word' id='word_1_389' title='bbox 599 2258 636 2284; x_wconf 90' lang='lat' dir='ltr'>ut</span> <span class='ocrx_word' id='word_1_390' title='bbox 653 2254 710 2284; x_wconf 86' lang='lat' dir='ltr'>Vi.</span> <span class='ocrx_word' id='word_1_391' title='bbox 727 2258 762 2284; x_wconf 91' lang='lat' dir='ltr'>et</span> <span class='ocrx_word' id='word_1_392' title='bbox 780 2254 988 2284; x_wconf 83' lang='lat' dir='ltr'>Decnrtatus</span> <span class='ocrx_word' id='word_1_393' title='bbox 1007 2261 1046 2282; x_wconf 83' lang='lat' dir='ltr'>ac</span> <span class='ocrx_word' id='word_1_394' title='bbox 1062 2252 1232 2288; x_wconf 80' lang='lat' dir='ltr'>Donatus,</span> <span class='ocrx_word' id='word_1_395' title='bbox 1257 2259 1340 2291; x_wconf 90' lang='lat' dir='ltr'>quos</span> <span class='ocrx_word' id='word_1_396' title='bbox 1356 2251 1540 2291; x_wconf 79' lang='lat' dir='ltr'>sequimur.</span> <span class='ocrx_word' id='word_1_397' title='bbox 1565 2250 1625 2281; x_wconf 83' lang='lat' dir='ltr'>Fa.</span> <span class='ocrx_word' id='word_1_398' title='bbox 1662 2249 1729 2280; x_wconf 71' lang='lat' dir='ltr'>‚Ita</span> 
     </span>
     <span class='ocr_line' id='line_1_39' title="bbox 276 2291 1728 2335; baseline -0.001 -9"><span class='ocrx_word' id='word_1_399' title='bbox 276 2297 408 2328; x_wconf 85' lang='lat' dir='ltr'>variant</span> <span class='ocrx_word' id='word_1_400' title='bbox 425 2301 459 2327; x_wconf 86' lang='lat' dir='ltr'>et</span> <span class='ocrx_word' id='word_1_401' title='bbox 472 2297 597 2335; x_wconf 88' lang='lat' dir='ltr'>nostri;</span> <span class='ocrx_word' id='word_1_402' title='bbox 624 2297 672 2327; x_wconf 87' lang='lat' dir='ltr'>ita</span> <span class='ocrx_word' id='word_1_403' title='bbox 689 2301 800 2327; x_wconf 84' lang='lat' dir='ltr'>tamen</span> <span class='ocrx_word' id='word_1_404' title='bbox 819 2301 855 2326; x_wconf 93' lang='lat' dir='ltr'>ut</span> <span class='ocrx_word' id='word_1_405' title='bbox 874 2294 1077 2326; x_wconf 78' lang='lat' dir='ltr'>vetustiores</span> <span class='ocrx_word' id='word_1_406' title='bbox 1094 2295 1168 2334; x_wconf 75' lang='lat' dir='ltr'>qui5</span> <span class='ocrx_word' id='word_1_407' title='bbox 1192 2293 1381 2324; x_wconf 80' lang='lat' dir='ltr'>mediocres</span> <span class='ocrx_word' id='word_1_408' title='bbox 1398 2293 1494 2333; x_wconf 83' lang='lat' dir='ltr'>quin‚·</span> <span class='ocrx_word' id='word_1_409' title='bbox 1517 2291 1728 2324; x_wconf 82' lang='lat' dir='ltr'>recentiores</span> 
     </span>
     <span class='ocr_line' id='line_1_40' title="bbox 273 2335 1728 2379; baseline -0.002 -10"><span class='ocrx_word' id='word_1_410' title='bbox 273 2349 371 2379; x_wconf 80' lang='lat' dir='ltr'>quem.</span> <span class='ocrx_word' id='word_1_411' title='bbox 399 2339 528 2371; x_wconf 86' lang='lat' dir='ltr'>Nonius</span> <span class='ocrx_word' id='word_1_412' title='bbox 545 2349 575 2371; x_wconf 92' lang='lat' dir='ltr'>v.</span> <span class='ocrx_word' id='word_1_413' title='bbox 594 2339 810 2370; x_wconf 86' lang='lat' dir='ltr'>Producere:</span> <span class='ocrx_word' id='word_1_414' title='bbox 828 2338 1027 2369; x_wconf 79' lang='lat' dir='ltr'>‘Terentius</span> <span class='ocrx_word' id='word_1_415' title='bbox 1045 2336 1209 2377; x_wconf 84' lang='lat' dir='ltr'>Adelphis</span> <span class='ocrx_word' id='word_1_416' title='bbox 1225 2348 1232 2365; x_wconf 76' lang='grc' dir='ltr'>ι</span> <span class='ocrx_word' id='word_1_417' title='bbox 1251 2336 1281 2366; x_wconf 90' lang='grc' dir='ltr'>Ο</span> <span class='ocrx_word' id='word_1_418' title='bbox 1300 2335 1391 2377; x_wconf 89' lang='lat' dir='ltr'>quin&#39;</span> <span class='ocrx_word' id='word_1_419' title='bbox 1406 2340 1541 2375; x_wconf 88' lang='lat' dir='ltr'>egomet</span> <span class='ocrx_word' id='word_1_420' title='bbox 1557 2335 1728 2375; x_wconf 86' lang='lat' dir='ltr'>produxi.&#39;</span> 
     </span>
     <span class='ocr_line' id='line_1_41' title="bbox 274 2377 1727 2418; baseline -0.004 -5"><span class='ocrx_word' id='word_1_421' title='bbox 274 2383 331 2413; x_wconf 89' lang='lat' dir='ltr'>Sic</span> <span class='ocrx_word' id='word_1_422' title='bbox 349 2386 385 2413; x_wconf 91' lang='lat' dir='ltr'>et</span> <span class='ocrx_word' id='word_1_423' title='bbox 401 2383 509 2414; x_wconf 81' lang='lat' dir='ltr'>codex</span> <span class='ocrx_word' id='word_1_424' title='bbox 523 2383 569 2413; x_wconf 88' lang='lat' dir='ltr'>ibi</span> <span class='ocrx_word' id='word_1_425' title='bbox 586 2387 754 2414; x_wconf 72' lang='lat' dir='ltr'>vetustus.</span> <span class='ocrx_word' id='word_1_426' title='bbox 778 2381 864 2412; x_wconf 86' lang='lat' dir='ltr'>Edd.</span> <span class='ocrx_word' id='word_1_427' title='bbox 882 2381 1034 2411; x_wconf 84' lang='lat' dir='ltr'>Terentii</span> <span class='ocrx_word' id='word_1_428' title='bbox 1053 2385 1136 2410; x_wconf 81' lang='lat' dir='ltr'>vett.</span> <span class='ocrx_word' id='word_1_429' title='bbox 1153 2384 1187 2410; x_wconf 87' lang='lat' dir='ltr'>et</span> <span class='ocrx_word' id='word_1_430' title='bbox 1204 2379 1249 2410; x_wconf 92' lang='lat' dir='ltr'>ibi</span> <span class='ocrx_word' id='word_1_431' title='bbox 1267 2379 1419 2410; x_wconf 81' lang='lat' dir='ltr'>Donatus</span> <span class='ocrx_word' id='word_1_432' title='bbox 1433 2388 1530 2418; x_wconf 84' lang='lat' dir='ltr'>quem.</span> <span class='ocrx_word' id='word_1_433' title='bbox 1558 2377 1633 2408; x_wconf 85' lang='lat' dir='ltr'>Hoc</span> <span class='ocrx_word' id='word_1_434' title='bbox 1649 2377 1727 2408; x_wconf 87' lang='lat' dir='ltr'>ideo</span> 
     </span>
     <span class='ocr_line' id='line_1_42' title="bbox 274 2420 1727 2466; baseline -0.002 -12"><span class='ocrx_word' id='word_1_435' title='bbox 274 2424 434 2465; x_wconf 75' lang='lat' dir='ltr'>praefero,</span> <span class='ocrx_word' id='word_1_436' title='bbox 451 2425 528 2466; x_wconf 84' lang='lat' dir='ltr'>qnia</span> <span class='ocrx_word' id='word_1_437' title='bbox 541 2427 695 2466; x_wconf 89' lang='lat' dir='ltr'>sequitur</span> <span class='ocrx_word' id='word_1_438' title='bbox 713 2434 790 2455; x_wconf 81' lang='lat' dir='ltr'>mox</span> <span class='ocrx_word' id='word_1_439' title='bbox 804 2424 930 2455; x_wconf 76' lang='lat' dir='ltr'>iratum.</span> <span class='ocrx_word' id='word_1_440' title='bbox 976 2425 1075 2458; x_wconf 84' lang='lat' dir='ltr'>Quem</span> <span class='ocrx_word' id='word_1_441' title='bbox 1090 2425 1208 2461; x_wconf 80' lang='lat' dir='ltr'>egomet</span> <span class='ocrx_word' id='word_1_442' title='bbox 1220 2422 1366 2462; x_wconf 74' lang='lat' dir='ltr'>produxi.</span> <span class='ocrx_word' id='word_1_443' title='bbox 1392 2444 1399 2452; x_wconf 87' lang='lat'><em>.</em></span> <span class='ocrx_word' id='word_1_444' title='bbox 1415 2443 1423 2452; x_wconf 87' lang='lat'><strong><em>.</em></strong></span> <span class='ocrx_word' id='word_1_445' title='bbox 1440 2444 1447 2452; x_wconf 91' lang='lat'><strong>.</strong></span> <span class='ocrx_word' id='word_1_446' title='bbox 1461 2443 1469 2451; x_wconf 92' lang='lat'><strong>.</strong></span> <span class='ocrx_word' id='word_1_447' title='bbox 1492 2420 1596 2460; x_wconf 82' lang='lat' dir='ltr'>Atque</span> <span class='ocrx_word' id='word_1_448' title='bbox 1608 2420 1727 2451; x_wconf 82' lang='lat' dir='ltr'>iratum</span> 
     </span>
     <span class='ocr_line' id='line_1_43' title="bbox 274 2462 1727 2508; baseline -0.003 -11"><span class='ocrx_word' id='word_1_449' title='bbox 274 2469 446 2499; x_wconf 80' lang='lat' dir='ltr'>admodum.</span> <span class='ocrx_word' id='word_1_450' title='bbox 493 2468 599 2499; x_wconf 82' lang='lat' dir='ltr'>Certe</span> <span class='ocrx_word' id='word_1_451' title='bbox 626 2468 721 2508; x_wconf 83' lang='lat' dir='ltr'>quin’,</span> <span class='ocrx_word' id='word_1_452' title='bbox 746 2468 835 2508; x_wconf 85' lang='lat' dir='ltr'>quod</span> <span class='ocrx_word' id='word_1_453' title='bbox 860 2467 995 2508; x_wconf 85' lang='lat' dir='ltr'>quidam</span> <span class='ocrx_word' id='word_1_454' title='bbox 1020 2466 1159 2504; x_wconf 87' lang='lat' dir='ltr'>mavult,</span> <span class='ocrx_word' id='word_1_455' title='bbox 1181 2470 1272 2496; x_wconf 82' lang='lat' dir='ltr'>stare</span> <span class='ocrx_word' id='word_1_456' title='bbox 1294 2465 1347 2494; x_wconf 84' lang='lat' dir='ltr'>hic</span> <span class='ocrx_word' id='word_1_457' title='bbox 1366 2473 1431 2494; x_wconf 92' lang='lat' dir='ltr'>non</span> <span class='ocrx_word' id='word_1_458' title='bbox 1449 2468 1581 2504; x_wconf 87' lang='lat' dir='ltr'>potest;</span> <span class='ocrx_word' id='word_1_459' title='bbox 1604 2462 1727 2493; x_wconf 84' lang='lat' dir='ltr'>nisiex</span> 
     </span>
     <span class='ocr_line' id='line_1_44' title="bbox 274 2505 1726 2551; baseline -0.003 -11"><span class='ocrx_word' id='word_1_460' title='bbox 274 2511 283 2527; x_wconf 86' lang='lat'>‘</span> <span class='ocrx_word' id='word_1_461' title='bbox 298 2511 363 2541; x_wconf 77' lang='lat' dir='ltr'>scis</span> <span class='ocrx_word' id='word_1_462' title='bbox 380 2511 426 2542; x_wconf 92' lang='lat' dir='ltr'>ibi</span> <span class='ocrx_word' id='word_1_463' title='bbox 444 2511 535 2542; x_wconf 84' lang='lat' dir='ltr'>esse&#39;</span> <span class='ocrx_word' id='word_1_464' title='bbox 566 2511 737 2551; x_wconf 83' lang='lat' dir='ltr'>Dactylns</span> <span class='ocrx_word' id='word_1_465' title='bbox 755 2510 836 2548; x_wconf 80' lang='lat' dir='ltr'>fiat3</span> <span class='ocrx_word' id='word_1_466' title='bbox 861 2514 896 2541; x_wconf 87' lang='lat' dir='ltr'>et</span> <span class='ocrx_word' id='word_1_467' title='bbox 914 2509 1161 2540; x_wconf 80' lang='lat' dir='ltr'>balbutientem</span> <span class='ocrx_word' id='word_1_468' title='bbox 1179 2517 1218 2538; x_wconf 88' lang='lat' dir='ltr'>ac</span> <span class='ocrx_word' id='word_1_469' title='bbox 1237 2507 1440 2538; x_wconf 84' lang='lat' dir='ltr'>titubantem</span> <span class='ocrx_word' id='word_1_470' title='bbox 1458 2515 1572 2537; x_wconf 86' lang='lat' dir='ltr'>senem</span> <span class='ocrx_word' id='word_1_471' title='bbox 1589 2506 1652 2536; x_wconf 86' lang='lat' dir='ltr'>lioc</span> <span class='ocrx_word' id='word_1_472' title='bbox 1668 2505 1726 2536; x_wconf 88' lang='lat' dir='ltr'>de-</span> 
     </span>
     <span class='ocr_line' id='line_1_45' title="bbox 274 2548 1723 2594; baseline -0.003 -11"><span class='ocrx_word' id='word_1_473' title='bbox 274 2554 420 2584; x_wconf 80' lang='lat' dir='ltr'>volvisse</span> <span class='ocrx_word' id='word_1_474' title='bbox 438 2553 612 2594; x_wconf 83' lang='lat' dir='ltr'>fingamus.</span> <span class='ocrx_word' id='word_1_475' title='bbox 636 2554 734 2585; x_wconf 82' lang='lat' dir='ltr'>Bent.</span> <span class='ocrx_word' id='word_1_476' title='bbox 781 2553 866 2584; x_wconf 89' lang='lat' dir='ltr'>Post</span> <span class='ocrx_word' id='word_1_477' title='bbox 877 2552 1012 2593; x_wconf 70' lang='lat' dir='ltr'>produxi</span> <span class='ocrx_word' id='word_1_478' title='bbox 1028 2552 1217 2590; x_wconf 82' lang='lat' dir='ltr'>interrogat</span> <span class='ocrx_word' id='word_1_479' title='bbox 1232 2550 1293 2581; x_wconf 90' lang='lat' dir='ltr'>Br.</span> <span class='ocrx_word' id='word_1_480' title='bbox 1341 2550 1403 2589; x_wconf 88' lang='lat' dir='ltr'>Oh,</span> <span class='ocrx_word' id='word_1_481' title='bbox 1419 2559 1508 2589; x_wconf 82' lang='lat' dir='ltr'>quem</span> <span class='ocrx_word' id='word_1_482' title='bbox 1524 2548 1626 2580; x_wconf 84' lang='lat' dir='ltr'>Both.</span> <span class='ocrx_word' id='word_1_483' title='bbox 1644 2548 1723 2588; x_wconf 83' lang='lat' dir='ltr'>Bip.</span> 
     </span>
     <span class='ocr_line' id='line_1_46' title="bbox 275 2591 1726 2637; baseline -0.003 -10"><span class='ocrx_word' id='word_1_484' title='bbox 275 2598 359 2627; x_wconf 77' lang='lat'>—49</span> <span class='ocrx_word' id='word_1_485' title='bbox 384 2596 466 2628; x_wconf 86' lang='lat' dir='ltr'>Mss.</span> <span class='ocrx_word' id='word_1_486' title='bbox 481 2595 619 2637; x_wconf 82' lang='lat' dir='ltr'>quidam</span> <span class='ocrx_word' id='word_1_487' title='bbox 642 2601 677 2627; x_wconf 90' lang='lat' dir='ltr'>et</span> <span class='ocrx_word' id='word_1_488' title='bbox 694 2601 827 2627; x_wconf 85' lang='lat' dir='ltr'>veteres</span> <span class='ocrx_word' id='word_1_489' title='bbox 845 2595 1001 2636; x_wconf 81' lang='lat' dir='ltr'>impressi</span> <span class='ocrx_word' id='word_1_490' title='bbox 1016 2604 1054 2625; x_wconf 74' lang='lat' dir='ltr'>ue</span> <span class='ocrx_word' id='word_1_491' title='bbox 1069 2594 1199 2624; x_wconf 70' lang='lat' dir='ltr'>hcm-eret</span> <span class='ocrx_word' id='word_1_492' title='bbox 1218 2593 1302 2631; x_wconf 80' lang='lat' dir='ltr'>huic,</span> <span class='ocrx_word' id='word_1_493' title='bbox 1327 2593 1350 2624; x_wconf 86' lang='lat' dir='ltr'>i.</span> <span class='ocrx_word' id='word_1_494' title='bbox 1373 2602 1403 2623; x_wconf 81' lang='lat' dir='ltr'>e.</span> <span class='ocrx_word' id='word_1_495' title='bbox 1422 2591 1601 2622; x_wconf 75' lang='lat' dir='ltr'>AEscliinoz</span> <span class='ocrx_word' id='word_1_496' title='bbox 1626 2600 1726 2630; x_wconf 86' lang='lat' dir='ltr'>quam</span> 
     </span>
     <span class='ocr_line' id='line_1_47' title="bbox 277 2633 1725 2677; baseline -0.004 -8"><span class='ocrx_word' id='word_1_497' title='bbox 277 2639 356 2670; x_wconf 77' lang='lat' dir='ltr'>lect.</span> <span class='ocrx_word' id='word_1_498' title='bbox 373 2639 607 2671; x_wconf 68' lang='lat' dir='ltr'>tuetur-sanus</span> <span class='ocrx_word' id='word_1_499' title='bbox 635 2638 861 2677; x_wconf 71' lang='lat' dir='ltr'>Gulielmiu33</span> <span class='ocrx_word' id='word_1_500' title='bbox 885 2638 945 2669; x_wconf 87' lang='lat' dir='ltr'>sed</span> <span class='ocrx_word' id='word_1_501' title='bbox 971 2638 1004 2668; x_wconf 90' lang='lat' dir='ltr'>in</span> <span class='ocrx_word' id='word_1_502' title='bbox 1032 2636 1175 2668; x_wconf 87' lang='lat' dir='ltr'>Scholiis</span> <span class='ocrx_word' id='word_1_503' title='bbox 1198 2635 1334 2666; x_wconf 85' lang='lat' dir='ltr'>ineditis</span> <span class='ocrx_word' id='word_1_504' title='bbox 1355 2634 1485 2666; x_wconf 84' lang='lat' dir='ltr'>refutat</span> <span class='ocrx_word' id='word_1_505' title='bbox 1510 2633 1601 2674; x_wconf 85' lang='lat' dir='ltr'>Guy.</span> <span class='ocrx_word' id='word_1_506' title='bbox 1628 2633 1725 2664; x_wconf 74' lang='lat' dir='ltr'>West.</span> 
     </span>
     <span class='ocr_line' id='line_1_48' title="bbox 276 2677 1724 2721; baseline -0.005 -8"><span class='ocrx_word' id='word_1_507' title='bbox 276 2685 361 2713; x_wconf 76' lang='lat'>—50</span> <span class='ocrx_word' id='word_1_508' title='bbox 385 2682 512 2713; x_wconf 78' lang='lat' dir='ltr'>Omnes</span> <span class='ocrx_word' id='word_1_509' title='bbox 529 2681 665 2713; x_wconf 86' lang='lat' dir='ltr'>codices</span> <span class='ocrx_word' id='word_1_510' title='bbox 680 2681 821 2712; x_wconf 80' lang='lat' dir='ltr'>Adortus</span> <span class='ocrx_word' id='word_1_511' title='bbox 838 2685 894 2712; x_wconf 80' lang='lat' dir='ltr'>est.</span> <span class='ocrx_word' id='word_1_512' title='bbox 933 2681 1026 2721; x_wconf 82' lang='lat' dir='ltr'>Lege</span> <span class='ocrx_word' id='word_1_513' title='bbox 1041 2679 1182 2711; x_wconf 80' lang='lat' dir='ltr'>Adortus</span> <span class='ocrx_word' id='word_1_514' title='bbox 1198 2679 1308 2718; x_wconf 75' lang='lat' dir='ltr'>jurgio</span> <span class='ocrx_word' id='word_1_515' title='bbox 1325 2682 1382 2709; x_wconf 82' lang='lat' dir='ltr'>est.</span> <span class='ocrx_word' id='word_1_516' title='bbox 1407 2682 1444 2708; x_wconf 89' lang='lat' dir='ltr'>ut</span> <span class='ocrx_word' id='word_1_517' title='bbox 1469 2677 1571 2708; x_wconf 84' lang='lat' dir='ltr'>etiam</span> <span class='ocrx_word' id='word_1_518' title='bbox 1599 2680 1652 2707; x_wconf 87' lang='lat' dir='ltr'>est</span> <span class='ocrx_word' id='word_1_519' title='bbox 1669 2686 1724 2717; x_wconf 86' lang='lat' dir='ltr'>ap.</span> 
     </span>
    </p>
   </div>
   <div class='ocr_carea' id='block_1_7' title="bbox 477 2771 1516 2876">
    <p class='ocr_par' dir='ltr' id='par_1_11' title="bbox 477 2771 1516 2876">
     <span class='ocr_line' id='line_1_49' title="bbox 934 2771 1073 2803; baseline 0 -1"><span class='ocrx_word' id='word_1_520' title='bbox 934 2771 1073 2803; x_wconf 85' lang='lat' dir='ltr'>NOTAE</span> 
     </span>
     <span class='ocr_line' id='line_1_50' title="bbox 477 2832 1516 2876; baseline -0.005 -7"><span class='ocrx_word' id='word_1_521' title='bbox 477 2840 517 2869; x_wconf 76' lang='lat'>47</span> <span class='ocrx_word' id='word_1_522' title='bbox 543 2837 677 2876; x_wconf 72' lang='lat' dir='ltr'>Abigam</span> <span class='ocrx_word' id='word_1_523' title='bbox 692 2837 771 2867; x_wconf 80' lang='lat' dir='ltr'>hunc</span> <span class='ocrx_word' id='word_1_524' title='bbox 787 2835 852 2875; x_wconf 79' lang='lat' dir='ltr'>rus]</span> <span class='ocrx_word' id='word_1_525' title='bbox 877 2836 962 2866; x_wconf 57' lang='grc' dir='ltr'>ΗΜ</span> <span class='ocrx_word' id='word_1_526' title='bbox 980 2845 1092 2867; x_wconf 82' lang='lat' dir='ltr'>secum</span> <span class='ocrx_word' id='word_1_527' title='bbox 1111 2835 1216 2875; x_wconf 72' lang='lat' dir='ltr'>Syrus</span> <span class='ocrx_word' id='word_1_528' title='bbox 1233 2833 1338 2865; x_wconf 80' lang='lat' dir='ltr'>tacite</span> <span class='ocrx_word' id='word_1_529' title='bbox 1356 2832 1516 2873; x_wconf 77' lang='lat' dir='ltr'>loquitur.</span> 
     </span>
    </p>
   </div>
  </div>
 </body>
</html>
