<?xml version="1.0" encoding="UTF-8"?>
<!DOCTYPE html PUBLIC "-//W3C//DTD XHTML 1.0 Transitional//EN"
    "http://www.w3.org/TR/xhtml1/DTD/xhtml1-transitional.dtd">
<html xmlns="http://www.w3.org/1999/xhtml" xml:lang="en" lang="en">
 <head>
  <title>
</title>
<meta http-equiv="Content-Type" content="text/html;charset=utf-8" />
  <meta name='ocr-system' content='tesseract 3.04.00' />
  <meta name='ocr-capabilities' content='ocr_page ocr_carea ocr_par ocr_line ocrx_word'/>
</head>
<body>
  <div class='ocr_page' id='page_1' title='image "./pubterentiiafric02tereuoft/pubterentiiafric02tereuoft_0056.png"; bbox 0 0 1966 3302; ppageno 0'>
   <div class='ocr_carea' id='block_1_1' title="bbox 313 232 1284 275">
    <p class='ocr_par' dir='ltr' id='par_1_1' title="bbox 313 232 1284 275">
     <span class='ocr_line' id='line_1_1' title="bbox 313 232 1284 275; baseline 0.001 -1"><span class='ocrx_word' id='word_1_1' title='bbox 313 232 399 275; x_wconf 73' lang='lat'><strong>546</strong></span> <span class='ocrx_word' id='word_1_2' title='bbox 815 245 854 274; x_wconf 83' lang='lat' dir='ltr'><strong>P.</strong></span> <span class='ocrx_word' id='word_1_3' title='bbox 887 243 1131 274; x_wconf 69' lang='lat' dir='ltr'><strong>TEREN&#39;rn</strong></span> <span class='ocrx_word' id='word_1_4' title='bbox 1167 246 1284 275; x_wconf 71' lang='lat' dir='ltr'><strong>Arei</strong></span> 
     </span>
    </p>
   </div>
   <div class='ocr_carea' id='block_1_2' title="bbox 315 340 1785 1077">
    <p class='ocr_par' dir='ltr' id='par_1_2' title="bbox 316 340 1283 396">
     <span class='ocr_line' id='line_1_2' title="bbox 316 340 1283 396; baseline -0.001 -14"><span class='ocrx_word' id='word_1_5' title='bbox 316 340 512 382; x_wconf 80' lang='lat' dir='ltr'><strong>Decesse</strong></span> <span class='ocrx_word' id='word_1_6' title='bbox 534 342 773 396; x_wconf 88' lang='lat' dir='ltr'><strong>populum:</strong></span> <span class='ocrx_word' id='word_1_7' title='bbox 807 354 885 382; x_wconf 90' lang='lat' dir='ltr'><strong>cur</strong></span> <span class='ocrx_word' id='word_1_8' title='bbox 908 340 1063 382; x_wconf 82' lang='lat' dir='ltr'><strong>insano</strong></span> <span class='ocrx_word' id='word_1_9' title='bbox 1086 341 1283 381; x_wconf 66' lang='lat' dir='ltr'><strong>serviat?</strong></span> 
     </span>
    </p>

    <p class='ocr_par' dir='ltr' id='par_1_3' title="bbox 318 408 1315 464">
     <span class='ocr_line' id='line_1_3' title="bbox 318 408 1315 464; baseline -0.002 -14"><span class='ocrx_word' id='word_1_10' title='bbox 318 409 390 450; x_wconf 89' lang='lat' dir='ltr'><strong>De</strong></span> <span class='ocrx_word' id='word_1_11' title='bbox 413 410 533 451; x_wconf 88' lang='lat' dir='ltr'><strong>illius</strong></span> <span class='ocrx_word' id='word_1_12' title='bbox 555 410 750 464; x_wconf 75' lang='lat' dir='ltr'><strong>peccatis</strong></span> <span class='ocrx_word' id='word_1_13' title='bbox 772 409 898 463; x_wconf 86' lang='lat' dir='ltr'><strong>plura</strong></span> <span class='ocrx_word' id='word_1_14' title='bbox 919 409 1054 459; x_wconf 87' lang='lat' dir='ltr'><strong>dicet,</strong></span> <span class='ocrx_word' id='word_1_15' title='bbox 1074 422 1171 449; x_wconf 87' lang='lat' dir='ltr'><strong>cum</strong></span> <span class='ocrx_word' id='word_1_16' title='bbox 1195 408 1315 449; x_wconf 75' lang='lat' dir='ltr'><strong>dabit</strong></span> 
     </span>
    </p>

    <p class='ocr_par' dir='ltr' id='par_1_4' title="bbox 316 477 1294 528">
     <span class='ocr_line' id='line_1_4' title="bbox 316 477 1294 528; baseline 0.001 -10"><span class='ocrx_word' id='word_1_17' title='bbox 316 477 444 518; x_wconf 81' lang='lat' dir='ltr'><strong>Alias</strong></span> <span class='ocrx_word' id='word_1_18' title='bbox 466 491 624 528; x_wconf 82' lang='lat' dir='ltr'><strong>novas,</strong></span> <span class='ocrx_word' id='word_1_19' title='bbox 642 477 727 518; x_wconf 88' lang='lat' dir='ltr'><strong>nisi</strong></span> <span class='ocrx_word' id='word_1_20' title='bbox 747 477 878 518; x_wconf 87' lang='lat' dir='ltr'><strong>finem</strong></span> <span class='ocrx_word' id='word_1_21' title='bbox 901 477 1150 519; x_wconf 68' lang='lat' dir='ltr'><strong>maledictis</strong></span> <span class='ocrx_word' id='word_1_22' title='bbox 1173 477 1294 519; x_wconf 83' lang='lat' dir='ltr'><strong>facit.</strong></span> 
     </span>
    </p>

    <p class='ocr_par' dir='ltr' id='par_1_5' title="bbox 316 543 1785 667">
     <span class='ocr_line' id='line_1_5' title="bbox 316 543 1785 600; baseline 0.002 -15"><span class='ocrx_word' id='word_1_23' title='bbox 316 543 485 587; x_wconf 84' lang='lat' dir='ltr'><strong>Adeste</strong></span> <span class='ocrx_word' id='word_1_24' title='bbox 507 559 638 599; x_wconf 83' lang='lat' dir='ltr'><strong>aequo</strong></span> <span class='ocrx_word' id='word_1_25' title='bbox 656 545 805 587; x_wconf 84' lang='lat' dir='ltr'><strong>animo</strong></span> <span class='ocrx_word' id='word_1_26' title='bbox 823 559 833 596; x_wconf 93' lang='lat'>;</span> <span class='ocrx_word' id='word_1_27' title='bbox 865 545 968 587; x_wconf 74' lang='lat' dir='ltr'><strong>date</strong></span> <span class='ocrx_word' id='word_1_28' title='bbox 989 549 1272 600; x_wconf 78' lang='lat' dir='ltr'><strong>potestatem,</strong></span> <span class='ocrx_word' id='word_1_29' title='bbox 1295 545 1402 587; x_wconf 87' lang='lat' dir='ltr'><strong>mihi</strong></span> <span class='ocrx_word' id='word_1_30' title='bbox 1727 545 1785 588; x_wconf 81' lang='lat'><strong>35</strong></span> 
     </span>
     <span class='ocr_line' id='line_1_6' title="bbox 319 612 1304 667; baseline 0 -13"><span class='ocrx_word' id='word_1_31' title='bbox 319 612 557 655; x_wconf 82' lang='lat' dir='ltr'>Statariam</span> <span class='ocrx_word' id='word_1_32' title='bbox 581 626 710 666; x_wconf 82' lang='lat' dir='ltr'><strong>agere</strong></span> <span class='ocrx_word' id='word_1_33' title='bbox 733 617 778 654; x_wconf 86' lang='lat' dir='ltr'><strong>ut</strong></span> <span class='ocrx_word' id='word_1_34' title='bbox 800 613 938 654; x_wconf 82' lang='lat' dir='ltr'><strong>liceat</strong></span> <span class='ocrx_word' id='word_1_35' title='bbox 958 625 1040 667; x_wconf 88' lang='lat' dir='ltr'><strong>per</strong></span> <span class='ocrx_word' id='word_1_36' title='bbox 1056 614 1304 666; x_wconf 80' lang='lat' dir='ltr'><strong>silentium3</strong></span> 
     </span>
    </p>

    <p class='ocr_par' dir='ltr' id='par_1_6' title="bbox 318 680 1302 735">
     <span class='ocr_line' id='line_1_7' title="bbox 318 680 1302 735; baseline 0.001 -14"><span class='ocrx_word' id='word_1_37' title='bbox 318 680 390 721; x_wconf 86' lang='lat' dir='ltr'><strong>Ne</strong></span> <span class='ocrx_word' id='word_1_38' title='bbox 410 694 584 735; x_wconf 87' lang='lat' dir='ltr'><strong>semper</strong></span> <span class='ocrx_word' id='word_1_39' title='bbox 603 694 754 722; x_wconf 89' lang='lat' dir='ltr'><strong>servus</strong></span> <span class='ocrx_word' id='word_1_40' title='bbox 778 693 969 730; x_wconf 85' lang='lat' dir='ltr'><strong>currens,</strong></span> <span class='ocrx_word' id='word_1_41' title='bbox 990 680 1130 722; x_wconf 86' lang='lat' dir='ltr'><strong>iratus</strong></span> <span class='ocrx_word' id='word_1_42' title='bbox 1149 694 1302 732; x_wconf 79' lang='lat' dir='ltr'><strong>senex,</strong></span> 
     </span>
    </p>

    <p class='ocr_par' dir='ltr' id='par_1_7' title="bbox 316 748 1450 804">
     <span class='ocr_line' id='line_1_8' title="bbox 316 748 1450 804; baseline 0 -14"><span class='ocrx_word' id='word_1_43' title='bbox 316 748 449 790; x_wconf 78' lang='lat' dir='ltr'><strong>Edax</strong></span> <span class='ocrx_word' id='word_1_44' title='bbox 470 750 709 803; x_wconf 80' lang='lat' dir='ltr'>parasitus,</span> <span class='ocrx_word' id='word_1_45' title='bbox 732 749 1012 803; x_wconf 82' lang='lat' dir='ltr'><strong>sycophanta</strong></span> <span class='ocrx_word' id='word_1_46' title='bbox 1035 753 1183 790; x_wconf 85' lang='lat' dir='ltr'><strong>autem</strong></span> <span class='ocrx_word' id='word_1_47' title='bbox 1201 749 1450 804; x_wconf 87' lang='lat' dir='ltr'><strong>impudens,</strong></span> 
     </span>
    </p>

    <p class='ocr_par' dir='ltr' id='par_1_8' title="bbox 315 817 1263 870">
     <span class='ocr_line' id='line_1_9' title="bbox 315 817 1263 870; baseline -0.001 -11"><span class='ocrx_word' id='word_1_48' title='bbox 315 817 497 860; x_wconf 83' lang='lat' dir='ltr'><strong>Avarus</strong></span> <span class='ocrx_word' id='word_1_49' title='bbox 514 818 630 868; x_wconf 89' lang='lat' dir='ltr'><strong>leno,</strong></span> <span class='ocrx_word' id='word_1_50' title='bbox 653 817 833 859; x_wconf 85' lang='lat' dir='ltr'><strong>assidue</strong></span> <span class='ocrx_word' id='word_1_51' title='bbox 855 817 1014 870; x_wconf 83' lang='lat' dir='ltr'><strong>agendi</strong></span> <span class='ocrx_word' id='word_1_52' title='bbox 1037 818 1125 859; x_wconf 86' lang='lat' dir='ltr'><strong>sint</strong></span> <span class='ocrx_word' id='word_1_53' title='bbox 1141 818 1263 869; x_wconf 86' lang='lat' dir='ltr'><strong>mihi,</strong></span> 
     </span>
    </p>

    <p class='ocr_par' dir='ltr' id='par_1_9' title="bbox 316 885 1784 1007">
     <span class='ocr_line' id='line_1_10' title="bbox 316 885 1784 936; baseline 0.002 -10"><span class='ocrx_word' id='word_1_54' title='bbox 316 886 517 927; x_wconf 85' lang='lat' dir='ltr'><strong>Clamore</strong></span> <span class='ocrx_word' id='word_1_55' title='bbox 539 899 728 936; x_wconf 91' lang='lat' dir='ltr'><strong>summo,</strong></span> <span class='ocrx_word' id='word_1_56' title='bbox 753 898 856 926; x_wconf 87' lang='lat' dir='ltr'><strong>cum</strong></span> <span class='ocrx_word' id='word_1_57' title='bbox 877 885 1032 926; x_wconf 85' lang='lat' dir='ltr'><strong>labore</strong></span> <span class='ocrx_word' id='word_1_58' title='bbox 1054 899 1277 927; x_wconf 78' lang='lat' dir='ltr'><strong>maxumo.</strong></span> <span class='ocrx_word' id='word_1_59' title='bbox 1727 888 1784 929; x_wconf 79' lang='lat'><strong>40</strong></span> 
     </span>
     <span class='ocr_line' id='line_1_11' title="bbox 316 953 1692 1007; baseline 0.001 -13"><span class='ocrx_word' id='word_1_60' title='bbox 316 953 425 996; x_wconf 82' lang='lat' dir='ltr'><strong>Mea</strong></span> <span class='ocrx_word' id='word_1_61' title='bbox 445 967 584 996; x_wconf 83' lang='lat' dir='ltr'><strong>causa</strong></span> <span class='ocrx_word' id='word_1_62' title='bbox 606 967 789 995; x_wconf 83' lang='lat' dir='ltr'><strong>causam</strong></span> <span class='ocrx_word' id='word_1_63' title='bbox 809 953 926 994; x_wconf 82' lang='lat' dir='ltr'><strong>hanc</strong></span> <span class='ocrx_word' id='word_1_64' title='bbox 943 953 1116 1007; x_wconf 74' lang='lat' dir='ltr'><strong>justam</strong></span> <span class='ocrx_word' id='word_1_65' title='bbox 1134 967 1236 995; x_wconf 88' lang='lat' dir='ltr'><strong>esse</strong></span> <span class='ocrx_word' id='word_1_66' title='bbox 1259 954 1451 996; x_wconf 86' lang='lat' dir='ltr'><strong>animum</strong></span> <span class='ocrx_word' id='word_1_67' title='bbox 1475 953 1692 1006; x_wconf 85' lang='lat' dir='ltr'><strong>inducite,</strong></span> 
     </span>
    </p>

    <p class='ocr_par' dir='ltr' id='par_1_10' title="bbox 316 1021 1240 1077">
     <span class='ocr_line' id='line_1_12' title="bbox 316 1021 1240 1077; baseline 0.001 -14"><span class='ocrx_word' id='word_1_68' title='bbox 316 1021 380 1064; x_wconf 87' lang='lat' dir='ltr'><strong>Ut</strong></span> <span class='ocrx_word' id='word_1_69' title='bbox 397 1022 548 1077; x_wconf 82' lang='lat' dir='ltr'><strong>aliqua</strong></span> <span class='ocrx_word' id='word_1_70' title='bbox 569 1035 671 1077; x_wconf 82' lang='lat' dir='ltr'><strong>pars</strong></span> <span class='ocrx_word' id='word_1_71' title='bbox 687 1022 857 1064; x_wconf 86' lang='lat' dir='ltr'><strong>laboris</strong></span> <span class='ocrx_word' id='word_1_72' title='bbox 878 1022 1100 1063; x_wconf 84' lang='lat' dir='ltr'><strong>minuatur</strong></span> <span class='ocrx_word' id='word_1_73' title='bbox 1121 1022 1240 1064; x_wconf 87' lang='lat' dir='ltr'><strong>mihi.</strong></span> 
     </span>
    </p>
   </div>
   <div class='ocr_carea' id='block_1_3' title="bbox 315 1153 1790 1627">
    <p class='ocr_par' dir='ltr' id='par_1_11' title="bbox 315 1153 1790 1627">
     <span class='ocr_line' id='line_1_13' title="bbox 316 1153 1787 1197; baseline 0.001 -12"><span class='ocrx_word' id='word_1_74' title='bbox 316 1154 506 1187; x_wconf 76' lang='lat' dir='ltr'><strong>discurrenti</strong></span> <span class='ocrx_word' id='word_1_75' title='bbox 530 1165 584 1196; x_wconf 84' lang='lat' dir='ltr'><strong>per</strong></span> <span class='ocrx_word' id='word_1_76' title='bbox 605 1156 741 1197; x_wconf 81' lang='lat' dir='ltr'><strong>plateam</strong></span> <span class='ocrx_word' id='word_1_77' title='bbox 768 1158 876 1186; x_wconf 84' lang='lat' dir='ltr'><strong>contra</strong></span> <span class='ocrx_word' id='word_1_78' title='bbox 901 1155 1055 1187; x_wconf 67' lang='lat' dir='ltr'><strong>decoram.</strong></span> <span class='ocrx_word' id='word_1_79' title='bbox 1103 1154 1202 1190; x_wconf 75' lang='lat' dir='ltr'><strong>Quasi</strong></span> <span class='ocrx_word' id='word_1_80' title='bbox 1224 1165 1295 1185; x_wconf 72' lang='lat' dir='ltr'><strong>tero</strong></span> <span class='ocrx_word' id='word_1_81' title='bbox 1318 1155 1451 1195; x_wconf 68' lang='lat' dir='ltr'><strong>populus</strong></span> <span class='ocrx_word' id='word_1_82' title='bbox 1474 1153 1599 1196; x_wconf 78' lang='lat' dir='ltr'><strong>obsequi</strong></span> <span class='ocrx_word' id='word_1_83' title='bbox 1621 1158 1652 1186; x_wconf 80' lang='lat' dir='ltr'><strong>et</strong></span> <span class='ocrx_word' id='word_1_84' title='bbox 1679 1155 1787 1187; x_wconf 79' lang='lat' dir='ltr'><strong>cedere</strong></span> 
     </span>
     <span class='ocr_line' id='line_1_14' title="bbox 315 1197 1786 1239; baseline 0.001 -11"><span class='ocrx_word' id='word_1_85' title='bbox 315 1198 424 1229; x_wconf 83' lang='lat' dir='ltr'><strong>debeat</strong></span> <span class='ocrx_word' id='word_1_86' title='bbox 441 1199 593 1239; x_wconf 80' lang='lat' dir='ltr'><strong>mancipio</strong></span> <span class='ocrx_word' id='word_1_87' title='bbox 613 1198 759 1230; x_wconf 80' lang='lat' dir='ltr'><strong>dementi.</strong></span> <span class='ocrx_word' id='word_1_88' title='bbox 806 1198 858 1229; x_wconf 86' lang='lat' dir='ltr'><strong>De</strong></span> <span class='ocrx_word' id='word_1_89' title='bbox 873 1198 998 1229; x_wconf 62' lang='lat' dir='ltr'><strong>Lauinii</strong></span> <span class='ocrx_word' id='word_1_90' title='bbox 1013 1198 1170 1229; x_wconf 83' lang='lat' dir='ltr'><strong>erroribus</strong></span> <span class='ocrx_word' id='word_1_91' title='bbox 1186 1197 1286 1229; x_wconf 71' lang='lat' dir='ltr'><strong>Poeta</strong></span> <span class='ocrx_word' id='word_1_92' title='bbox 1307 1198 1449 1238; x_wconf 78' lang='lat' dir='ltr'><strong>pluribus</strong></span> <span class='ocrx_word' id='word_1_93' title='bbox 1471 1201 1559 1237; x_wconf 85' lang='lat' dir='ltr'><strong>aget,</strong></span> <span class='ocrx_word' id='word_1_94' title='bbox 1581 1199 1702 1239; x_wconf 79' lang='lat' dir='ltr'><strong>quando</strong></span> <span class='ocrx_word' id='word_1_95' title='bbox 1718 1199 1786 1229; x_wconf 83' lang='lat' dir='ltr'><strong>edet</strong></span> 
     </span>
     <span class='ocr_line' id='line_1_15' title="bbox 316 1240 1790 1283; baseline 0.001 -12"><span class='ocrx_word' id='word_1_96' title='bbox 316 1242 397 1273; x_wconf 84' lang='lat' dir='ltr'><strong>alias</strong></span> <span class='ocrx_word' id='word_1_97' title='bbox 412 1252 507 1273; x_wconf 73' lang='lat' dir='ltr'><strong>novas</strong></span> <span class='ocrx_word' id='word_1_98' title='bbox 527 1242 666 1281; x_wconf 85' lang='lat' dir='ltr'><strong>fabulas,</strong></span> <span class='ocrx_word' id='word_1_99' title='bbox 683 1241 744 1272; x_wconf 78' lang='lat' dir='ltr'><strong>m&#39;sz&#39;</strong></span> <span class='ocrx_word' id='word_1_100' title='bbox 749 1241 851 1283; x_wconf 84' lang='lat' dir='ltr'><strong>finem</strong></span> <span class='ocrx_word' id='word_1_101' title='bbox 868 1242 998 1282; x_wconf 79' lang='lat' dir='ltr'><em>imponit</em></span> <span class='ocrx_word' id='word_1_102' title='bbox 1017 1240 1260 1272; x_wconf 77' lang='lat' dir='ltr'><strong>detractionibus</strong></span> <span class='ocrx_word' id='word_1_103' title='bbox 1275 1244 1305 1272; x_wconf 84' lang='lat' dir='ltr'><strong>et</strong></span> <span class='ocrx_word' id='word_1_104' title='bbox 1327 1241 1422 1272; x_wconf 79' lang='lat' dir='ltr'><strong>dictis</strong></span> <span class='ocrx_word' id='word_1_105' title='bbox 1450 1241 1691 1272; x_wconf 79' lang='lat' dir='ltr'><strong>contumeliosis.</strong></span> <span class='ocrx_word' id='word_1_106' title='bbox 1729 1242 1790 1272; x_wconf 81' lang='lat' dir='ltr'><strong>At-</strong></span> 
     </span>
     <span class='ocr_line' id='line_1_16' title="bbox 316 1284 1787 1325; baseline 0.001 -11"><span class='ocrx_word' id='word_1_107' title='bbox 316 1286 395 1315; x_wconf 85' lang='lat' dir='ltr'><strong>teati</strong></span> <span class='ocrx_word' id='word_1_108' title='bbox 411 1289 506 1316; x_wconf 83' lang='lat' dir='ltr'><strong>estote</strong></span> <span class='ocrx_word' id='word_1_109' title='bbox 521 1289 548 1316; x_wconf 83' lang='lat' dir='ltr'><strong>et</strong></span> <span class='ocrx_word' id='word_1_110' title='bbox 558 1285 669 1324; x_wconf 68' lang='lat' dir='ltr'><strong>favete</strong></span> <span class='ocrx_word' id='word_1_111' title='bbox 685 1289 785 1316; x_wconf 77' lang='lat' dir='ltr'><strong>mente</strong></span> <span class='ocrx_word' id='word_1_112' title='bbox 799 1284 923 1324; x_wconf 80' lang='lat' dir='ltr'><strong>placida</strong></span> <span class='ocrx_word' id='word_1_113' title='bbox 938 1289 967 1315; x_wconf 87' lang='lat' dir='ltr'><strong>et</strong></span> <span class='ocrx_word' id='word_1_114' title='bbox 983 1285 1099 1325; x_wconf 80' lang='lat' dir='ltr'><strong>quieta.</strong></span> <span class='ocrx_word' id='word_1_115' title='bbox 1149 1284 1317 1315; x_wconf 80' lang='lat' dir='ltr'><strong>Concedite</strong></span> <span class='ocrx_word' id='word_1_116' title='bbox 1345 1287 1380 1314; x_wconf 89' lang='lat' dir='ltr'><strong>ut</strong></span> <span class='ocrx_word' id='word_1_117' title='bbox 1402 1294 1494 1324; x_wconf 79' lang='lat' dir='ltr'><strong>usque</strong></span> <span class='ocrx_word' id='word_1_118' title='bbox 1517 1286 1558 1315; x_wconf 88' lang='lat' dir='ltr'><strong>ad</strong></span> <span class='ocrx_word' id='word_1_119' title='bbox 1581 1284 1701 1316; x_wconf 80' lang='lat' dir='ltr'><strong>exitum</strong></span> <span class='ocrx_word' id='word_1_120' title='bbox 1716 1294 1787 1316; x_wconf 85' lang='lat' dir='ltr'><strong>cum</strong></span> 
     </span>
     <span class='ocr_line' id='line_1_17' title="bbox 315 1327 1788 1369; baseline 0.001 -12"><span class='ocrx_word' id='word_1_121' title='bbox 315 1328 440 1359; x_wconf 81' lang='lat' dir='ltr'><strong>silentio</strong></span> <span class='ocrx_word' id='word_1_122' title='bbox 457 1331 556 1360; x_wconf 78' lang='lat' dir='ltr'><strong>vestro</strong></span> <span class='ocrx_word' id='word_1_123' title='bbox 570 1328 686 1369; x_wconf 85' lang='lat' dir='ltr'><strong>possim</strong></span> <span class='ocrx_word' id='word_1_124' title='bbox 707 1327 839 1359; x_wconf 82' lang='lat' dir='ltr'><strong>recitare</strong></span> <span class='ocrx_word' id='word_1_125' title='bbox 861 1328 940 1361; x_wconf 76' lang='lat' dir='ltr'><strong>hunc</strong></span> <span class='ocrx_word' id='word_1_126' title='bbox 966 1327 1155 1358; x_wconf 83' lang='lat' dir='ltr'><strong>Comoedz&#39;am</strong></span> <span class='ocrx_word' id='word_1_127' title='bbox 1176 1328 1357 1365; x_wconf 77' lang='lat' dir='ltr'><strong>statarium,</strong></span> <span class='ocrx_word' id='word_1_128' title='bbox 1382 1337 1449 1367; x_wconf 75' lang='lat' dir='ltr'><strong>qna&gt;</strong></span> <span class='ocrx_word' id='word_1_129' title='bbox 1473 1330 1574 1358; x_wconf 74' lang='lat' dir='ltr'><strong>motus</strong></span> <span class='ocrx_word' id='word_1_130' title='bbox 1597 1337 1658 1358; x_wconf 80' lang='lat' dir='ltr'><strong>non</strong></span> <span class='ocrx_word' id='word_1_131' title='bbox 1682 1327 1788 1366; x_wconf 75' lang='lat' dir='ltr'><strong>habet,</strong></span> 
     </span>
     <span class='ocr_line' id='line_1_18' title="bbox 315 1369 1782 1411; baseline -0.001 -10"><span class='ocrx_word' id='word_1_132' title='bbox 315 1380 411 1411; x_wconf 80' lang='lat' dir='ltr'><strong>neque</strong></span> <span class='ocrx_word' id='word_1_133' title='bbox 427 1372 555 1403; x_wconf 83' lang='lat' dir='ltr'><strong>turbas:</strong></span> <span class='ocrx_word' id='word_1_134' title='bbox 580 1382 618 1403; x_wconf 80' lang='lat' dir='ltr'><strong>ue</strong></span> <span class='ocrx_word' id='word_1_135' title='bbox 633 1380 751 1411; x_wconf 81' lang='lat' dir='ltr'><strong>semper</strong></span> <span class='ocrx_word' id='word_1_136' title='bbox 764 1379 872 1402; x_wconf 72' lang='lat' dir='ltr'><strong>seruus</strong></span> <span class='ocrx_word' id='word_1_137' title='bbox 878 1370 1049 1410; x_wconf 83' lang='lat' dir='ltr'><strong>festinans,</strong></span> <span class='ocrx_word' id='word_1_138' title='bbox 1063 1380 1158 1401; x_wconf 79' lang='lat' dir='ltr'><strong>senex</strong></span> <span class='ocrx_word' id='word_1_139' title='bbox 1173 1370 1222 1401; x_wconf 84' lang='lat' dir='ltr'><strong>ira</strong></span> <span class='ocrx_word' id='word_1_140' title='bbox 1238 1373 1351 1409; x_wconf 84' lang='lat' dir='ltr'><strong>motus,</strong></span> <span class='ocrx_word' id='word_1_141' title='bbox 1368 1369 1526 1410; x_wconf 75' lang='lat' dir='ltr'><strong>parasitus</strong></span> <span class='ocrx_word' id='word_1_142' title='bbox 1542 1379 1652 1410; x_wconf 73' lang='lat' dir='ltr'><strong>torax,</strong></span> <span class='ocrx_word' id='word_1_143' title='bbox 1665 1371 1782 1401; x_wconf 79' lang='lat' dir='ltr'><strong>calum-</strong></span> 
     </span>
     <span class='ocr_line' id='line_1_19' title="bbox 315 1413 1788 1456; baseline 0.001 -13"><span class='ocrx_word' id='word_1_144' title='bbox 315 1415 422 1445; x_wconf 78' lang='lat' dir='ltr'><strong>niator</strong></span> <span class='ocrx_word' id='word_1_145' title='bbox 438 1416 606 1456; x_wconf 77' lang='lat' dir='ltr'><strong>impudens,</strong></span> <span class='ocrx_word' id='word_1_146' title='bbox 631 1416 698 1445; x_wconf 74' lang='lat' dir='ltr'><strong>leno</strong></span> <span class='ocrx_word' id='word_1_147' title='bbox 721 1415 858 1454; x_wconf 63' lang='lat' dir='ltr'><strong>pecunia?</strong></span> <span class='ocrx_word' id='word_1_148' title='bbox 879 1413 999 1453; x_wconf 72' lang='lat' dir='ltr'><strong>aridus,</strong></span> <span class='ocrx_word' id='word_1_149' title='bbox 1027 1413 1117 1451; x_wconf 76' lang='lat' dir='ltr'><strong>mihi,</strong></span> <span class='ocrx_word' id='word_1_150' title='bbox 1145 1414 1198 1452; x_wconf 82' lang='lat' dir='ltr'><strong>qai</strong></span> <span class='ocrx_word' id='word_1_151' title='bbox 1222 1423 1318 1444; x_wconf 75' lang='lat' dir='ltr'><strong>senex</strong></span> <span class='ocrx_word' id='word_1_152' title='bbox 1345 1423 1423 1448; x_wconf 79' lang='lat' dir='ltr'><strong>sam,</strong></span> <span class='ocrx_word' id='word_1_153' title='bbox 1453 1416 1484 1444; x_wconf 82' lang='lat' dir='ltr'><strong>et</strong></span> <span class='ocrx_word' id='word_1_154' title='bbox 1511 1413 1647 1453; x_wconf 79' lang='lat' dir='ltr'><strong>quietem</strong></span> <span class='ocrx_word' id='word_1_155' title='bbox 1670 1423 1788 1454; x_wconf 82' lang='lat' dir='ltr'><strong>quoero,</strong></span> 
     </span>
     <span class='ocr_line' id='line_1_20' title="bbox 316 1455 1786 1498; baseline -0.001 -10"><span class='ocrx_word' id='word_1_156' title='bbox 316 1459 437 1491; x_wconf 76' lang='lat' dir='ltr'><strong>assidue</strong></span> <span class='ocrx_word' id='word_1_157' title='bbox 455 1459 517 1489; x_wconf 75' lang='lat' dir='ltr'><strong>sint</strong></span> <span class='ocrx_word' id='word_1_158' title='bbox 536 1458 777 1498; x_wconf 64' lang='lat' dir='ltr'><strong>repraesentandi</strong></span> <span class='ocrx_word' id='word_1_159' title='bbox 793 1467 861 1488; x_wconf 79' lang='lat' dir='ltr'><strong>cam</strong></span> <span class='ocrx_word' id='word_1_160' title='bbox 877 1457 1094 1495; x_wconf 65' lang='lat' dir='ltr'><strong>vociferatione</strong></span> <span class='ocrx_word' id='word_1_161' title='bbox 1108 1466 1223 1495; x_wconf 83' lang='lat' dir='ltr'><strong>magna</strong></span> <span class='ocrx_word' id='word_1_162' title='bbox 1240 1459 1269 1487; x_wconf 84' lang='lat' dir='ltr'><strong>et</strong></span> <span class='ocrx_word' id='word_1_163' title='bbox 1285 1455 1522 1495; x_wconf 60' lang='lat' dir='ltr'><strong>defatigatione.</strong></span> <span class='ocrx_word' id='word_1_164' title='bbox 1571 1456 1601 1486; x_wconf 93' lang='grc' dir='ltr'>Ο</span> <span class='ocrx_word' id='word_1_165' title='bbox 1624 1466 1678 1486; x_wconf 72' lang='lat' dir='ltr'><strong>tos</strong></span> <span class='ocrx_word' id='word_1_166' title='bbox 1701 1466 1786 1496; x_wconf 77' lang='lat' dir='ltr'><strong>spec-</strong></span> 
     </span>
     <span class='ocr_line' id='line_1_21' title="bbox 318 1498 1789 1539; baseline -0.001 -9"><span class='ocrx_word' id='word_1_167' title='bbox 318 1500 459 1532; x_wconf 71' lang='lat' dir='ltr'><strong>tutores!</strong></span> <span class='ocrx_word' id='word_1_168' title='bbox 482 1501 542 1532; x_wconf 82' lang='lat' dir='ltr'><strong>mei</strong></span> <span class='ocrx_word' id='word_1_169' title='bbox 564 1511 667 1538; x_wconf 74' lang='lat' dir='ltr'><strong>causa,</strong></span> <span class='ocrx_word' id='word_1_170' title='bbox 689 1500 806 1531; x_wconf 77' lang='lat' dir='ltr'><strong>credite</strong></span> <span class='ocrx_word' id='word_1_171' title='bbox 823 1499 946 1538; x_wconf 73' lang='lat' dir='ltr'><strong>justam</strong></span> <span class='ocrx_word' id='word_1_172' title='bbox 970 1509 1035 1531; x_wconf 78' lang='lat' dir='ltr'><strong>esse</strong></span> <span class='ocrx_word' id='word_1_173' title='bbox 1057 1509 1192 1537; x_wconf 82' lang='lat' dir='ltr'><strong>causam,</strong></span> <span class='ocrx_word' id='word_1_174' title='bbox 1218 1509 1272 1530; x_wconf 76' lang='lat' dir='ltr'><strong>cur</strong></span> <span class='ocrx_word' id='word_1_175' title='bbox 1293 1503 1407 1539; x_wconf 79' lang='lat' dir='ltr'><strong>petam,</strong></span> <span class='ocrx_word' id='word_1_176' title='bbox 1433 1502 1467 1530; x_wconf 79' lang='lat' dir='ltr'><strong>ut</strong></span> <span class='ocrx_word' id='word_1_177' title='bbox 1490 1509 1546 1530; x_wconf 79' lang='lat' dir='ltr'><strong>vos</strong></span> <span class='ocrx_word' id='word_1_178' title='bbox 1567 1509 1635 1529; x_wconf 83' lang='lat' dir='ltr'><strong>cum</strong></span> <span class='ocrx_word' id='word_1_179' title='bbox 1662 1498 1789 1529; x_wconf 52' lang='lat' dir='ltr'><strong>silentio</strong></span> 
     </span>
     <span class='ocr_line' id='line_1_22' title="bbox 318 1541 1786 1583; baseline -0.002 -9"><span class='ocrx_word' id='word_1_180' title='bbox 318 1544 435 1575; x_wconf 78' lang='lat' dir='ltr'><strong>attenti</strong></span> <span class='ocrx_word' id='word_1_181' title='bbox 457 1545 539 1583; x_wconf 75' lang='lat' dir='ltr'><strong>silis,</strong></span> <span class='ocrx_word' id='word_1_182' title='bbox 564 1548 595 1576; x_wconf 83' lang='lat' dir='ltr'><strong>et</strong></span> <span class='ocrx_word' id='word_1_183' title='bbox 620 1548 652 1574; x_wconf 82' lang='lat' dir='ltr'><strong>ut</strong></span> <span class='ocrx_word' id='word_1_184' title='bbox 679 1545 712 1575; x_wconf 83' lang='lat' dir='ltr'><strong>in</strong></span> <span class='ocrx_word' id='word_1_185' title='bbox 736 1545 855 1583; x_wconf 72' lang='lat' dir='ltr'><strong>agendo</strong></span> <span class='ocrx_word' id='word_1_186' title='bbox 879 1543 982 1582; x_wconf 78' lang='lat' dir='ltr'><strong>aliqua</strong></span> <span class='ocrx_word' id='word_1_187' title='bbox 1004 1546 1093 1582; x_wconf 73' lang='lat' dir='ltr'><strong>parte</strong></span> <span class='ocrx_word' id='word_1_188' title='bbox 1108 1542 1222 1573; x_wconf 78' lang='lat' dir='ltr'><strong>laboris</strong></span> <span class='ocrx_word' id='word_1_189' title='bbox 1237 1542 1398 1579; x_wconf 57' lang='lat' dir='ltr'><strong>sublevem</strong></span> <span class='ocrx_word' id='word_1_190' title='bbox 1414 1551 1453 1573; x_wconf 82' lang='lat' dir='ltr'><strong>ne</strong></span> <span class='ocrx_word' id='word_1_191' title='bbox 1469 1541 1547 1572; x_wconf 76' lang='lat' dir='ltr'><strong>mihi</strong></span> <span class='ocrx_word' id='word_1_192' title='bbox 1562 1551 1681 1582; x_wconf 81' lang='lat' dir='ltr'><strong>semper</strong></span> <span class='ocrx_word' id='word_1_193' title='bbox 1695 1542 1786 1572; x_wconf 74' lang='lat' dir='ltr'><strong>etthi-</strong></span> 
     </span>
     <span class='ocr_line' id='line_1_23' title="bbox 318 1584 1787 1627; baseline -0.002 -10"><span class='ocrx_word' id='word_1_194' title='bbox 318 1587 408 1618; x_wconf 80' lang='lat' dir='ltr'><strong>beadi</strong></span> <span class='ocrx_word' id='word_1_195' title='bbox 423 1587 500 1627; x_wconf 84' lang='lat' dir='ltr'><strong>sint,</strong></span> <span class='ocrx_word' id='word_1_196' title='bbox 514 1589 560 1619; x_wconf 79' lang='lat' dir='ltr'><strong>tel</strong></span> <span class='ocrx_word' id='word_1_197' title='bbox 580 1597 686 1619; x_wconf 73' lang='lat' dir='ltr'><strong>sertus</strong></span> <span class='ocrx_word' id='word_1_198' title='bbox 708 1596 847 1627; x_wconf 61' lang='lat' dir='ltr'><strong>currem,</strong></span> <span class='ocrx_word' id='word_1_199' title='bbox 868 1586 916 1617; x_wconf 49' lang='lat' dir='ltr'><strong>vtl</strong></span> <span class='ocrx_word' id='word_1_200' title='bbox 930 1596 1024 1617; x_wconf 75' lang='lat' dir='ltr'><strong>senex</strong></span> <span class='ocrx_word' id='word_1_201' title='bbox 1046 1584 1158 1624; x_wconf 80' lang='lat' dir='ltr'><strong>iratus,</strong></span> <span class='ocrx_word' id='word_1_202' title='bbox 1173 1585 1221 1616; x_wconf 79' lang='lat' dir='ltr'><strong>vel</strong></span> <span class='ocrx_word' id='word_1_203' title='bbox 1231 1586 1393 1626; x_wconf 74' lang='lat' dir='ltr'><strong>parasitus</strong></span> <span class='ocrx_word' id='word_1_204' title='bbox 1408 1586 1503 1626; x_wconf 82' lang='lat' dir='ltr'><strong>edax,</strong></span> <span class='ocrx_word' id='word_1_205' title='bbox 1518 1585 1566 1616; x_wconf 74' lang='lat' dir='ltr'><strong>cel</strong></span> <span class='ocrx_word' id='word_1_206' title='bbox 1579 1585 1787 1616; x_wconf 76' lang='lat' dir='ltr'><strong>calumniator</strong></span> 
     </span>
    </p>
   </div>
   <div class='ocr_carea' id='block_1_4' title="bbox 928 1682 1168 1694">
    <p class='ocr_par' dir='ltr' id='par_1_12' title="bbox 928 1682 1168 1694">
     <span class='ocr_line' id='line_1_24' title="bbox 928 1682 1168 1694; baseline -0.004 0"><span class='ocrx_word' id='word_1_207' title='bbox 928 1682 1168 1694; x_wconf 53' lang='lat' dir='ltr'><strong>“a-temese„</strong></span> 
     </span>
    </p>
   </div>
   <div class='ocr_carea' id='block_1_5' title="bbox 317 1757 1791 2149">
    <p class='ocr_par' dir='ltr' id='par_1_13' title="bbox 317 1757 1791 2149">
     <span class='ocr_line' id='line_1_25' title="bbox 317 1757 1790 1802; baseline -0.003 -9"><span class='ocrx_word' id='word_1_208' title='bbox 317 1760 446 1793; x_wconf 70' lang='lat' dir='ltr'><strong>frustra</strong></span> <span class='ocrx_word' id='word_1_209' title='bbox 462 1771 497 1792; x_wconf 88' lang='lat' dir='ltr'><strong>se</strong></span> <span class='ocrx_word' id='word_1_210' title='bbox 521 1765 685 1802; x_wconf 77' lang='lat' dir='ltr'><strong>torquent</strong></span> <span class='ocrx_word' id='word_1_211' title='bbox 702 1761 734 1792; x_wconf 85' lang='lat' dir='ltr'><strong>’in</strong></span> <span class='ocrx_word' id='word_1_212' title='bbox 751 1761 838 1793; x_wconf 81' lang='lat' dir='ltr'><strong>lianc</strong></span> <span class='ocrx_word' id='word_1_213' title='bbox 855 1761 1038 1792; x_wconf 75' lang='lat' dir='ltr'><strong>lectionem</strong></span> <span class='ocrx_word' id='word_1_214' title='bbox 1052 1757 1273 1800; x_wconf 72' lang='lat' dir='ltr'><strong>explicando.</strong></span> <span class='ocrx_word' id='word_1_215' title='bbox 1319 1757 1508 1789; x_wconf 80' lang='lat' dir='ltr'><strong>Verissima</strong></span> <span class='ocrx_word' id='word_1_216' title='bbox 1536 1761 1590 1788; x_wconf 84' lang='lat' dir='ltr'><strong>est</strong></span> <span class='ocrx_word' id='word_1_217' title='bbox 1615 1757 1790 1789; x_wconf 78' lang='lat' dir='ltr'><strong>Perizonii</strong></span> 
     </span>
     <span class='ocr_line' id='line_1_26' title="bbox 319 1801 1790 1845; baseline -0.003 -9"><span class='ocrx_word' id='word_1_218' title='bbox 319 1804 527 1845; x_wconf 76' lang='lat' dir='ltr'><strong>emendatio,</strong></span> <span class='ocrx_word' id='word_1_219' title='bbox 555 1806 686 1837; x_wconf 72' lang='lat' dir='ltr'><strong>Dixisse</strong></span> <span class='ocrx_word' id='word_1_220' title='bbox 708 1815 739 1845; x_wconf 84' lang='lat' dir='ltr'><strong>p.</strong></span> <span class='ocrx_word' id='word_1_221' title='bbox 780 1806 867 1836; x_wconf 63' lang='lat' dir='ltr'><strong>Nam</strong></span> <span class='ocrx_word' id='word_1_222' title='bbox 891 1804 1078 1835; x_wconf 71' lang='lat' dir='ltr'><strong>Terentius</strong></span> <span class='ocrx_word' id='word_1_223' title='bbox 1096 1802 1221 1834; x_wconf 82' lang='lat' dir='ltr'><strong>Luscio</strong></span> <span class='ocrx_word' id='word_1_224' title='bbox 1238 1801 1381 1832; x_wconf 86' lang='lat' dir='ltr'><strong>Lavinio</strong></span> <span class='ocrx_word' id='word_1_225' title='bbox 1399 1801 1483 1832; x_wconf 81' lang='lat' dir='ltr'><strong>viiio</strong></span> <span class='ocrx_word' id='word_1_226' title='bbox 1501 1801 1606 1832; x_wconf 84' lang='lat' dir='ltr'><strong>vertit</strong></span> <span class='ocrx_word' id='word_1_227' title='bbox 1623 1802 1712 1841; x_wconf 91' lang='lat' dir='ltr'><strong>quod</strong></span> <span class='ocrx_word' id='word_1_228' title='bbox 1732 1811 1790 1842; x_wconf 90' lang='lat' dir='ltr'><strong>po-</strong></span> 
     </span>
     <span class='ocr_line' id='line_1_27' title="bbox 319 1843 1790 1889; baseline -0.003 -11"><span class='ocrx_word' id='word_1_229' title='bbox 319 1848 435 1889; x_wconf 83' lang='lat' dir='ltr'><strong>pulum</strong></span> <span class='ocrx_word' id='word_1_230' title='bbox 465 1849 498 1879; x_wconf 91' lang='lat' dir='ltr'><strong>in</strong></span> <span class='ocrx_word' id='word_1_231' title='bbox 527 1859 630 1879; x_wconf 74' lang='lat' dir='ltr'><strong>scena</strong></span> <span class='ocrx_word' id='word_1_232' title='bbox 654 1848 830 1879; x_wconf 84' lang='lat' dir='ltr'><strong>induxerit</strong></span> <span class='ocrx_word' id='word_1_233' title='bbox 858 1858 934 1879; x_wconf 84' lang='lat' dir='ltr'><strong>cum</strong></span> <span class='ocrx_word' id='word_1_234' title='bbox 963 1856 1060 1877; x_wconf 83' lang='lat' dir='ltr'><strong>servo</strong></span> <span class='ocrx_word' id='word_1_235' title='bbox 1089 1846 1300 1886; x_wconf 87' lang='lat' dir='ltr'><strong>loquentem.</strong></span> <span class='ocrx_word' id='word_1_236' title='bbox 1326 1845 1368 1875; x_wconf 81' lang='lat' dir='ltr'><strong>R.</strong></span> <span class='ocrx_word' id='word_1_237' title='bbox 1388 1845 1429 1875; x_wconf 92' lang='lat' dir='ltr'><strong>D.</strong></span> <span class='ocrx_word' id='word_1_238' title='bbox 1477 1843 1662 1884; x_wconf 87' lang='lat' dir='ltr'><strong>Approbat</strong></span> <span class='ocrx_word' id='word_1_239' title='bbox 1684 1845 1790 1875; x_wconf 87' lang='lat' dir='ltr'><strong>Bent.</strong></span> 
     </span>
     <span class='ocr_line' id='line_1_28' title="bbox 320 1887 1789 1932; baseline -0.003 -10"><span class='ocrx_word' id='word_1_240' title='bbox 320 1892 415 1922; x_wconf 86' lang='lat' dir='ltr'><strong>Editi</strong></span> <span class='ocrx_word' id='word_1_241' title='bbox 431 1893 600 1924; x_wconf 82' lang='lat' dir='ltr'><strong>vetustiss.</strong></span> <span class='ocrx_word' id='word_1_242' title='bbox 620 1902 663 1923; x_wconf 79' lang='lat' dir='ltr'><strong>ex</strong></span> <span class='ocrx_word' id='word_1_243' title='bbox 680 1892 765 1923; x_wconf 86' lang='lat' dir='ltr'><strong>Mss.</strong></span> <span class='ocrx_word' id='word_1_244' title='bbox 783 1890 997 1932; x_wconf 78' lang='lat' dir='ltr'><strong>quibusdam,</strong></span> <span class='ocrx_word' id='word_1_245' title='bbox 1021 1889 1209 1920; x_wconf 83' lang='lat' dir='ltr'><strong>Decessisse.</strong></span> <span class='ocrx_word' id='word_1_246' title='bbox 1255 1891 1264 1906; x_wconf 94' lang='lat'>‘</span> <span class='ocrx_word' id='word_1_247' title='bbox 1279 1888 1346 1920; x_wconf 80' lang='lat' dir='ltr'><strong>Qui</strong></span> <span class='ocrx_word' id='word_1_248' title='bbox 1370 1888 1432 1917; x_wconf 91' lang='lat' dir='ltr'><strong>hoc</strong></span> <span class='ocrx_word' id='word_1_249' title='bbox 1462 1887 1538 1918; x_wconf 82' lang='lat' dir='ltr'><strong>loco</strong></span> <span class='ocrx_word' id='word_1_250' title='bbox 1563 1887 1698 1918; x_wconf 83' lang='lat' dir='ltr'><strong>serviam</strong></span> <span class='ocrx_word' id='word_1_251' title='bbox 1721 1887 1789 1927; x_wconf 82' lang='lat' dir='ltr'><strong>legi</strong></span> 
     </span>
     <span class='ocr_line' id='line_1_29' title="bbox 320 1929 1789 1976; baseline -0.003 -11"><span class='ocrx_word' id='word_1_252' title='bbox 320 1935 452 1973; x_wconf 84' lang='lat' dir='ltr'><strong>volunt,</strong></span> <span class='ocrx_word' id='word_1_253' title='bbox 466 1936 580 1966; x_wconf 72' lang='lat' dir='ltr'><strong>nescio</strong></span> <span class='ocrx_word' id='word_1_254' title='bbox 599 1945 698 1976; x_wconf 86' lang='lat' dir='ltr'><strong>quem</strong></span> <span class='ocrx_word' id='word_1_255' title='bbox 716 1944 852 1966; x_wconf 81' lang='lat' dir='ltr'><strong>sensum</strong></span> <span class='ocrx_word' id='word_1_256' title='bbox 870 1933 989 1964; x_wconf 66' lang='lat' dir='ltr'><strong>Poetae</strong></span> <span class='ocrx_word' id='word_1_257' title='bbox 1007 1930 1198 1971; x_wconf 82' lang='lat' dir='ltr'><strong>affingunt.&#39;</strong></span> <span class='ocrx_word' id='word_1_258' title='bbox 1227 1931 1416 1963; x_wconf 78' lang='lat' dir='ltr'><strong>West.-—37</strong></span> <span class='ocrx_word' id='word_1_259' title='bbox 1440 1929 1517 1961; x_wconf 91' lang='lat' dir='ltr'><strong>GC.</strong></span> <span class='ocrx_word' id='word_1_260' title='bbox 1542 1939 1562 1960; x_wconf 90' lang='lat' dir='ltr'><strong>a</strong></span> <span class='ocrx_word' id='word_1_261' title='bbox 1581 1929 1789 1961; x_wconf 76' lang='lat' dir='ltr'><strong>dictionibus</strong></span> 
     </span>
     <span class='ocr_line' id='line_1_30' title="bbox 318 1972 1791 2019; baseline -0.003 -11"><span class='ocrx_word' id='word_1_262' title='bbox 318 1978 394 2008; x_wconf 84' lang='lat' dir='ltr'><strong>irat.</strong></span> <span class='ocrx_word' id='word_1_263' title='bbox 420 1988 483 2009; x_wconf 85' lang='lat' dir='ltr'><strong>sen.</strong></span> <span class='ocrx_word' id='word_1_264' title='bbox 501 1979 620 2019; x_wconf 86' lang='lat' dir='ltr'><strong>incipit</strong></span> <span class='ocrx_word' id='word_1_265' title='bbox 638 1988 770 2009; x_wconf 77' lang='lat' dir='ltr'><strong>versum</strong></span> <span class='ocrx_word' id='word_1_266' title='bbox 798 1978 1099 2018; x_wconf 63' lang='lat' dir='ltr'><strong>sequentem-39</strong></span> <span class='ocrx_word' id='word_1_267' title='bbox 1127 1975 1213 2006; x_wconf 80' lang='lat' dir='ltr'><strong>GM.</strong></span> <span class='ocrx_word' id='word_1_268' title='bbox 1241 1974 1317 2004; x_wconf 79' lang='lat' dir='ltr'><strong>seni.</strong></span> <span class='ocrx_word' id='word_1_269' title='bbox 1351 1972 1434 2003; x_wconf 80' lang='lat' dir='ltr'><strong>ltid.</strong></span> <span class='ocrx_word' id='word_1_270' title='bbox 1464 1973 1525 2004; x_wconf 86' lang='lat' dir='ltr'><strong>Br.</strong></span> <span class='ocrx_word' id='word_1_271' title='bbox 1556 1973 1679 2003; x_wconf 83' lang='lat' dir='ltr'><strong>omisso</strong></span> <span class='ocrx_word' id='word_1_272' title='bbox 1701 1973 1791 2004; x_wconf 69' lang='lat' dir='ltr'><strong>milii.</strong></span> 
     </span>
     <span class='ocr_line' id='line_1_31' title="bbox 320 2015 1790 2062; baseline -0.005 -10"><span class='ocrx_word' id='word_1_273' title='bbox 320 2021 386 2052; x_wconf 69' lang='lat' dir='ltr'><strong>Sed</strong></span> <span class='ocrx_word' id='word_1_274' title='bbox 404 2021 462 2052; x_wconf 81' lang='lat' dir='ltr'><strong>ina</strong></span> <span class='ocrx_word' id='word_1_275' title='bbox 480 2032 558 2060; x_wconf 82' lang='lat' dir='ltr'><strong>vox,</strong></span> <span class='ocrx_word' id='word_1_276' title='bbox 580 2022 657 2062; x_wconf 84' lang='lat' dir='ltr'><strong>seni,</strong></span> <span class='ocrx_word' id='word_1_277' title='bbox 684 2027 742 2052; x_wconf 89' lang='lat' dir='ltr'><strong>ant</strong></span> <span class='ocrx_word' id='word_1_278' title='bbox 759 2031 820 2061; x_wconf 89' lang='lat' dir='ltr'><strong>pro</strong></span> <span class='ocrx_word' id='word_1_279' title='bbox 838 2022 949 2060; x_wconf 76' lang='lat' dir='ltr'><strong>glossa</strong></span> <span class='ocrx_word' id='word_1_280' title='bbox 969 2019 1076 2059; x_wconf 86' lang='lat' dir='ltr'><strong>prinio</strong></span> <span class='ocrx_word' id='word_1_281' title='bbox 1093 2017 1214 2056; x_wconf 81' lang='lat' dir='ltr'><strong>fuisse,</strong></span> <span class='ocrx_word' id='word_1_282' title='bbox 1239 2023 1296 2047; x_wconf 87' lang='lat' dir='ltr'><strong>aut</strong></span> <span class='ocrx_word' id='word_1_283' title='bbox 1321 2015 1444 2047; x_wconf 86' lang='lat' dir='ltr'><strong>deinde</strong></span> <span class='ocrx_word' id='word_1_284' title='bbox 1469 2015 1504 2046; x_wconf 90' lang='lat' dir='ltr'><strong>in</strong></span> <span class='ocrx_word' id='word_1_285' title='bbox 1532 2021 1665 2046; x_wconf 79' lang='lat' dir='ltr'><strong>textum</strong></span> <span class='ocrx_word' id='word_1_286' title='bbox 1682 2016 1790 2055; x_wconf 84' lang='lat' dir='ltr'><strong>irrep·</strong></span> 
     </span>
     <span class='ocr_line' id='line_1_32' title="bbox 322 2058 1791 2106; baseline -0.003 -12"><span class='ocrx_word' id='word_1_287' title='bbox 322 2064 418 2103; x_wconf 68' lang='lat' dir='ltr'><strong>sisse,</strong></span> <span class='ocrx_word' id='word_1_288' title='bbox 434 2070 492 2095; x_wconf 85' lang='lat' dir='ltr'><strong>aut</strong></span> <span class='ocrx_word' id='word_1_289' title='bbox 509 2065 656 2106; x_wconf 82' lang='lat' dir='ltr'><strong>deniqne</strong></span> <span class='ocrx_word' id='word_1_290' title='bbox 676 2074 735 2105; x_wconf 79' lang='lat' dir='ltr'><strong>per</strong></span> <span class='ocrx_word' id='word_1_291' title='bbox 748 2063 915 2095; x_wconf 79' lang='lat' dir='ltr'><strong>incuriam</strong></span> <span class='ocrx_word' id='word_1_292' title='bbox 932 2062 1064 2093; x_wconf 87' lang='lat' dir='ltr'><strong>librarii</strong></span> <span class='ocrx_word' id='word_1_293' title='bbox 1083 2071 1101 2092; x_wconf 90' lang='lat' dir='ltr'><strong>e</strong></span> <span class='ocrx_word' id='word_1_294' title='bbox 1130 2071 1178 2091; x_wconf 87' lang='lat' dir='ltr'><strong>vs.</strong></span> <span class='ocrx_word' id='word_1_295' title='bbox 1196 2063 1250 2091; x_wconf 73' lang='lat'><strong>43.</strong></span> <span class='ocrx_word' id='word_1_296' title='bbox 1274 2060 1340 2090; x_wconf 84' lang='lat' dir='ltr'><strong>line</strong></span> <span class='ocrx_word' id='word_1_297' title='bbox 1366 2058 1510 2090; x_wconf 71' lang='lat' dir='ltr'><strong>reducta</strong></span> <span class='ocrx_word' id='word_1_298' title='bbox 1539 2058 1684 2089; x_wconf 85' lang='lat' dir='ltr'><strong>videtur.</strong></span> <span class='ocrx_word' id='word_1_299' title='bbox 1702 2059 1791 2090; x_wconf 70' lang='lat' dir='ltr'><strong>Peri.</strong></span> 
     </span>
     <span class='ocr_line' id='line_1_33' title="bbox 319 2101 1788 2149; baseline -0.004 -11"><span class='ocrx_word' id='word_1_300' title='bbox 319 2108 388 2139; x_wconf 86' lang='lat' dir='ltr'><strong>Ms.</strong></span> <span class='ocrx_word' id='word_1_301' title='bbox 406 2108 500 2149; x_wconf 84' lang='lat' dir='ltr'><strong>Lips.</strong></span> <span class='ocrx_word' id='word_1_302' title='bbox 518 2108 592 2140; x_wconf 88' lang='grc' dir='ltr'><strong>ΕΡ.</strong></span> <span class='ocrx_word' id='word_1_303' title='bbox 614 2109 687 2140; x_wconf 78' lang='grc' dir='ltr'><strong>ΕΤ.</strong></span> <span class='ocrx_word' id='word_1_304' title='bbox 704 2112 740 2139; x_wconf 89' lang='lat' dir='ltr'><strong>et</strong></span> <span class='ocrx_word' id='word_1_305' title='bbox 756 2108 830 2139; x_wconf 88' lang='lat' dir='ltr'><strong>EV.</strong></span> <span class='ocrx_word' id='word_1_306' title='bbox 850 2109 880 2138; x_wconf 86' lang='lat'><strong>1.</strong></span> <span class='ocrx_word' id='word_1_307' title='bbox 898 2116 977 2138; x_wconf 82' lang='lat' dir='ltr'><strong>cuin</strong></span> <span class='ocrx_word' id='word_1_308' title='bbox 1001 2103 1203 2148; x_wconf 71' lang='lat' dir='ltr'><strong>quibusdam</strong></span> <span class='ocrx_word' id='word_1_309' title='bbox 1233 2104 1306 2135; x_wconf 86' lang='lat' dir='ltr'><strong>aliis</strong></span> <span class='ocrx_word' id='word_1_310' title='bbox 1323 2102 1426 2133; x_wconf 70' lang='lat' dir='ltr'><strong>etiam</strong></span> <span class='ocrx_word' id='word_1_311' title='bbox 1444 2101 1608 2133; x_wconf 79' lang='lat' dir='ltr'><strong>exhibent</strong></span> <span class='ocrx_word' id='word_1_312' title='bbox 1622 2102 1788 2133; x_wconf 55' lang='lat' dir='ltr'><strong>senia-43</strong></span> 
     </span>
    </p>
   </div>
   <div class='ocr_carea' id='block_1_6' title="bbox 319 2190 1791 2553">
    <p class='ocr_par' dir='ltr' id='par_1_14' title="bbox 319 2190 1791 2553">
     <span class='ocr_line' id='line_1_34' title="bbox 983 2190 1124 2223; baseline -0.007 0"><span class='ocrx_word' id='word_1_313' title='bbox 983 2190 1124 2223; x_wconf 62' lang='lat' dir='ltr'>NOTAE</span> 
     </span>
     <span class='ocr_line' id='line_1_35' title="bbox 363 2251 1791 2300; baseline -0.006 -9"><span class='ocrx_word' id='word_1_314' title='bbox 363 2262 403 2290; x_wconf 83' lang='lat'><strong>31</strong></span> <span class='ocrx_word' id='word_1_315' title='bbox 431 2259 494 2295; x_wconf 64' lang='lat' dir='ltr'><strong>Qui</strong></span> <span class='ocrx_word' id='word_1_316' title='bbox 532 2270 630 2300; x_wconf 79' lang='lat' dir='ltr'><strong>nuper</strong></span> <span class='ocrx_word' id='word_1_317' title='bbox 651 2259 733 2299; x_wconf 78' lang='lat' dir='ltr'><strong>fecit</strong></span> <span class='ocrx_word' id='word_1_318' title='bbox 757 2269 843 2291; x_wconf 78' lang='lat' dir='ltr'><strong>servo</strong></span> <span class='ocrx_word' id='word_1_319' title='bbox 872 2257 1026 2298; x_wconf 69' lang='lat' dir='ltr'><strong>cun-renti]</strong></span> <span class='ocrx_word' id='word_1_320' title='bbox 1082 2261 1160 2286; x_wconf 87' lang='lat' dir='ltr'><strong>sunt</strong></span> <span class='ocrx_word' id='word_1_321' title='bbox 1176 2254 1382 2296; x_wconf 79' lang='lat' dir='ltr'><strong>quietiores;</strong></span> <span class='ocrx_word' id='word_1_322' title='bbox 1406 2253 1439 2284; x_wconf 88' lang='lat' dir='ltr'><strong>in</strong></span> <span class='ocrx_word' id='word_1_323' title='bbox 1457 2253 1563 2284; x_wconf 83' lang='lat' dir='ltr'><strong>altera</strong></span> <span class='ocrx_word' id='word_1_324' title='bbox 1586 2251 1695 2293; x_wconf 82' lang='lat' dir='ltr'><strong>magis</strong></span> <span class='ocrx_word' id='word_1_325' title='bbox 1720 2255 1791 2282; x_wconf 81' lang='lat' dir='ltr'><strong>tur-</strong></span> 
     </span>
     <span class='ocr_line' id='line_1_36' title="bbox 320 2306 1791 2351; baseline -0.005 -11"><span class='ocrx_word' id='word_1_326' title='bbox 320 2309 497 2340; x_wconf 79' lang='lat' dir='ltr'><strong>Lavinium</strong></span> <span class='ocrx_word' id='word_1_327' title='bbox 513 2309 727 2351; x_wconf 76' lang='lat' dir='ltr'><strong>perstringit,</strong></span> <span class='ocrx_word' id='word_1_328' title='bbox 751 2310 808 2351; x_wconf 84' lang='lat' dir='ltr'><strong>qui</strong></span> <span class='ocrx_word' id='word_1_329' title='bbox 833 2309 866 2339; x_wconf 87' lang='lat' dir='ltr'><strong>in</strong></span> <span class='ocrx_word' id='word_1_330' title='bbox 881 2307 1026 2350; x_wconf 80' lang='lat' dir='ltr'><strong>quadani</strong></span> <span class='ocrx_word' id='word_1_331' title='bbox 1083 2306 1252 2345; x_wconf 79' lang='lat' dir='ltr'><strong>bulentae3</strong></span> <span class='ocrx_word' id='word_1_332' title='bbox 1276 2306 1309 2336; x_wconf 88' lang='lat' dir='ltr'><strong>in</strong></span> <span class='ocrx_word' id='word_1_333' title='bbox 1323 2306 1427 2337; x_wconf 84' lang='lat' dir='ltr'><strong>tertia</strong></span> <span class='ocrx_word' id='word_1_334' title='bbox 1450 2309 1630 2344; x_wconf 86' lang='lat' dir='ltr'><strong>utrumque</strong></span> <span class='ocrx_word' id='word_1_335' title='bbox 1647 2312 1791 2334; x_wconf 83' lang='lat' dir='ltr'><strong>concur·</strong></span> 
     </span>
     <span class='ocr_line' id='line_1_37' title="bbox 321 2354 1790 2395; baseline -0.005 -4"><span class='ocrx_word' id='word_1_336' title='bbox 321 2360 499 2392; x_wconf 78' lang='lat' dir='ltr'><strong>Comoedia</strong></span> <span class='ocrx_word' id='word_1_337' title='bbox 515 2371 649 2392; x_wconf 82' lang='lat' dir='ltr'><strong>servum</strong></span> <span class='ocrx_word' id='word_1_338' title='bbox 666 2359 836 2392; x_wconf 85' lang='lat' dir='ltr'><strong>furentem</strong></span> <span class='ocrx_word' id='word_1_339' title='bbox 849 2359 1027 2391; x_wconf 81' lang='lat' dir='ltr'><strong>etdiscur-</strong></span> <span class='ocrx_word' id='word_1_340' title='bbox 1081 2358 1139 2388; x_wconf 72' lang='lat' dir='ltr'><strong>xit.</strong></span> <span class='ocrx_word' id='word_1_341' title='bbox 1184 2357 1336 2388; x_wconf 84' lang='lat' dir='ltr'><strong>Motoria</strong></span> <span class='ocrx_word' id='word_1_342' title='bbox 1352 2361 1405 2387; x_wconf 83' lang='lat' dir='ltr'><strong>est</strong></span> <span class='ocrx_word' id='word_1_343' title='bbox 1422 2355 1627 2395; x_wconf 79' lang='lat' dir='ltr'><strong>Amphitryo</strong></span> <span class='ocrx_word' id='word_1_344' title='bbox 1649 2354 1766 2385; x_wconf 82' lang='lat' dir='ltr'><strong>Plauti</strong></span> <span class='ocrx_word' id='word_1_345' title='bbox 1781 2365 1790 2393; x_wconf 81' lang='grc' dir='ltr'><strong>ς</strong></span> 
     </span>
     <span class='ocr_line' id='line_1_38' title="bbox 321 2403 1789 2453; baseline -0.006 -11"><span class='ocrx_word' id='word_1_346' title='bbox 321 2417 454 2443; x_wconf 82' lang='lat' dir='ltr'><strong>rentem</strong></span> <span class='ocrx_word' id='word_1_347' title='bbox 472 2421 534 2452; x_wconf 87' lang='lat' dir='ltr'><strong>per</strong></span> <span class='ocrx_word' id='word_1_348' title='bbox 553 2412 643 2444; x_wconf 82' lang='lat' dir='ltr'><strong>vicos</strong></span> <span class='ocrx_word' id='word_1_349' title='bbox 668 2415 901 2453; x_wconf 78' lang='lat' dir='ltr'><strong>expresserat,</strong></span> <span class='ocrx_word' id='word_1_350' title='bbox 919 2415 953 2441; x_wconf 88' lang='lat' dir='ltr'><strong>et</strong></span> <span class='ocrx_word' id='word_1_351' title='bbox 971 2419 1027 2450; x_wconf 87' lang='lat' dir='ltr'><strong>po·</strong></span> <span class='ocrx_word' id='word_1_352' title='bbox 1083 2407 1230 2438; x_wconf 86' lang='lat' dir='ltr'><strong>stataria</strong></span> <span class='ocrx_word' id='word_1_353' title='bbox 1261 2405 1413 2446; x_wconf 85' lang='lat' dir='ltr'><strong>ejusdem</strong></span> <span class='ocrx_word' id='word_1_354' title='bbox 1442 2404 1657 2442; x_wconf 81' lang='lat' dir='ltr'><strong>Cistellaria3</strong></span> <span class='ocrx_word' id='word_1_355' title='bbox 1681 2403 1789 2434; x_wconf 82' lang='lat' dir='ltr'><strong>mixta</strong></span> 
     </span>
     <span class='ocr_line' id='line_1_39' title="bbox 319 2455 1790 2503; baseline -0.004 -11"><span class='ocrx_word' id='word_1_356' title='bbox 319 2462 436 2502; x_wconf 85' lang='lat' dir='ltr'><strong>pulum</strong></span> <span class='ocrx_word' id='word_1_357' title='bbox 499 2463 588 2493; x_wconf 85' lang='lat' dir='ltr'><strong>illius</strong></span> <span class='ocrx_word' id='word_1_358' title='bbox 635 2462 779 2503; x_wconf 78' lang='lat' dir='ltr'><strong>impetui</strong></span> <span class='ocrx_word' id='word_1_359' title='bbox 824 2460 1026 2493; x_wconf 81' lang='lat' dir='ltr'><strong>cedentem:</strong></span> <span class='ocrx_word' id='word_1_360' title='bbox 1084 2457 1266 2490; x_wconf 85' lang='lat' dir='ltr'><strong>Eunuchus</strong></span> <span class='ocrx_word' id='word_1_361' title='bbox 1276 2457 1441 2488; x_wconf 82' lang='lat' dir='ltr'><strong>Terentii.</strong></span> <span class='ocrx_word' id='word_1_362' title='bbox 1469 2456 1567 2488; x_wconf 82' lang='lat' dir='ltr'><strong>Hanc</strong></span> <span class='ocrx_word' id='word_1_363' title='bbox 1577 2455 1790 2489; x_wconf 73' lang='lat' dir='ltr'><strong>Comoediam</strong></span> 
     </span>
     <span class='ocr_line' id='line_1_40' title="bbox 321 2507 1551 2553; baseline -0.003 -11"><span class='ocrx_word' id='word_1_364' title='bbox 321 2512 413 2553; x_wconf 88' lang='lat' dir='ltr'><strong>quod</strong></span> <span class='ocrx_word' id='word_1_365' title='bbox 430 2518 548 2544; x_wconf 86' lang='lat' dir='ltr'><strong>contra</strong></span> <span class='ocrx_word' id='word_1_366' title='bbox 573 2512 736 2544; x_wconf 86' lang='lat' dir='ltr'><strong>decorum</strong></span> <span class='ocrx_word' id='word_1_367' title='bbox 757 2517 822 2553; x_wconf 75' lang='lat' dir='ltr'><strong>est,</strong></span> <span class='ocrx_word' id='word_1_368' title='bbox 849 2511 1026 2543; x_wconf 85' lang='lat' dir='ltr'><strong>disconve-</strong></span> <span class='ocrx_word' id='word_1_369' title='bbox 1081 2509 1190 2541; x_wconf 69' lang='lat' dir='ltr'><strong>Poeta</strong></span> <span class='ocrx_word' id='word_1_370' title='bbox 1206 2509 1252 2540; x_wconf 78' lang='lat' dir='ltr'><strong>ait</strong></span> <span class='ocrx_word' id='word_1_371' title='bbox 1271 2518 1347 2539; x_wconf 86' lang='lat' dir='ltr'><strong>esse</strong></span> <span class='ocrx_word' id='word_1_372' title='bbox 1363 2507 1551 2540; x_wconf 67' lang='lat' dir='ltr'><strong>statarium.</strong></span> 
     </span>
    </p>
   </div>
   <div class='ocr_carea' id='block_1_7' title="bbox 319 2556 1792 2699">
    <p class='ocr_par' dir='ltr' id='par_1_15' title="bbox 319 2556 1792 2699">
     <span class='ocr_line' id='line_1_41' title="bbox 319 2556 1790 2602; baseline -0.003 -9"><span class='ocrx_word' id='word_1_373' title='bbox 319 2564 416 2594; x_wconf 82' lang='lat' dir='ltr'><strong>niens</strong></span> <span class='ocrx_word' id='word_1_374' title='bbox 430 2563 677 2602; x_wconf 69' lang='lat' dir='ltr'><strong>C0111oediae‚et</strong></span> <span class='ocrx_word' id='word_1_375' title='bbox 701 2563 798 2594; x_wconf 86' lang='lat' dir='ltr'><strong>nimis</strong></span> <span class='ocrx_word' id='word_1_376' title='bbox 825 2562 1027 2602; x_wconf 82' lang='lat' dir='ltr'><strong>Tragicum,</strong></span> <span class='ocrx_word' id='word_1_377' title='bbox 1123 2563 1164 2593; x_wconf 89' lang='grc'><strong>41</strong></span> <span class='ocrx_word' id='word_1_378' title='bbox 1190 2560 1266 2591; x_wconf 81' lang='lat' dir='ltr'><strong>Mea</strong></span> <span class='ocrx_word' id='word_1_379' title='bbox 1287 2558 1396 2599; x_wconf 84' lang='lat' dir='ltr'><strong>causa]</strong></span> <span class='ocrx_word' id='word_1_380' title='bbox 1420 2557 1529 2590; x_wconf 85' lang='lat' dir='ltr'><strong>Actor</strong></span> <span class='ocrx_word' id='word_1_381' title='bbox 1558 2556 1729 2598; x_wconf 82' lang='lat' dir='ltr'><strong>postulat,</strong></span> <span class='ocrx_word' id='word_1_382' title='bbox 1750 2561 1790 2588; x_wconf 90' lang='lat' dir='ltr'><strong>ut</strong></span> 
     </span>
     <span class='ocr_line' id='line_1_42' title="bbox 319 2606 1789 2653; baseline -0.005 -9"><span class='ocrx_word' id='word_1_383' title='bbox 319 2612 476 2644; x_wconf 87' lang='lat' dir='ltr'><strong>furentes</strong></span> <span class='ocrx_word' id='word_1_384' title='bbox 502 2613 535 2643; x_wconf 88' lang='lat' dir='ltr'><strong>in</strong></span> <span class='ocrx_word' id='word_1_385' title='bbox 562 2622 698 2644; x_wconf 76' lang='lat' dir='ltr'><strong>scenam</strong></span> <span class='ocrx_word' id='word_1_386' title='bbox 726 2612 901 2645; x_wconf 85' lang='lat' dir='ltr'><strong>Comicam</strong></span> <span class='ocrx_word' id='word_1_387' title='bbox 928 2610 1025 2641; x_wconf 83' lang='lat' dir='ltr'><strong>indu-</strong></span> <span class='ocrx_word' id='word_1_388' title='bbox 1081 2611 1152 2653; x_wconf 85' lang='lat' dir='ltr'><strong>ejus</strong></span> <span class='ocrx_word' id='word_1_389' title='bbox 1178 2620 1283 2651; x_wconf 86' lang='lat' dir='ltr'><strong>opera</strong></span> <span class='ocrx_word' id='word_1_390' title='bbox 1309 2609 1474 2641; x_wconf 75' lang='lat' dir='ltr'><strong>inserviat</strong></span> <span class='ocrx_word' id='word_1_391' title='bbox 1503 2607 1616 2648; x_wconf 79' lang='lat' dir='ltr'><strong>potius</strong></span> <span class='ocrx_word' id='word_1_392' title='bbox 1644 2606 1789 2647; x_wconf 82' lang='lat' dir='ltr'><strong>agendis</strong></span> 
     </span>
     <span class='ocr_line' id='line_1_43' title="bbox 320 2657 1792 2699; baseline -0.006 -4"><span class='ocrx_word' id='word_1_393' title='bbox 320 2673 412 2696; x_wconf 87' lang='lat' dir='ltr'><strong>cere.</strong></span> <span class='ocrx_word' id='word_1_394' title='bbox 1080 2661 1264 2693; x_wconf 82' lang='lat' dir='ltr'><strong>Comoediis</strong></span> <span class='ocrx_word' id='word_1_395' title='bbox 1295 2659 1461 2698; x_wconf 84' lang='lat' dir='ltr'><strong>statariis,</strong></span> <span class='ocrx_word' id='word_1_396' title='bbox 1497 2667 1598 2699; x_wconf 86' lang='lat' dir='ltr'><strong>quam</strong></span> <span class='ocrx_word' id='word_1_397' title='bbox 1625 2657 1792 2695; x_wconf 86' lang='lat' dir='ltr'><strong>motoriis,</strong></span> 
     </span>
    </p>
   </div>
   <div class='ocr_carea' id='block_1_8' title="bbox 321 2707 1789 2858">
    <p class='ocr_par' dir='ltr' id='par_1_16' title="bbox 321 2707 1789 2858">
     <span class='ocr_line' id='line_1_44' title="bbox 363 2707 1789 2756; baseline -0.006 -9"><span class='ocrx_word' id='word_1_398' title='bbox 363 2719 405 2747; x_wconf 76' lang='lat'><strong>36</strong></span> <span class='ocrx_word' id='word_1_399' title='bbox 428 2714 605 2748; x_wconf 78' lang='lat' dir='ltr'><strong>Statariam</strong></span> <span class='ocrx_word' id='word_1_400' title='bbox 631 2715 740 2756; x_wconf 74' lang='lat' dir='ltr'><strong>agere]</strong></span> <span class='ocrx_word' id='word_1_401' title='bbox 775 2714 930 2747; x_wconf 87' lang='lat' dir='ltr'><strong>Romana</strong></span> <span class='ocrx_word' id='word_1_402' title='bbox 961 2713 1026 2744; x_wconf 92' lang='lat' dir='ltr'><strong>Co·</strong></span> <span class='ocrx_word' id='word_1_403' title='bbox 1081 2722 1158 2745; x_wconf 81' lang='lat' dir='ltr'><strong>cuin</strong></span> <span class='ocrx_word' id='word_1_404' title='bbox 1178 2711 1287 2744; x_wconf 84' lang='lat' dir='ltr'><strong>Actor</strong></span> <span class='ocrx_word' id='word_1_405' title='bbox 1303 2712 1376 2753; x_wconf 81' lang='lat' dir='ltr'><strong>ipse</strong></span> <span class='ocrx_word' id='word_1_406' title='bbox 1402 2710 1447 2743; x_wconf 88' lang='lat' dir='ltr'><strong>sit</strong></span> <span class='ocrx_word' id='word_1_407' title='bbox 1471 2717 1591 2749; x_wconf 77' lang='lat' dir='ltr'><strong>senex,</strong></span> <span class='ocrx_word' id='word_1_408' title='bbox 1614 2707 1670 2739; x_wconf 90' lang='lat' dir='ltr'><strong>cui</strong></span> <span class='ocrx_word' id='word_1_409' title='bbox 1693 2707 1789 2750; x_wconf 84' lang='lat' dir='ltr'><strong>parci</strong></span> 
     </span>
     <span class='ocr_line' id='line_1_45' title="bbox 321 2763 1221 2803; baseline -0.004 -4"><span class='ocrx_word' id='word_1_410' title='bbox 321 2766 445 2799; x_wconf 79' lang='lat' dir='ltr'><strong>moedia</strong></span> <span class='ocrx_word' id='word_1_411' title='bbox 467 2767 569 2798; x_wconf 80' lang='lat' dir='ltr'><strong>etiam</strong></span> <span class='ocrx_word' id='word_1_412' title='bbox 586 2765 754 2798; x_wconf 80' lang='lat' dir='ltr'><strong>dividitur</strong></span> <span class='ocrx_word' id='word_1_413' title='bbox 777 2765 810 2797; x_wconf 87' lang='lat' dir='ltr'><strong>in</strong></span> <span class='ocrx_word' id='word_1_414' title='bbox 835 2764 1026 2803; x_wconf 74' lang='lat' dir='ltr'><strong>statarium,</strong></span> <span class='ocrx_word' id='word_1_415' title='bbox 1082 2763 1221 2796; x_wconf 79' lang='lat' dir='ltr'><strong>debeat.</strong></span> 
     </span>
     <span class='ocr_line' id='line_1_46' title="bbox 321 2816 1027 2858; baseline -0.004 -8"><span class='ocrx_word' id='word_1_416' title='bbox 321 2818 512 2858; x_wconf 78' lang='lat' dir='ltr'><strong>niotoriaiu,</strong></span> <span class='ocrx_word' id='word_1_417' title='bbox 540 2822 576 2848; x_wconf 88' lang='lat' dir='ltr'><strong>et</strong></span> <span class='ocrx_word' id='word_1_418' title='bbox 603 2817 762 2849; x_wconf 52' lang='lat' dir='ltr'><strong>mistam:</strong></span> <span class='ocrx_word' id='word_1_419' title='bbox 787 2816 820 2847; x_wconf 89' lang='lat' dir='ltr'><strong>iu</strong></span> <span class='ocrx_word' id='word_1_420' title='bbox 844 2816 953 2857; x_wconf 81' lang='lat' dir='ltr'><strong>prima</strong></span> <span class='ocrx_word' id='word_1_421' title='bbox 975 2824 1027 2848; x_wconf 81' lang='lat' dir='ltr'><strong>res</strong></span> 
     </span>
    </p>
   </div>
  </div>
 </body>
</html>
