1966 3302
325 233 412 275 920
816 244 856 273 P.
889 243 1130 273 TERENTH
1166 243 1282 274 AFRI

327 339 419 380 Ubi
441 339 696 380 initiabunt:
729 350 859 379 omne
880 337 967 379 hoc
987 341 1128 379 mater
1149 338 1340 379 auferet:
1725 340 1780 382 15

325 406 447 448 Puer
467 420 606 448 causa
625 407 707 447 erit
726 406 951 448 mittundi.
1012 406 1103 447 Sed
1125 405 1297 448 videon’
1320 404 1482 447 Getam
1495 407 1515 447 ’ἒ

316 515 440 553 sacient
448 514 526 553 cibo,
542 516 573 544 et
587 517 662 554 potu
676 523 745 545 eum
759 514 873 545 alendi.
920 514 1035 546 Omnia
1050 515 1115 546 haec
1130 524 1258 546 munera
1272 518 1370 546 mater
1381 515 1563 552 lucrabitur,
1575 514 1679 553 infans
1688 524 1781 547 causa

325 559 386 589 erit
401 567 457 588 cur
471 557 638 588 mittantur
651 557 717 588 haec
732 558 811 589 dana
826 559 866 588 ad
879 561 1020 590 matrem.

922 653 1163 665 ΟΙΝΙΜΝΝ

324 720 460 751 Immere
475 724 554 760 post
568 720 629 751 alio
653 719 769 752 Guelf.
784 723 901 752 2.-15
927 720 1015 761 Eug.
1043 721 1104 752 Ubi
1119 719 1309 752 initiabitur.
1352 717 1475 749 Boend.
1492 727 1568 749 cum
1585 717 1663 749 edd.
1692 718 1780 751 Ven.

326 768 362 793 et
386 763 518 794 Tarvis.
540 763 642 794 omnia
666 764 742 795 hoec.
768 764 875 795 West.
921 763 1037 795 Guelf.
1060 767 1091 796 1.
1118 764 1265 802 auferret.
1296 765 1327 794 2.
1348 761 1549 800 ausam—16
1571 760 1636 792 Sed
1660 760 1782 792 videon’

329 807 456 838 Getam.
501 806 589 837 Haec
606 806 725 837 abesse
741 816 760 837 a
775 807 842 837 Ms.
862 807 988 840 Lovan.
1005 807 1103 838 testis
1129 811 1181 839 est
1197 807 1421 838 Pulmannus.
1448 804 1550 837 West.
1593 804 1677 837 GM.
1691 804 1783 836 amit-

325 851 425 882 tundi.
472 848 529 880 Ita
544 854 581 881 et
595 850 624 881 C
640 859 650 889 ;
674 859 743 882 non
758 849 989 890 male,judice
1007 850 1110 882 Both.

736 1104 941 1147 ACTUS
974 1105 1012 1146 Ι.
1072 1104 1281 1147 SCENA
1311 1103 1376 1145 ΙΙ.

871 1228 1020 1259 GETA.
1060 1227 1241 1258 DAVUS.

328 1295 417 1338 GE.
446 1295 497 1337 SI
532 1295 631 1349 quis
662 1308 732 1336 me
762 1298 932 1350 quaeret
962 1295 1099 1336 rufus.
1157 1295 1250 1336 DA.
1282 1294 1454 1336 Praesto
1487 1295 1582 1343 est3
1613 1290 1780 1332 desine.

318 1371 321 1372 ’
501 1363 594 1405 GE.
627 1362 721 1404 Oh!

327 1430 389 1472 At
407 1445 488 1485 ogo
511 1432 687 1473 obviam
711 1431 905 1472 conabar
925 1432 1023 1481 tibi,
1046 1432 1189 1473 Dave.
1250 1431 1346 1472 DA.
1377 1429 1565 1483 Accipe,
1586 1428 1711 1470 hem!

327 1499 510 1541 Lectum
531 1504 623 1541 est:
657 1500 890 1541 conveniet
910 1512 1137 1549 numeruS,
1163 1503 1376 1553 quantum
1397 1497 1544 1539 debui.

329 1567 421 1610 GE.
451 1567 568 1608 Anio
591 1572 649 1618 te,
671 1572 716 1608 et
735 1580 822 1608 non
843 1568 1100 1621 neglexisse
1121 1568 1266 1609 habeo
1287 1566 1489 1620 gratiam.

330 1636 424 1678 DA.
457 1635 711 1677 Praesertim
729 1640 779 1676 ut
799 1649 910 1677 nunc
933 1640 1035 1677 sunt
1052 1650 1194 1677 mores
1213 1648 1222 1676 :
1254 1635 1366 1676 adeo
1386 1646 1454 1674 res
1474 1632 1612 1685 redit3
1757 1631 1786 1672 5

331 1704 379 1745 Si
399 1704 496 1757 quis
518 1703 625 1758 quid
646 1703 803 1754 reddit,
825 1717 982 1757 magna
1002 1704 1210 1745 habenda
1230 1703 1286 1744 'st
1307 1702 1456 1755 gratia.

329 1771 422 1813 Sed
463 1772 571 1826 quid
614 1776 664 1812 tu
705 1784 755 1813 es
796 1772 966 1814 tristis?
1045 1770 1136 1814 GE.
1182 1770 1364 1824 Egone?
1406 1767 1572 1818 nescis,
1613 1780 1700 1822 quo
1740 1766 1785 1807 in

499 1842 634 1890 metu,
657 1842 702 1880 et

331 1905 514 1958 Quanto
547 1907 592 1948 in
629 1907 800 1961 periclo
837 1907 992 1949 simus.
1071 1907 1165 1949 DA.
1197 1905 1320 1957 Quid
1366 1905 1479 1947 istuc
1519 1904 1615 1946 est?
1696 1900 1786 1944 GE.

504 1974 651 2028 Scies3

372 2085 439 2117 GE.
463 2085 502 2117 Sz'
517 2086 586 2126 quis
599 2086 687 2117 homo
701 2084 772 2124 rufo
786 2086 896 2127 capillo
911 2087 969 2117 huc
984 2096 1033 2117 me
1047 2086 1210 2127 quoesilum
1231 2086 1344 2116 veniat.
1389 2084 1461 2116 DA.
1483 2084 1564 2114 Ecce
1583 2091 1652 2114 eum
1674 2082 1712 2112 de
1730 2088 1788 2120 quo

328 2129 473 2169 loqueris.
520 2130 588 2160 GE.
617 2129 668 2160 ΟΙι
680 2128 695 2160 !
716 2130 763 2160 At
777 2139 834 2168 ego
837 2129 907 2168 jam
918 2133 1047 2170 paratus
1061 2139 1145 2160 eram
1161 2129 1220 2160 tibi
1233 2128 1351 2160 obviam
1364 2128 1423 2168 ire,
1435 2128 1536 2159 Dave.
1580 2127 1651 2157 DA.
1673 2123 1788 2172 Accipe

324 2174 498 2213 pecuniam,
520 2182 611 2212 quam
629 2171 689 2202 tibi
713 2172 816 2211 debeo,
831 2173 921 2203 hem.-
945 2173 1094 2214 exquisiti
1119 2176 1149 2203 et
1169 2172 1292 2212 probati
1314 2175 1387 2202 sunt
1412 2169 1550 2202 nummi.-
1571 2177 1689 2199 summa
1700 2174 1790 2208 paris

327 2215 449 2246 numeri
470 2215 646 2246 invenietur
661 2215 701 2255 ei,
715 2225 806 2255 quam
819 2216 971 2256 reliquam
986 2216 1086 2247 adhuc
1100 2215 1201 2247 debui.
1246 2215 1313 2246 GE.
1339 2215 1527 2253 Pergratum
1549 2211 1626 2242 mihi
1637 2211 1738 2250 sacis,
1758 2212 1789 2239 et

328 2258 418 2289 laudo
437 2259 515 2298 quod
538 2258 572 2289 in
593 2258 747 2289 reddendo
771 2263 904 2290 cessator
919 2269 979 2290 ηοη
995 2257 1111 2297 fueris.
1157 2258 1224 2289 DA.
1251 2257 1414 2298 Pra’cz'pue
1428 2258 1456 2287 si
1472 2265 1589 2287 morum
1602 2252 1790 2295 perversitas

327 2311 409 2332 ‘nunc
430 2304 588 2341 spectatur
600 2311 612 2337 ,·
641 2311 715 2331 nam
738 2311 771 2333 eo
792 2302 978 2340 devenimus,
1000 2305 1035 2332 ut
1058 2302 1087 2332 si
1112 2301 1180 2341 quis
1199 2302 1350 2332 creditum
1370 2300 1474 2337 solvit,
1488 2299 1516 2330 ei
1529 2299 1644 2337 gratia·
1660 2298 1721 2328 loco
1737 2304 1788 2343 as:-

329 2347 450 2383 ceptum
466 2344 635 2382 ferendum
655 2344 719 2375 sie.-
742 2345 795 2375 sed
810 2345 885 2384 quid
899 2348 943 2375 est
960 2346 1040 2385 quod
1058 2345 1160 2376 tristis
1180 2342 1318 2376 videris?
1363 2343 1430 2374 GE.
1455 2343 1586 2381 Egone?
1607 2340 1734 2379 ignoras
1754 2346 1789 2368 ππ

330 2396 388 2426 quo
404 2387 524 2428 timore,
538 2390 568 2418 et
581 2387 759 2419 discrimine
774 2397 890 2419 versor.
936 2388 1067 2428 Nosces,
1083 2388 1242 2418 dummodo
1256 2388 1289 2417 id
1304 2386 1401 2418 celare
1417 2386 1529 2416 valeas.
1574 2384 1642 2414 DA.
1664 2383 1787 2423 Apage,

936 2481 1158 2493 Mam

375 2548 502 2580 Juncta
516 2547 591 2579 haec
607 2550 662 2578 est
676 2546 784 2578 Scena
799 2546 904 2587 priori
921 2546 956 2577 in
973 2545 1090 2578 Guelf.
1107 2549 1202 2577 1.-4
1227 2545 1370 2578 Codices
1397 2543 1532 2586 quidam
1559 2543 1642 2574 Mss.
1666 2548 1701 2574 et
1726 2543 1787 2575 im·

333 2592 453 2632 pressi,
469 2590 644 2630 neglexisse
658 2593 700 2621 te.
722 2590 910 2621 West.—7.
929 2593 948 2620 8
971 2591 1027 2622 Tr.
1045 2600 1101 2630 quo
1117 2590 1150 2620 in
1163 2593 1257 2626 metu,
1279 2592 1310 2620 et
1325 2589 1359 2619 in
1373 2590 1485 2628 quanto
1497 2587 1613 2627 periclo
1626 2585 1696 2617 sim.
1731 2586 1789 2619 Ita

333 2639 370 2665 et
386 2633 507 2664 Boend.
524 2633 584 2664 sed
599 2633 766 2672 additum,
780 2643 848 2672 ego.
895 2632 1081 2664 Leidenses
1098 2633 1203 2672 varie,
1216 2633 1286 2667 sim,
1307 2641 1422 2669 sumus,
1442 2630 1547 2661 simus.
1592 2629 1675 2660 Mss.
1691 2628 1735 2660 G.
1752 2635 1789 2661 et

334 2676 436 2707 Bodl.
452 2681 489 2706 ut
505 2676 608 2706 edidi.
632 2676 700 2707 Ms.
717 2676 811 2716 Lips.
826 2675 900 2713 scis,
916 2686 972 2716 quo
989 2676 1022 2707 in
1037 2679 1133 2716 melu,
1157 2678 1187 2705 et
1211 2678 1326 2715 quanto
1346 2674 1379 2704 z‘n
1403 2673 1537 2713 periculo
1551 2669 1672 2703 simus?
1694 2671 1786 2704 Quo·

334 2719 435 2750 modo
450 2723 486 2749 et
500 2728 542 2749 ex
558 2719 627 2749 Ms.
644 2719 769 2750 Lovan.
786 2719 870 2750 citat
886 2719 1108 2750 Puimannus.
1140 2718 1234 2749 Idem
1253 2727 1295 2748 ex
1312 2716 1420 2747 Codd.
1443 2715 1632 2746 Xanthensi
1648 2719 1684 2746 et
1702 2715 1787 2746 Ura·

335 2761 522 2792 tislaviensi
540 2760 669 2799 laudat,
692 2771 798 2792 sumus
812 2763 910 2793 modo.
956 2761 1120 2802 Innpressi
1137 2761 1254 2792 itidem
1272 2760 1375 2791 varie.
1418 2758 1536 2791 Juntae
1552 2769 1560 2788 :
1586 2757 1709 2796 Nescis,
1728 2767 1787 2798 quo

334 2805 367 2835 in
384 2808 478 2845 metu,
493 2807 525 2835 et
539 2806 652 2844 quanto
664 2804 697 2834 in
709 2805 845 2844 periculo
859 2802 943 2836 sim?
961 2805 1018 2836 Ita
1033 2809 1067 2836 et
1084 2805 1134 2835 M.
1152 2804 1280 2836 Donat.
1296 2801 1387 2834 Rob.
1403 2801 1608 2842 Stephanus,
1619 2805 1655 2832 et
1668 2799 1787 2837 Aldus,
