1966 3302
552 209 859 241 Pnonnroms
893 208 1004 239 Ac‘r.
1039 207 1069 237 1.
1101 206 1169 237 sc.
1202 205 1268 234 iv.
1550 193 1634 234 937

181 309 275 351 AN.
306 308 418 350 Cum
437 307 523 349 hoc
546 319 629 347 non
651 318 849 359 possum,
866 304 979 345 illud
1002 303 1144 345 minus
1166 313 1355 356 possem.
1417 298 1505 340 GE.
1532 299 1635 339 Hoc

354 375 459 415 nihil
478 377 560 423 est,
582 371 815 413 Phaedria:
847 371 984 412 ilicet.

187 442 311 493 Quid
331 441 402 482 hic
424 440 686 482 conterimus
713 451 891 492 operam
920 436 1116 478 frustra?
1149 435 1255 488 quin
1287 434 1432 475 abeo?
1494 431 1629 472 PHAE.

353 508 411 549 Et
432 507 609 561 quidem
629 519 724 558 ego.
782 504 878 545 AN.
910 504 1107 545 Obsecro
1127 516 1136 543 ε

186 575 308 627 Quid
329 575 369 616 si
390 573 633 616 assimulo?
667 571 793 614 satin'
817 572 914 612 est'?
973 570 1066 611 GE.
1097 568 1270 610 Garris.
1329 567 1423 608 AN.
1454 566 1638 608 Voltum

354 639 734 694 contemplamini:
766 638 893 679 hem!

182 707 318 751 Satin’
338 708 403 750 sic
422 707 519 749 est?
579 706 669 748 GE.
692 705 810 747 Non.
870 702 967 744 AN.
990 701 1112 752 Quid
1134 701 1172 742 si
1196 701 1297 742 sic?
1359 700 1450 741 GE.
1472 699 1641 753 Prope-

352 774 547 817 modum.
606 771 703 814 AN.
736 771 859 823 Quid
882 771 921 811 si
943 769 1041 811 sic‘!
1102 768 1192 810 GE.
1227 768 1307 809 Sat
1329 773 1411 809 est.

175 894 295 934 facere,
306 892 392 925 aliud
406 892 480 933 quid
493 891 652 934 difficilius
666 893 762 923 mullo
776 892 878 922 minus
884 890 995 929 facere
1007 899 1142 930 possum.
1177 888 1245 920 GE.
1271 887 1339 918 Hic
1349 887 1502 928 Antipho,
1518 897 1534 918 o
1547 888 1644 919 Phae-

181 937 264 975 dria,
275 936 382 977 pusilli
396 939 443 966 est
457 936 569 974 animi,
585 938 615 966 et
629 935 670 966 ad
685 935 787 965 omnia
801 934 945 965 inutilis.-
968 933 1121 972 exiemplo
1137 930 1328 962 discedamus
1338 941 1348 961 .·
1371 930 1446 970 quid
1462 931 1512 961 hic
1518 929 1645 968 frustra

183 988 307 1019 operam
335 978 562 1009 consumimus?
588 987 646 1016 ego
675 987 745 1008 tero
773 977 906 1008 discedo.
952 976 1024 1006 Pu.
1056 976 1102 1006 Et
1130 983 1187 1012 ego
1216 982 1342 1014 quoque.
1399 971 1469 1003 ΑΝ.
1504 973 1645 1011 Manele,

182 1031 234 1052 vos
247 1031 311 1053 oro.
355 1021 408 1052 An
422 1020 467 1051 sic
481 1023 552 1059 apte
566 1020 677 1050 simulo
694 1029 742 1050 me
759 1019 960 1060 confidentem
984 1020 1071 1049 esse?
1115 1016 1184 1048 GE.
1209 1015 1365 1054 Nugaris.
1410 1014 1478 1045 AN.
1501 1015 1646 1055 spectate

175 1062 294 1101 faciem
310 1073 418 1094 meam.
465 1062 560 1101 Hem,
584 1063 701 1093 satisne
720 1061 765 1092 sic
786 1059 857 1093 est?
901 1061 971 1092 Ge.
995 1059 1141 1090 Minime.
1184 1056 1256 1089 ΑΝ.
1283 1057 1368 1092 Quid
1382 1057 1469 1087 sisic
1484 1067 1530 1087 me
1546 1061 1646 1096 gero?

185 1105 252 1138 GE.
276 1106 380 1147 Prope
395 1108 487 1137 recte.
522 1103 594 1137 ΑΝ.
618 1104 702 1140 Quid
716 1103 744 1135 si
758 1102 831 1136 sic?
870 1103 939 1135 GE.
963 1102 1052 1134 Satis
1067 1110 1147 1133 nunc
1162 1103 1221 1133 esi.
1259 1100 1356 1131 Hunc
1368 1104 1492 1139 gestum
1506 1099 1647 1139 observa,

794 1196 1031 1210 eeeeeeeeeee

185 1262 311 1304 Delpb.
335 1262 462 1303 legitur
480 1262 566 1298 Quid
578 1263 605 1293 si
618 1262 735 1303 aliquid
745 1263 877 1302 gravius
893 1262 953 1293 tibi
969 1272 1000 1294 n.
1014 1261 1047 1300 f.
1062 1261 1179 1300 s.—31
1208 1260 1275 1292 GE.
1292 1260 1363 1292 Hoc
1379 1259 1459 1291 nihil
1479 1263 1536 1298 esi,
1552 1259 1646 1290 1³11oe-

183 1306 265 1337 dria.
309 1306 403 1345 Lego
419 1310 454 1336 et
470 1305 640 1345 distinguo
656 1315 664 1336 z
702 1305 770 1337 GE.
794 1306 867 1336 Hoc
882 1305 964 1336 nihil
978 1307 1037 1335 est.
1083 1304 1156 1336 ΡΗ.
1184 1303 1288 1335 Ilicet.
1311 1303 1384 1343 quid
1398 1303 1449 1334 hic
1462 1303 1650 1333 conterimus

184 1357 308 1388 operam
323 1347 474 1385 frustra?
512 1347 580 1379 GE.
598 1347 681 1383 Quin
696 1347 780 1378 abeo.
819 1348 892 1379 ΡΗ.
910 1349 954 1378 Et
972 1346 1095 1387 quidem
1108 1355 1178 1384 ego.
1222 1344 1433 1386 Intelligitur
1448 1350 1560 1376 autem
1576 1345 1647 1375 Hoc

187 1389 277 1431 apud
295 1399 330 1420 se
347 1399 444 1428 esse3
462 1399 529 1420 non
546 1389 700 1420 timidum
717 1399 805 1421 esse.
837 1390 961 1430 Neque
979 1389 1067 1420 enim
1083 1388 1199 1429 placet
1213 1388 1446 1429 Interpretum
1464 1393 1499 1418 et
1515 1387 1648 1419 Donati

186 1432 357 1473 expositio
374 1432 417 1463 de
434 1433 510 1472 ipso
526 1430 736 1472 Antiphone.
781 1432 872 1473 Guy.
894 1432 927 1463 in
945 1430 1128 1466 ἄνεκδότοις,
1152 1430 1210 1462 ubi
1225 1440 1359 1461 versum
1382 1430 1472 1461 hunc
1496 1429 1647 1469 spurium

186 1478 354 1514 vocasset,
370 1474 454 1515 legit
470 1478 596 1509 tamen,
614 1474 705 1505 Hoc?
728 1474 806 1505 nihil
822 1478 880 1506 est.
895 1484 928 1515 q.
948 1473 981 1506 d.
1006 1474 1083 1505 Hoc
1112 1482 1178 1504 non
1204 1477 1318 1513 potes,
1345 1473 1434 1513 quod
1459 1472 1541 1503 nihil
1569 1472 1646 1502 est?

187 1517 289 1549 Dixit
302 1520 416 1548 autem
431 1518 441 1534 ‘
453 1515 556 1547 nihil'
576 1526 636 1557 pro
652 1517 718 1548 levi
734 1526 770 1548 re
788 1521 823 1548 et
838 1517 963 1548 nullius
981 1516 1154 1547 momenti.
1187 1515 1244 1546 Sic
1259 1514 1351 1546 And.
1367 1524 1407 1546 ιι.
1422 1517 1454 1545 6.
1472 1517 1525 1547 18.
1548 1515 1648 1547 West.

188 1559 267 1591 Illuc
294 1568 356 1599 pro
376 1559 457 1590 illud
483 1558 584 1590 Both.
629 1558 767 1590 Absunt
783 1559 936 1590 Plioedria
951 1559 1038 1590 ilicet
1055 1569 1073 1589 a
1089 1557 1203 1590 Guelf.
1219 1560 1336 1589 3.—-32
1359 1557 1426 1588 Ms-
1443 1558 1535 1597 Lips.
1552 1562 1587 1588 et
1604 1557 1649 1589 G.

187 1611 263 1633 cum
283 1602 355 1633 ΕΡ.
371 1601 468 1633 Junt.
484 1601 564 1632 Ald.
577 1602 626 1632 St.
641 1602 725 1640 aliis,
742 1602 827 1637 Quid
840 1602 1027 1633 conterimus
1041 1610 1164 1641 operam
1172 1597 1324 1638 frustra?
1339 1601 1447 1631 West.
1471 1600 1537 1631 Ms.
1555 1600 1649 1640 Lips-

188 1644 233 1676 G.
247 1644 329 1675 wit.
345 1648 382 1675 et
397 1643 470 1674 ΕΡ.
487 1643 583 1675 Junt.
601 1643 680 1675 ΑΜ.
697 1645 749 1676 St.
766 1644 856 1681 aliae,
878 1645 953 1685 quin
976 1644 1094 1675 abeam.
1119 1642 1230 1674 Idem.
1277 1642 1362 1678 Quid
1376 1642 1564 1673 conterimus
1578 1651 1649 1681 ope-

186 1696 255 1718 ram
264 1686 390 1726 frustra
400 1684 415 1716 ,Ι
430 1686 505 1725 quin
518 1685 649 1718 abeam?
674 1687 769 1717 Bem.
785 1694 821 1718 et
836 1686 892 1718 Vi.
911 1686 997 1722 Quid
1010 1686 1060 1717 hic
1075 1686 1263 1717 conterimus
1276 1695 1400 1725 operam
1408 1682 1558 1723 frustra?
1574 1684 1650 1724 quin

187 1729 284 1760 abeo?
304 1729 421 1769 placet
436 1733 549 1759 autem
566 1728 641 1768 quin
655 1728 741 1767 abeo,
757 1738 819 1769 pro
835 1738 897 1760 cur
913 1738 980 1759 non
997 1728 1105 1766 abe0;
1130 1728 1178 1759 ita
1194 1728 1285 1758 enim
1308 1728 1317 1745 ‘
1333 1727 1413 1768 quin
1428 1726 1438 1741 '
1465 1728 1651 1767 exponitur

188 1780 208 1802 a
224 1772 385 1802 Donato:
411 1779 492 1802 sane
521 1770 556 1801 in
581 1771 638 1801 Vi.
665 1775 700 1802 et
727 1772 806 1803 Bas.
820 1772 892 1803 abeo
908 1771 943 1802 in
958 1771 1063 1802 abeam
1080 1774 1245 1801 mutatum
1262 1775 1327 1801 est.
1351 1770 1412 1801 Fa.
1460 1770 1522 1800 Hic
1539 1768 1651 1800 nostri

188 1822 318 1853 omnes,
331 1813 405 1844 abeo
421 1813 622 1844 veterrimus
637 1813 740 1845 solus.
766 1814 861 1845 Bent.
908 1814 995 1850 Quin
1009 1813 1194 1844 conterimus
1209 1836 1216 1844 .
1229 1835 1238 1844 .
1252 1836 1259 1843 .
1276 1812 1350 1853 quin
1364 1811 1492 1843 abeam?
1513 1812 1572 1843 ΒΓ.
1609 1811 1651 1842 Τὸ

187 1855 238 1887 liic
253 1854 351 1887 abest
362 1855 401 1887 Z.
436 1855 521 1886 GM.
537 1855 653 1887 abeam.
698 1855 810 1888 Abest
828 1857 962 1888 Obsecro
980 1866 1000 1886 a
1016 1855 1133 1887 Guelf.
1151 1858 1183 1886 3.
1208 1856 1217 1873 ‘
1231 1855 1271 1886 In
1289 1854 1405 1886 Guelf.
1425 1857 1454 1886 1.
1469 1854 1521 1885 hic
1540 1864 1588 1885 vs.
1607 1854 1650 1885 ab

187 1898 254 1929 alia
269 1907 370 1929 manu
385 1897 555 1938 ascriptus
573 1897 682 1929 anteit
697 1899 870 1939 priorem.'
893 1899 1068 1930 Peri—3³
1092 1898 1192 1929 Bodl.
1209 1898 1276 1929 Ms.
1295 1897 1388 1937 Lips.
1406 1897 1455 1927 M.
1472 1896 1556 1928 Wit.
1573 1905 1650 1928 cum

189 1940 263 1973 ΕΡ.
279 1940 378 1973 Junt.
395 1940 473 1972 Ald.
487 1940 539 1971 St.
560 1940 634 1971 aliis
650 1941 852 1973 adsimulabo.
899 1941 981 1972 Hem
997 1940 1094 1972 abest
1109 1950 1128 1971 a
1145 1940 1188 1972 G.
1220 1940 1321 1972 lVest.
1369 1939 1453 1974 Quid
1468 1939 1497 1969 si
1512 1939 1651 1970 adsimu-

188 1983 266 2015 labo.
310 1983 515 2014 Trochaicus
530 1983 649 2024 exigit,
665 1984 817 2015 adsimulo
829 1994 842 2021 ,·
866 1983 956 2023 quod
973 1988 1008 2014 et
1025 1983 1057 2014 in
1075 1983 1172 2014 Bem.
1185 1987 1250 2014 est.
1273 1983 1334 2013 Fa.
1380 1982 1497 2013 Nostri
1525 1990 1650 2022 perpe-

190 2034 260 2057 ram
273 2026 474 2057 adsimulabo.
492 2025 596 2056 Bent.
640 2026 843 2057 Adsimulabo
858 2027 918 2057 ΒΓ.
935 2036 955 2056 a
970 2036 1038 2067 quo
1053 2025 1152 2056 abest
1168 2034 1304 2066 quoque
1320 2025 1398 2055 hem.
1443 2024 1586 2054 Bothius
1602 2024 1651 2055 le-

190 2067 254 2108 git,
271 2068 368 2107 Quid,
381 2067 409 2098 si
424 2068 469 2098 sic:
482 2065 657 2099 adsimulo?
677 2068 773 2100 satin'
789 2072 858 2100 est?
883 2069 1010 2099 Garris.
1056 2067 1330 2107 Contemplamini,
1345 2065 1436 2098 hem!
1460 2065 1570 2098 Abest
1584 2067 1653 2097 hcm

190 2109 306 2141 Guelf.
324 2112 440 2141 1.—34
463 2108 556 2141 ΑΝΤ.
583 2111 668 2146 Quid
682 2111 710 2141 si
723 2109 795 2143 sic?
839 2111 908 2143 GE.
925 2110 984 2142 Sat
998 2113 1056 2141 est.
1101 2110 1157 2141 Ita
1176 2109 1328 2150 plerique
1349 2118 1466 2140 omnes
1490 2109 1568 2140 libri
1594 2118 1651 2140 ve-

191 2157 293 2185 teres.
336 2152 423 2184 Dac.
441 2156 568 2191 tamen,
583 2152 845 2184 Schalbruchius
862 2157 899 2184 et
916 2153 1208 2193 Hoogstratanus,
1227 2152 1312 2187 Quid
1327 2152 1395 2182 sic?
1418 2151 1591 2191 studione,
1609 2161 1653 2183 an

191 2194 482 2236 typographorum
500 2204 628 2235 errore,
654 2195 837 2227 incertum.
882 2194 960 2226 Nisi
987 2195 1077 2226 forte
1104 2194 1263 2225 Bembini
1280 2194 1415 2225 Codicis
1431 2194 1654 2233 auctoritate,

190 2247 292 2278 quam
309 2237 423 2268 laudat
446 2236 609 2269 Faernus.
656 2237 777 2276 Pergit
794 2246 874 2268 vero
890 2237 1021 2269 vultum
1038 2241 1168 2268 mutare
1191 2241 1226 2267 et
1249 2235 1291 2267 ad
1310 2236 1597 2277 tranquillitatem
1617 2242 1653 2268 et

189 2279 429 2311 confidentiam
444 2288 649 2319 componere
665 2278 831 2319 Antipho.
859 2280 956 2311 West.
1002 2280 1052 2311 Ut
1066 2279 1276 2310 Trochaicus
1294 2282 1384 2310 stare
1402 2278 1522 2319 possit,
1540 2280 1653 2319 legen·

190 2322 270 2354 dum
285 2327 339 2353 est
354 2331 397 2353 ex
421 2321 506 2353 libro
522 2321 701 2360 Bembino‚
717 2326 752 2353 et
768 2321 976 2361 Basilicam,
1002 2331 1064 2362 pro
1081 2321 1189 2357 Satin,
1204 2320 1350 2352 Satisne.-
1375 2330 1436 2362 pro
1452 2331 1517 2362 quo
1532 2322 1650 2352 Victo-

191 2365 303 2396 rianus
318 2364 422 2396 habet
438 2364 549 2395 Saline
560 2375 573 2402 ‚·
596 2368 631 2394 et
647 2364 705 2395 ubi
721 2364 909 2405 posteriore
934 2364 1009 2395 loco
1026 2363 1163 2403 dicitur,
1181 2363 1267 2398 Quid
1281 2364 1308 2393 si
1324 2365 1382 2401 sic,
1401 2364 1475 2403 lege
1496 2364 1580 2398 Quid
1594 2364 1654 2400 sie,

191 2406 307 2438 deleto
322 2407 350 2437 si
365 2415 406 2438 ex
421 2405 489 2437 fide
503 2406 581 2437 libri
597 2406 764 2438 Bembini.
783 2407 842 2438 Fa.
881 2406 1001 2437 Nostri
1017 2415 1133 2437 omnes
1152 2406 1340 2446 posteriore
1358 2406 1432 2437 loco
1451 2405 1535 2440 Quid
1552 2407 1580 2436 si
1595 2406 1653 2437 sic.

191 2449 342 2481 Omnino
358 2448 462 2480 decor
478 2453 513 2479 et
529 2452 687 2480 venustas
706 2449 867 2488 postulat,
881 2452 919 2480 ut
934 2448 979 2479 sic
996 2448 1120 2489 ubique
1137 2452 1291 2480 acuatur.
1316 2449 1406 2488 Lege
1423 2448 1541 2488 igitur,
1557 2448 1653 2479 Satin

191 2495 241 2523 est
252 2492 319 2522 sic?
343 2491 428 2522 Non.
453 2491 538 2525 Quid
551 2492 580 2522 si
593 2490 664 2524 sic?
687 2491 929 2531 Propemodum.
956 2491 1042 2526 Quid
1057 2491 1085 2521 si
1100 2491 1169 2522 sic?
1191 2491 1250 2521 Sat
1265 2493 1320 2520 est.
1337 2491 1439 2521 Bent.
1483 2490 1592 2521 Satine
1607 2491 1654 2520 sic

191 2532 264 2566 est?
286 2534 346 2566 Br.
390 2533 533 2566 Botlrius
544 2533 630 2574 legit
645 2533 754 2566 Satine
768 2534 814 2565 sic
829 2531 897 2565 est?
921 2534 1007 2565 Non.
1032 2532 1118 2570 Quid
1132 2533 1196 2564 sic?
1211 2536 1280 2563 est?
1302 2532 1540 2573 Propemodum.
1566 2533 1653 2569 Quid

846 2623 988 2656 NOTAE

235 2691 276 2721 33
301 2688 386 2724 Quid
411 2688 440 2719 si
465 2687 627 2729 assimulo]
652 2687 721 2720 Hic
739 2688 892 2730 Antipho
949 2688 1117 2730 timidum,
1130 2687 1191 2721 sed
1208 2686 1509 2729 praeseussanimo.

194 2738 327 2771 actione
344 2741 487 2771 conatur
501 2737 659 2770 simulare
677 2747 713 2770 se
731 2747 798 2771 non
819 2747 893 2770 esse
