1966 3302
437 200 855 235 HEAUTONTIMOR.
889 201 998 231 Ac'r.
1031 201 1096 230 iv.
1128 199 1195 230 sc.
1231 199 1315 229 vii.
1504 189 1590 230 635

140 300 227 342 Cn.
260 299 381 351 Quid
401 300 463 340 rei
483 302 614 349 esset,
630 297 745 339 dixti
762 296 895 338 huic?
956 296 1041 337 SY.
1075 295 1186 336 Dixi
1203 295 1413 348 pleraque
1433 295 1590 334 omnia.

140 368 229 410 CH.
260 368 382 421 Cape
413 367 498 408 hoc
528 370 770 420 argentum,
805 378 857 406 ac
887 364 1021 405 deser.
1082 364 1166 405 SY.
1198 362 1305 412 Hei,
1339 361 1445 415 quid
1466 361 1590 402 stas?

313 434 455 488 lapis!

142 503 264 554 Quin
302 501 507 556 accipis?
568 499 653 541 CL.
703 498 827 540 Cedo
870 510 990 540 sane.
1052 497 1136 538 ΞΥ.
1176 497 1370 552 Sequere
1406 495 1489 536 hac
1525 507 1593 535 me

312 582 465 624 ocyus.

141 638 212 680 Tu
232 637 303 678 hic
323 650 421 687 nos,
442 636 544 677 dum
564 635 751 684 eximus,
771 634 939 675 interea
960 631 1247 686 opperibere3
1569 629 1597 667 5

143 705 264 747 Nam
283 705 393 745 nihil
412 708 492 754 est,
512 703 604 744 illic
621 701 741 757 quod
762 714 978 742 moremur
995 700 1180 740 diutius.

143 771 232 814 CH.
265 771 413 812 Minas
431 771 609 825 quidem
628 770 723 824 Jam
745 768 896 810 decem
915 767 1051 808 habet
1072 780 1098 808 a
1117 780 1186 807 me
1209 766 1318 816 filia,

144 839 276 890 Quas
297 852 376 894 pro
397 838 617 879 alimentis
638 850 739 878 esse
760 849 875 877 nunc
896 835 1010 876 duco
1035 834 1190 876 datas:

144 907 300 949 Hasce
322 905 589 948 ornamentis
608 907 931 958 consequentur
951 903 1113 945 alterae.

145 1046 259 1067 morem
272 1045 382 1075 gerere
398 1038 537 1077 paratus.
581 1034 651 1066 CH.
674 1032 767 1075 Syre,
782 1033 933 1065 dixistine
946 1033 1020 1075 filio
1037 1043 1101 1064 meo
1117 1042 1183 1073 quoe
1197 1042 1247 1063 res
1262 1034 1353 1071 esset,
1368 1040 1462 1071 quare
1478 1031 1601 1062 mittam

146 1078 202 1110 hoc
216 1081 404 1118 argentum?
446 1078 508 1109 SY.
533 1077 616 1109 Dixi
636 1077 780 1117 pleraque
796 1077 907 1107 omniu.
954 1078 1021 1108 CH.
1038 1077 1122 1115 Cape
1137 1076 1193 1106 has
1208 1076 1308 1105 decem
1323 1074 1434 1113 minos,
1451 1074 1604 1114 Clitipho,

147 1131 184 1152 ac
212 1122 301 1159 defer
331 1123 371 1152 ad
398 1121 597 1152 Bacchidem.
657 1120 720 1151 SY.
746 1119 822 1158 Hei,
846 1119 979 1160 stupide,
1001 1129 1056 1150 cur
1081 1121 1167 1149 slas?
1189 1127 1244 1148 cur
1271 1127 1331 1148 non
1356 1116 1470 1158 accipis
1490 1126 1601 1156 argen-

147 1167 235 1194 tum?
280 1164 342 1195 Cr..
369 1166 461 1195 Certe
489 1164 574 1195 dato.
633 1162 695 1193 SY.
719 1162 852 1203 Sequere
878 1173 925 1193 me
949 1172 1004 1202 per
1029 1161 1107 1192 hanc
1132 1161 1214 1192 viam
1242 1160 1316 1191 cito.
1363 1159 1421 1199 Tu,
1447 1160 1605 1198 Chremes,

147 1206 277 1238 interea..
293 1207 365 1238 dum
387 1207 511 1245 ibimus,
532 1204 708 1246 expectabis
728 1215 783 1236 nos
805 1205 838 1235 in
861 1205 916 1236 hoc
939 1206 1015 1244 loco,
1034 1206 1129 1235 donec
1153 1204 1350 1243 egredimur.-
1372 1213 1445 1233 nam
1460 1203 1542 1233 nulla
1557 1206 1603 1233 est

147 1259 251 1290 causa,
270 1253 395 1290 propter
410 1260 499 1290 quam
516 1249 640 1287 longam
664 1256 780 1278 morum
796 1248 954 1286 faciamus
980 1247 1064 1286 istic,
1088 1247 1140 1277 ubi
1162 1249 1208 1277 est
1225 1245 1371 1279 Bacchis.
1415 1246 1483 1276 Cn.
1511 1245 1604 1276 Certe

138 1291 214 1333 filia
229 1302 295 1323 mea
309 1302 387 1323 ome
403 1292 472 1330 jam
499 1291 588 1322 habet
605 1292 718 1331 ,decem
733 1291 846 1328 minas,
870 1301 945 1330 quas
970 1290 1091 1321 (estimo
1113 1299 1159 1320 me
1185 1290 1304 1320 dedisse
1326 1298 1382 1329 pro
1402 1288 1605 1319 nutrimentis

148 1334 234 1374 qius.-
253 1334 360 1366 alteroe
373 1335 475 1366 decem
490 1335 583 1366 minoe
606 1337 825 1375 consequentur
845 1333 933 1365 hasce
955 1343 1012 1375 pro
1028 1332 1216 1364 ornamentis
1232 1331 1368 1372 corporis
1378 1341 1390 1368 ,-
1416 1332 1481 1362 hoec
1496 1331 1604 1363 deinde

746 1437 985 1450 ‘mum‘

148 1518 159 1536 ‘
177 1516 344 1559 Clitipho'
368 1517 458 1548 enim
473 1517 591 1559 nequit
608 1516 762 1548 ultimam
779 1516 966 1556 corripere.
1013 1516 1100 1547 Eun.
1117 1524 1166 1547 tv.
1184 1519 1215 1547 7.
1234 1518 1286 1546 10.
1309 1515 1319 1532 ‘
1337 1514 1405 1546 Ubi
1423 1514 1499 1546 alii?
1537 1516 1606 1548 Qui

151 1561 277 1592 malum
293 1560 381 1591 alii?
420 1561 535 1591 Possis
550 1560 669 1599 etiam,
689 1559 751 1590 Ubi
769 1561 806 1591 C.
822 1563 870 1590 est
883 1562 986 1590 nunc?
1010 1560 1061 1589 vel
1080 1568 1155 1590 cum
1176 1569 1241 1590 nno
1258 1568 1299 1589 ex
1317 1558 1432 1599 Regiis
1453 1557 1514 1589 Ubi
1527 1568 1607 1590 nunc

102 1599 107 1602 ⁶
144 1603 216 1641 jam
243 1607 288 1634 est
318 1603 477 1644 Clitipho?
499 1604 601 1634 Bent.
644 1605 653 1619 ‘
672 1603 754 1633 EM.
780 1603 894 1633 Eccum
918 1612 966 1633 me
990 1601 1073 1633 tihi?
1100 1602 1205 1632 West.
1252 1602 1260 1618 ‘
1279 1601 1380 1632 Bent.
1395 1601 1525 1632 omittit
1549 1605 1609 1640 est,

153 1647 227 1685 sed,
252 1652 289 1676 ut
307 1646 438 1686 opinor,
462 1651 582 1677 contra
598 1655 723 1677 morem
741 1645 875 1684 Poene,
899 1645 956 1686 qui
972 1654 1137 1685 nusquam
1167 1645 1176 1662 ‘
1195 1643 1273 1675 ubi'
1300 1644 1395 1684 ponit
1413 1644 1484 1675 sine
1502 1644 1607 1675 verbo

152 1687 271 1720 finito.'
295 1689 379 1720 Perl.
423 1689 482 1719 Est
498 1688 625 1719 omittit
642 1689 721 1729 Bip.
768 1688 823 1719 Ita
839 1693 874 1719 et
887 1688 1055 1719 Rom—2
1080 1688 1130 1718 M.
1146 1688 1230 1718 dixti
1245 1687 1315 1718 huic
1329 1687 1409 1728 Syre
1419 1690 1494 1718 ?—3
1512 1687 1608 1719 Bem.

154 1731 198 1771 li,
213 1731 288 1772 quid
303 1734 390 1762 stas?
412 1731 512 1772 lapis!
556 1731 645 1762 Vide
661 1741 763 1772 supra
779 1740 832 1762 1v.
849 1734 880 1762 6.
897 1734 927 1762 9.
975 1730 1015 1761 In
1034 1731 1108 1761 aliis
1129 1735 1180 1761 est
1204 1731 1231 1761 I.
1257 1739 1370 1760 rursus
1387 1730 1421 1760 in
1437 1730 1511 1760 aliis
1528 1730 1608 1761 hem.

156 1774 318 1806 Ceterum
335 1773 426 1814 Guy.
444 1783 562 1814 parum
580 1780 741 1806 accurate
757 1773 870 1805 omnia
886 1774 972 1811 haec,
988 1783 1060 1814 cape
1075 1774 1130 1804 hoc
1144 1776 1320 1812 argentum,
1334 1783 1370 1803 ac
1385 1773 1480 1810 deser.
1497 1773 1520 1811 i,
1535 1774 1609 1813 quid

153 1815 244 1849 stas?
265 1816 367 1858 lapis!
389 1817 463 1857 quin
486 1816 622 1857 accipis?
666 1817 841 1849 Chremeti
865 1816 999 1847 tribuit.
1044 1816 1205 1847 Chremes
1221 1817 1321 1855 enim,
1343 1815 1399 1857 qni
1416 1816 1524 1847 adhuc
1543 1825 1609 1847 non

155 1865 425 1892 commutaverat
447 1860 588 1891 verbum
611 1869 714 1891 unum
736 1869 811 1890 curn
835 1859 916 1898 filio,
939 1862 948 1877 ⁴
966 1858 1134 1899 lapidem’
1152 1868 1226 1889 eum
1244 1859 1399 1890 diceret?
1445 1858 1608 1890 Chremes

147 1902 288 1943 juberet
304 1903 447 1944 primum
466 1903 513 1934 ire
531 1912 607 1934 cum
624 1907 765 1942 argento
780 1901 885 1933 filium
903 1902 944 1932 ad
961 1901 1182 1940 Bacchidem,
1194 1911 1269 1932 mox
1287 1901 1420 1932 demum
1438 1911 1455 1932 a
1471 1911 1506 1932 se
1523 1903 1612 1933 acci-

157 1954 239 1986 pere
267 1946 468 1986 argentum?
498 1956 563 1976 non
592 1946 779 1977 cohaerent.
825 1945 921 1975 Bene
945 1945 1050 1984 igitur
1079 1944 1246 1975 ondinatae
1278 1949 1356 1975 sunt
1383 1954 1550 1985 personae,
1573 1950 1611 1975 ut

157 1987 258 2028 vulgo
273 1998 315 2019 ex
331 1989 414 2020 Mss.
433 1988 647 2020 exhibentur.
692 1988 830 2020 Possint
848 1994 961 2018 tamen
979 1987 1047 2023 iila,
1067 1987 1152 2022 Quin
1167 1987 1302 2027 accipis?
1316 1987 1417 2018 etiam
1436 1988 1612 2018 Chremeti

157 2030 276 2070 tribui,
298 2031 325 2063 si
348 2041 409 2070 per
432 2031 577 2062 Codices
603 2032 737 2063 liceret.
764 2031 865 2063 West.
910 2030 1031 2062 Nostri
1049 2030 1204 2061 meliores
1221 2029 1282 2060 Ei:
1306 2030 1413 2061 ceteri
1431 2030 1495 2061 Hei
1510 2031 1612 2062 Bent.

157 2073 215 2114 qui
240 2083 315 2104 cum
345 2074 406 2105 Fa.
434 2075 526 2106 Peri,
542 2074 643 2106 Both.
666 2075 744 2114 Bip.
769 2073 900 2112 Ilegit.
941 2073 980 2104 Z.
1004 2073 1045 2104 Ii.
1069 2073 1127 2104 ΒΓ.
1151 2073 1205 2104 Ei.
1249 2072 1305 2104 Ita
1322 2077 1356 2103 et
1372 2072 1519 2105 Pan-4
1543 2073 1612 2104 ΜΒ.

158 2116 254 2156 Lips.
298 2115 335 2147 S.
353 2117 410 2147 hac
424 2127 503 2148 nunc
518 2118 610 2148 ocius.
657 2116 730 2148 EA.
747 2120 781 2147 et
798 2116 870 2146 ΕΡ.
895 2115 931 2147 S.
953 2125 1000 2146 me
1024 2115 1080 2146 hac
1096 2125 1176 2146 nunc
1191 2126 1219 2147 o.
1265 2116 1320 2146 Ita
1336 2120 1370 2146 et
1388 2115 1489 2147 Bodl.
1517 2115 1613 2156 [En]

160 2158 284 2189 Boend.
313 2158 412 2190 West.
458 2160 551 2191 Nunc
566 2164 645 2200 post
667 2170 714 2190 me
737 2158 852 2191 Guelf.
867 2162 900 2189 2.
947 2159 1045 2188 Credo
1073 2159 1192 2189 vitiose
1220 2161 1317 2189 3.—5
1343 2159 1423 2190 Par.
1450 2168 1511 2199 pro
1539 2168 1611 2189 var.

158 2202 310 2241 opperire.
334 2201 494 2233 Peri.—6
517 2203 571 2233 Ita
586 2202 739 2233 distinxi.
781 2202 892 2241 Vulgo
908 2199 1064 2239 κόμματος
1081 2202 1211 2240 signum
1230 2207 1306 2241 post
1324 2200 1361 2231 τὸ
1376 2201 1442 2232 illic
1465 2201 1612 2242 ponitur.

164 2244 260 2275 West.
305 2244 360 2275 Ita
388 2248 421 2275 et
449 2245 552 2277 Bent.
579 2245 672 2276 Perl.
695 2244 734 2276 Z.
781 2244 867 2275 Post
889 2244 953 2274 illic
975 2244 1187 2283 distinguunt
1202 2244 1280 2283 Bip.
1298 2244 1427 2284 Delph.
1474 2244 1614 2275 Nullam

160 2291 274 2318 tamen
291 2286 547 2318 distinctionem
564 2298 672 2329 neque
691 2292 766 2328 post
782 2290 829 2317 est
844 2296 955 2328 neque
972 2291 1048 2326 post
1063 2287 1128 2317 illic
1144 2286 1226 2317 dant
1241 2287 1299 2318 Br.
1314 2287 1483 2318 Rutu—7
1502 2286 1542 2317 In
1559 2287 1613 2318 ed.

158 2329 239 2368 Bip.
265 2329 320 2360 hic
346 2330 469 2370 incipit
495 2330 571 2362 Act.
587 2340 634 2362 tv.
656 2331 711 2361 Sc.
733 2333 764 2362 4.
787 2330 890 2360 Both.
918 2330 1002 2370 legit
1028 2329 1098 2367 jam
1129 2329 1205 2370 filia
1226 2340 1246 2360 α
1271 2340 1318 2360 me
1341 2329 1432 2361 habet
1455 2330 1613 2361 decem.—

160 2374 181 2402 8
204 2372 308 2403 Binos
336 2372 439 2403 hosce
465 2383 579 2404 versus
608 2377 767 2414 tanquam
791 2372 951 2403 insititios
976 2373 1142 2413 expungit
1164 2372 1253 2413 Guy.
1297 2373 1364 2403 Sed
1382 2377 1613 2414 praeterquam

159 2414 251 2454 quod
280 2415 444 2446 Codicum
468 2415 535 2447 fide
562 2415 773 2454 destituitur,
795 2415 832 2446 τὸ
853 2425 944 2455 porro
975 2414 1006 2445 in
1035 2424 1133 2445 versu
1160 2424 1231 2456 seq.
1259 2414 1366 2446 locum
1394 2415 1521 2446 habere
1549 2425 1614 2446 non

160 2462 289 2496 potest,
307 2458 371 2488 nisi
388 2458 489 2488 etiam
517 2459 558 2489 de
581 2459 697 2490 alteris
723 2459 788 2489 illis
811 2458 929 2489 decem
947 2457 1044 2488 minis
1062 2457 1231 2488 mentione
1248 2458 1339 2497 prins
1356 2457 1461 2489 facta.
1507 2458 1615 2498 Duco]

161 2499 212 2530 M.
227 2499 348 2531 Boend.
372 2506 408 2531 et
434 2501 579 2532 Btecleri
606 2511 719 2532 omnes
745 2511 821 2532 cum
847 2499 919 2532 EA.
944 2500 1025 2531 dico.
1050 2501 1159 2532 lVest.
1206 2502 1215 2517 ‘
1231 2501 1273 2532 V.
1293 2501 1378 2536 Quas
1392 2501 1613 2532 hortamentis:

160 2541 209 2573 ita
225 2547 260 2573 et
275 2543 355 2574 Bas.
372 2542 431 2573 sed
450 2544 520 2574 sine
537 2545 754 2584 aspiratione.
804 2543 856 2574 Vi.
873 2547 907 2574 et
924 2543 1145 2578 Decurtatus,
1165 2544 1205 2578 Q.
1222 2553 1278 2583 pro
1294 2545 1493 2574 ornamentis.
1520 2544 1615 2574 Bem.

163 2584 204 2619 Q.
219 2586 428 2623 ornamentis;
453 2587 660 2618 recentiores
677 2596 790 2618 omnes
819 2587 859 2621 Q.
887 2596 943 2626 pro
967 2587 1142 2617 alimentis:
1167 2596 1230 2626 ego
1248 2587 1404 2626 suspicor
1421 2585 1547 2626 aliquid
1566 2587 1615 2616 in-

163 2636 237 2658 esse
265 2627 402 2660 mendi)
426 2629 484 2660 Fa.
529 2630 538 2646 ⁶
563 2629 691 2661 Eadem
720 2634 772 2660 est
798 2634 833 2660 et
857 2629 889 2658 in
917 2629 1042 2659 nostris
1071 2629 1225 2660 lectionis
1252 2630 1409 2660 varietas.
1455 2629 1549 2660 Unus
1574 2639 1616 2659 ex

164 2669 358 2702 melioribus
375 2671 596 2702 hortamentis.-
621 2672 709 2712 quod
727 2673 812 2710 Eug.
830 2671 997 2712 agnoscit,
1020 2676 1055 2702 et
1080 2672 1328 2712 interpretatur
1351 2673 1359 2689 ⁴
1379 2671 1620 2702 nutrimentis!

164 2711 259 2742 Idem
279 2714 478 2744 vocabulum
496 2715 528 2745 in
546 2715 705 2746 Plautum
723 2723 857 2755 quoque
873 2714 1010 2754 irrepsit
1027 2714 1129 2754 Capt.
1146 2723 1201 2745 ιιι.
1218 2717 1247 2745 4.
1265 2717 1319 2746 82.
1362 2714 1371 2730 ‘
1389 2714 1615 2745 Hortamenta

165 2753 309 2787 absunt:
336 2754 488 2797 Ajacem,
514 2757 602 2789 hunc
631 2768 706 2792 cuni
733 2757 841 2797 vides,
871 2757 979 2799 ipsum
1006 2756 1126 2789 vidcs-’
1172 2757 1280 2790 vetus
1301 2756 1409 2790 codex
1431 2757 1617 2790 Camerarii
