1966 3302
547 235 773 266 EUNUCHI
807 235 917 265 AGT.
950 235 994 263 v.
1027 234 1096 264 sc.
1131 234 1196 263 v1.
1512 222 1598 263 519

144 330 233 372 LA.
263 330 408 382 Quem
427 332 721 385 praestolare?
782 331 871 373 PA.
905 330 1052 372 Perii!
1083 330 1231 382 lingua
1251 329 1387 370 haeret
1407 331 1539 368 metu.

142 399 231 441 LA.
263 398 404 441 Hem!
451 398 558 453 quid
593 399 691 440 est?
736 398 845 452 quid
886 397 1118 452 trepidas?
1163 395 1292 438 satin’
1324 396 1475 436 salve?
1522 395 1593 436 dic

314 466 434 508 mihi.

144 533 233 574 PA.
266 532 402 583 Here,
423 533 610 587 primum
631 537 673 574 te
696 533 916 583 arbitrari,
938 533 1055 587 quod
1076 546 1145 573 res
1164 536 1244 583 est,
1266 531 1397 573 velim
1417 543 1428 581 ;

145 599 370 654 Quicquid
389 601 520 655 hujus
540 601 706 642 factum
727 605 806 651 est,
829 601 962 654 culpa
979 613 1070 641 non
1091 601 1256 641 factum
1278 605 1346 640 est
1368 611 1480 639 mea.
1540 598 1595 638 10

143 668 231 709 LA.
263 667 418 719 Quid?
478 668 566 710 PA.
599 668 739 711 Recte
762 682 866 710 sane
884 669 1194 721 interrogasti:
1225 667 1420 721 oportuit

145 734 260 776 Rem
280 748 573 790 praenarrasse
593 750 676 777 me.
737 736 858 777 Emit
876 736 1095 790 quendam
1116 735 1325 777 Phaedria

143 803 421 854 Eunuchum,
443 816 575 858 quem
597 803 711 845 dono
732 803 835 845 huic
857 804 998 845 daret.
1058 804 1144 844 LA.
1177 802 1295 844 Cui?
1357 802 1447 844 PA.
1479 803 1596 844 Tha-

312 870 391 911 idi.

143 937 230 979 LA.
262 938 403 979 Emit!
434 938 548 992 perii
568 938 744 979 hercle:
776 939 959 992 quanti?
1021 938 1108 980 PA.
1139 938 1310 990 Viginti
1332 938 1482 979 minis.

144 1005 232 1047 LA.
263 1004 424 1047 Actum
457 1011 538 1047 est.
597 1007 685 1048 PA.
716 1007 833 1047 Tum
868 1007 1087 1061 quandam
1120 1006 1344 1047 fidicinam
1375 1010 1495 1047 amat
1525 1005 1597 1046 hic

315 1073 512 1115 Chaerea.
1540 1074 1559 1114 ]
1636 1082 1639 1085 ·

144 1139 232 1181 LA.
262 1140 410 1182 Hem!
440 1141 579 1195 quid?
613 1143 763 1183 amat?
811 1155 867 1182 an
898 1142 984 1182 scit
1011 1140 1106 1195 jam
1140 1141 1228 1191 ille,
1261 1140 1369 1195 quid
1393 1076 1597 1181 meretri?

315 1208 430 1250 siet?

142 1313 261 1345 salvum
290 1316 320 1344 te
348 1313 462 1352 redire,
492 1314 576 1354 here,
603 1315 735 1354 gaudeo.
783 1315 847 1345 LA.
874 1314 974 1350 Quem
1002 1316 1167 1354 expectas?
1214 1314 1281 1345 PA.
1310 1313 1429 1344 Occidi.
1474 1314 1599 1353 Lingua

143 1357 241 1388 hoeret
264 1357 367 1396 palato
389 1366 455 1396 pra?
479 1360 572 1388 metu.
618 1358 683 1388 LA.
708 1357 791 1388 Hem
805 1357 820 1389 Ι
842 1368 897 1388 cur
917 1355 1154 1388 contremiscis?
1187 1356 1311 1387 Satisne
1325 1357 1407 1388 domi
1420 1358 1513 1388 salvae
1527 1362 1599 1388 sunt

140 1409 192 1430 res
207 1403 341 1430 nostrae?
364 1399 428 1430 Dic
446 1399 533 1430 mihi.
578 1401 644 1431 PA.
669 1400 770 1438 Here,
781 1400 916 1441 primum
931 1404 961 1431 te
975 1400 1126 1431 arbitrari
1140 1400 1232 1430 veiim
1244 1411 1255 1437 ;
1278 1400 1422 1439 quicquid
1438 1400 1527 1438 liujus
1542 1402 1600 1439 rei,

142 1443 180 1473 de
194 1452 254 1482 qua
270 1442 562 1483 quaeritur‚sactum
578 1447 634 1482 est,
650 1444 736 1484 culpa
753 1453 819 1474 mea
827 1443 953 1481 factum
970 1453 1030 1474 non
1045 1446 1103 1474 est.
1150 1443 1213 1478 LA.
1240 1442 1399 1478 Quidnam
1414 1446 1460 1473 est
1476 1447 1487 1473 ‚⁹
1532 1444 1599 1474 ΡΑ.

143 1485 241 1516 Recte
267 1485 388 1525 quidem
412 1485 635 1524 interrogasti:
658 1496 729 1518 uam
751 1490 823 1517 unte
848 1497 895 1517 me
921 1495 1064 1517 narrasse
1085 1487 1220 1526 oportuit
1245 1496 1311 1516 rem
1333 1496 1401 1527 quoe
1425 1489 1455 1516 te
1476 1486 1601 1518 absente

141 1529 256 1559 evenit.
303 1528 451 1559 Phaedm'a
478 1529 555 1559 emit
585 1529 735 1569 quendam
762 1530 957 1568 Eunuchum,
980 1539 1067 1569 quem
1096 1530 1223 1560 donaret
1251 1529 1309 1560 illi.
1355 1530 1420 1561 LA.
1447 1529 1601 1560 Catinam?

142 1570 210 1601 ΡΑ.
237 1570 358 1602 Thaidi.
403 1572 468 1602 LA.
495 1571 604 1603 Occidi
626 1582 682 1612 per
704 1571 882 1603 Herculem.
930 1572 1054 1607 Quanto
1080 1572 1202 1612 pretio?
1245 1572 1311 1602 PA.
1344 1571 1455 1603 Pretio
1482 1572 1603 1611 viginti

141 1614 305 1661 minarum.
351 1614 414 1644 LA.
438 1614 552 1645 Actum
574 1619 619 1646 est
642 1615 679 1645 de
704 1625 761 1645 me.
809 1615 872 1646 ΡΑ.
898 1616 977 1646 Tum
1001 1616 1154 1655 quandam
1180 1615 1310 1645 Chaerea
1326 1615 1494 1655 fidicinam
1515 1619 1598 1646 amat

143 1656 195 1687 hw
207 1657 289 1697 apud
307 1656 466 1689 Thaidem.
509 1658 573 1689 LA.
596 1657 704 1689 Hem!
724 1656 821 1699 quid?
844 1661 951 1689 antae?
973 1668 1014 1689 an
1029 1658 1100 1696 jam
1124 1658 1235 1688 didicit
1260 1658 1334 1698 quid
1359 1659 1401 1689 sit
1427 1659 1600 1690 meretrix?

761 1751 1004 1765 ““““““““

144 1821 189 1853 G.
212 1821 326 1852 salvom
345 1823 377 1852 te
401 1820 546 1852 advenire
565 1820 699 1859 gaudeo,
713 1819 796 1850 here.
819 1820 927 1851 WVest.
974 1819 1104 1850 Omnes
1129 1818 1248 1855 nostri,
1277 1827 1343 1849 uno
1359 1822 1520 1858 excepto,
1544 1818 1600 1847 ad-

139 1864 258 1896 venisse
273 1873 349 1895 cum
368 1863 455 1895 Edd·
473 1868 557 1894 vett.
589 1863 770 1894 Praeterea
795 1863 863 1894 duo
893 1862 1065 1894 veterrimi
1092 1867 1128 1893 et
1152 1862 1274 1892 tertius
1299 1861 1397 1892 bonae
1425 1867 1515 1891 notae
1531 1869 1599 1890 non

139 1907 265 1938 habent
279 1907 362 1940 here.
409 1907 513 1946 Lege,
546 1906 662 1937 salvom
684 1910 714 1936 te
738 1905 897 1937 advenisse
919 1907 1054 1945 gaudeo.
1100 1905 1185 1935 Mox
1211 1904 1317 1935 tertio
1344 1903 1468 1934 abhinc
1496 1912 1599 1933 versu

140 1953 151 1967 ‘
164 1948 265 1981 here’
282 1949 386 1981 babes
401 1959 409 1980 ε
435 1949 524 1990 quod
542 1950 661 1989 putide
678 1953 905 1989 repeteretur.
928 1949 1025 1980 Beut.
1069 1947 1256 1987 Advenisse]
1278 1947 1334 1978 Sic
1351 1947 1476 1977 rectius
1492 1947 1600 1977 Bent-

140 1993 238 2025 leius.
260 1993 337 2033 Rip.
381 1991 532 2023 Bentleii
548 1996 655 2023 totam
673 1992 752 2023 lect.
769 1992 850 2022 dant
868 1992 928 2022 ΒΓ.
945 1991 1047 2022 Both.
1063 1996 1099 2022 et
1113 1991 1208 2022 Perl.
1224 1990 1282 2031 qui
1297 1994 1412 2020 monet
1426 1989 1597 2027 advenisse,

140 2035 212 2067 here
241 2035 324 2066 dare
348 2033 466 2066 Guelf.
493 2037 525 2067 2.
560 2035 656 2066 Hem.
680 2035 874 2075 Delph.—-8
899 2034 984 2070 Quid
1009 2037 1078 2065 est?
1125 2033 1205 2074 qnid
1231 2033 1369 2072 trepidas
1381 2031 1407 2072 ?]
1443 2031 1500 2063 Ita
1528 2036 1598 2062 tres

141 2078 262 2109 Leidd.
278 2083 314 2109 et
330 2078 478 2108 Boecleri
493 2087 621 2108 omnes.
658 2076 726 2108 Alii
737 2078 899 2118 junctim,
920 2077 1005 2112 Quid
1020 2080 1080 2114 est,
1095 2078 1174 2116 quod
1189 2074 1352 2116 trepidas?
1376 2074 1478 2105 Satiu’
1494 2075 1600 2105 salve?

141 2121 200 2153 Ita
214 2122 283 2152 Do.
300 2120 360 2151 sed
372 2124 408 2151 et
422 2120 506 2151 Mss.
524 2125 558 2152 et
570 2120 653 2152 editi
667 2121 816 2161 quidam.
840 2121 906 2151 Ms.
922 2121 1016 2160 Lips.
1041 2120 1125 2155 Quid
1140 2123 1174 2150 tu
1194 2117 1358 2158 trepidas?
1380 2118 1436 2149 Ita
1451 2122 1486 2148 et
1501 2117 1600 2149 Leid.

139 2174 243 2195 uuus:
259 2173 343 2194 uuus
359 2172 452 2201 vero,
470 2163 555 2198 Quid
570 2166 626 2201 est,
642 2165 720 2203 quod
736 2167 770 2193 tu
786 2164 946 2204 trepidas?
969 2163 1009 2193 In
1025 2163 1098 2192 aliis
1114 2167 1165 2192 est
1177 2161 1280 2192 salvoe.
1305 2161 1361 2192 Ita
1378 2161 1491 2191 Livius
1509 2170 1534 2191 1.
1546 2162 1598 2190 58.

142 2211 178 2239 et
191 2215 250 2239 xx..
266 2209 298 2238 8.
329 2206 371 2237 In
388 2206 461 2236 aliis
475 2207 569 2237 salve.
615 2205 671 2236 Ita
686 2206 829 2237 Plautus
844 2211 880 2237 et
894 2206 1074 2236 Sallustius
1091 2205 1226 2235 Donato
1239 2204 1349 2235 citati.
1379 2204 1482 2236 West.
1530 2202 1599 2243 Ap-

140 2260 232 2291 pone
247 2251 256 2267 ‘
274 2249 366 2281 Hem
380 2248 388 2262 ’
413 2249 524 2279 versui
540 2248 662 2289 priori:
696 2253 733 2280 et
757 2250 845 2288 lege,
876 2249 963 2285 Quid
983 2251 1040 2287 est,
1055 2248 1131 2288 quod
1147 2251 1181 2277 tu
1197 2245 1359 2288 trepidus?
1397 2247 1444 2277 Tu
1469 2246 1599 2276 habent

139 2293 249 2324 nostri
278 2292 433 2333 plerique
464 2301 592 2322 omnes,
628 2291 725 2323 Bene.
785 2291 888 2322 Salvoe
918 2291 1000 2322 Par.
1029 2291 1082 2321 ed.
1119 2290 1208 2320 Perl.
1261 2290 1318 2320 Sic
1345 2289 1467 2330 Delph.
1496 2289 1598 2319 Both.

143 2336 229 2372 Quid
243 2339 302 2374 est,
317 2336 396 2376 quod
412 2335 548 2375 trepidas
562 2334 665 2365 Both.
714 2334 799 2369 Quid
814 2337 859 2365 est
874 2335 953 2374 quod
969 2338 1002 2364 tu
1014 2333 1152 2374 trepidas
1169 2333 1229 2364 ΒΓ.
1277 2333 1286 2349 ‘
1305 2332 1395 2363 Hem
1407 2332 1415 2345 '
1436 2332 1598 2373 rejiciunt

139 2379 174 2410 in
190 2388 324 2410 versum
340 2381 370 2409 7.
394 2378 472 2418 Bip.
490 2377 657 2408 Both.—9
679 2377 763 2408 Mss.
778 2382 814 2408 et
832 2377 909 2408 edd.
929 2381 1010 2408 vett.
1027 2376 1177 2417 qnidam,
1193 2376 1226 2406 id
1251 2376 1330 2415 quod
1345 2384 1395 2405 res
1409 2379 1467 2405 est.
1492 2375 1598 2405 West.

140 2421 302 2463 Plerique
317 2430 360 2452 ex
375 2420 498 2451 nostris
511 2420 545 2450 id
560 2421 638 2460 quod
653 2429 681 2450 r.
696 2431 722 2451 e.
747 2420 849 2451 Bent.
896 2420 934 2450 Id
951 2420 1034 2450 dant
1049 2419 1108 2450 ΒΓ.
1127 2420 1230 2449 Bent.
1247 2418 1375 2458 Delpli.
1400 2418 1477 2458 Bip.
1494 2417 1598 2448 Both.

141 2465 324 2496 Per1.—10
351 2463 457 2502 Hujus
471 2463 614 2503 quicquid
629 2463 815 2494 Rom—11
843 2463 929 2498 Quid
941 2462 973 2493 id
988 2465 1033 2493 est
1050 2460 1164 2493 Guelf.
1180 2464 1300 2492 2.-12
1325 2461 1532 2491 Praenarrare
1544 2460 1596 2491 M.

145 2507 250 2538 West.
291 2506 348 2538 Sic
364 2505 480 2537 Guelf.
497 2508 613 2536 2.-15
639 2507 793 2545 Repone,
819 2509 903 2536 amat
923 2505 1016 2536 hinc:
1051 2504 1085 2535 id
1113 2509 1177 2543 est,
1196 2503 1315 2534 eadem
1331 2504 1468 2534 Thaidis
1483 2502 1596 2533 domo.

140 2550 237 2582 Bent.
282 2549 370 2581 Hinc
394 2549 498 2580 Bent.
515 2554 618 2580 recte.
642 2548 729 2579 Perl.
756 2549 814 2589 qui
840 2548 873 2579 id
892 2548 949 2579 dat
965 2558 1041 2579 cum
1059 2548 1247 2579 Bot11.-—16
1261 2544 1465 2587 Hem,quicl?
1487 2544 1599 2577 amat?

796 2633 940 2665 NOTAE

183 2703 204 2732 9
230 2700 274 2731 Te
295 2698 458 2736 arbitrari,
472 2698 552 2738 quod
578 2707 628 2729 res
653 2701 711 2738 ese,
732 2697 840 2738 velim]
894 2698 1044 2730 turbatio
1068 2698 1215 2730 animum
1245 2697 1334 2729 male
1357 2696 1529 2728 conscitun
1545 2705 1597 2727 ar·

138 2750 183 2781 Se
201 2751 371 2781 Parmeno
394 2753 534 2780 excusat
550 2753 586 2779 et
608 2753 731 2793 purgat
747 2754 838 2780 ante·
895 2749 978 2791 guit.

141 2809 239 2842 quam
254 2803 453 2838 accusetur3
477 2808 551 2840 quae
574 2799 737 2831 orationis
763 2808 838 2840 per-
