<?xml version="1.0" encoding="UTF-8"?>
<!DOCTYPE html PUBLIC "-//W3C//DTD XHTML 1.0 Transitional//EN"
    "http://www.w3.org/TR/xhtml1/DTD/xhtml1-transitional.dtd">
<html xmlns="http://www.w3.org/1999/xhtml" xml:lang="en" lang="en">
 <head>
  <title>
</title>
<meta http-equiv="Content-Type" content="text/html;charset=utf-8" />
  <meta name='ocr-system' content='tesseract 3.04.00' />
  <meta name='ocr-capabilities' content='ocr_page ocr_carea ocr_par ocr_line ocrx_word'/>
</head>
<body>
  <div class='ocr_page' id='page_1' title='image "./pubterentiiafric02tereuoft/pubterentiiafric02tereuoft_0249.png"; bbox 0 0 1966 3302; ppageno 0'>
   <div class='ocr_carea' id='block_1_1' title="bbox 501 256 1613 298">
    <p class='ocr_par' dir='ltr' id='par_1_1' title="bbox 501 256 1613 298">
     <span class='ocr_line' id='line_1_1' title="bbox 501 256 1613 298; baseline 0.003 -3"><span class='ocrx_word' id='word_1_1' title='bbox 501 265 852 296; x_wconf 76' lang='lat' dir='ltr'>ADELPHORUM</span> <span class='ocrx_word' id='word_1_2' title='bbox 887 266 997 296; x_wconf 70' lang='lat' dir='ltr'>Ac&#39;r.</span> <span class='ocrx_word' id='word_1_3' title='bbox 1030 266 1096 296; x_wconf 83' lang='lat' dir='ltr'>1v.</span> <span class='ocrx_word' id='word_1_4' title='bbox 1128 266 1198 296; x_wconf 85' lang='lat' dir='ltr'>so.</span> <span class='ocrx_word' id='word_1_5' title='bbox 1230 267 1282 296; x_wconf 91' lang='lat'>11.</span> <span class='ocrx_word' id='word_1_6' title='bbox 1526 256 1613 298; x_wconf 74' lang='lat'>739</span> 
     </span>
    </p>
   </div>
   <div class='ocr_carea' id='block_1_2' title="bbox 162 361 1616 551">
    <p class='ocr_par' dir='ltr' id='par_1_2' title="bbox 162 361 1616 551">
     <span class='ocr_line' id='line_1_2' title="bbox 162 361 1610 426; baseline -0.003 -20"><span class='ocrx_word' id='word_1_7' title='bbox 162 365 245 406; x_wconf 87' lang='lat' dir='ltr'>SY.</span> <span class='ocrx_word' id='word_1_8' title='bbox 277 362 416 414; x_wconf 85' lang='lat' dir='ltr'>Quid,</span> <span class='ocrx_word' id='word_1_9' title='bbox 439 361 626 403; x_wconf 85' lang='lat' dir='ltr'>malum!</span> <span class='ocrx_word' id='word_1_10' title='bbox 657 363 777 426; x_wconf 72' lang='lat' dir='ltr'>bone</span> <span class='ocrx_word' id='word_1_11' title='bbox 796 362 878 412; x_wconf 89' lang='lat' dir='ltr'>vir,</span> <span class='ocrx_word' id='word_1_12' title='bbox 912 362 1018 403; x_wconf 90' lang='lat' dir='ltr'>mihi</span> <span class='ocrx_word' id='word_1_13' title='bbox 1038 362 1223 403; x_wconf 74' lang='lat' dir='ltr'>narras?</span> <span class='ocrx_word' id='word_1_14' title='bbox 1256 361 1463 416; x_wconf 85' lang='lat' dir='ltr'>equidem</span> <span class='ocrx_word' id='word_1_15' title='bbox 1484 363 1610 417; x_wconf 86' lang='lat' dir='ltr'>perii.</span> 
     </span>
     <span class='ocr_line' id='line_1_3' title="bbox 333 423 800 480; baseline -0.002 -9"><span class='ocrx_word' id='word_1_16' title='bbox 333 431 422 472; x_wconf 86' lang='lat' dir='ltr'>DE.</span> <span class='ocrx_word' id='word_1_17' title='bbox 455 429 576 480; x_wconf 86' lang='lat' dir='ltr'>Quid</span> <span class='ocrx_word' id='word_1_18' title='bbox 597 430 680 470; x_wconf 89' lang='lat' dir='ltr'>tibi</span> <span class='ocrx_word' id='word_1_19' title='bbox 700 423 800 471; x_wconf 59' lang='lat' dir='ltr'>est‘?</span> 
     </span>
     <span class='ocr_line' id='line_1_4' title="bbox 163 497 1616 551; baseline -0.001 -12"><span class='ocrx_word' id='word_1_20' title='bbox 163 499 247 540; x_wconf 83' lang='lat' dir='ltr'>SY.</span> <span class='ocrx_word' id='word_1_21' title='bbox 279 498 497 551; x_wconf 70' lang='lat' dir='ltr'>Rogitas?</span> <span class='ocrx_word' id='word_1_22' title='bbox 578 497 795 551; x_wconf 83' lang='lat' dir='ltr'>Ctesipho</span> <span class='ocrx_word' id='word_1_23' title='bbox 836 510 906 538; x_wconf 91' lang='lat' dir='ltr'>me</span> <span class='ocrx_word' id='word_1_24' title='bbox 947 497 1109 551; x_wconf 88' lang='lat' dir='ltr'>pugnis</span> <span class='ocrx_word' id='word_1_25' title='bbox 1148 498 1368 548; x_wconf 84' lang='lat' dir='ltr'>miserum,</span> <span class='ocrx_word' id='word_1_26' title='bbox 1406 502 1451 539; x_wconf 88' lang='lat' dir='ltr'>et</span> <span class='ocrx_word' id='word_1_27' title='bbox 1484 497 1616 539; x_wconf 83' lang='lat' dir='ltr'>istam</span> 
     </span>
    </p>
   </div>
   <div class='ocr_carea' id='block_1_3' title="bbox 163 565 1619 751">
    <p class='ocr_par' dir='ltr' id='par_1_3' title="bbox 163 565 1619 751">
     <span class='ocr_line' id='line_1_5' title="bbox 333 565 582 618; baseline -0.008 -12"><span class='ocrx_word' id='word_1_28' title='bbox 333 565 582 618; x_wconf 83' lang='lat' dir='ltr'>psaltriam,</span> 
     </span>
     <span class='ocr_line' id='line_1_6' title="bbox 163 630 1615 687; baseline -0.001 -12"><span class='ocrx_word' id='word_1_29' title='bbox 163 632 320 687; x_wconf 87' lang='lat' dir='ltr'>Usque</span> <span class='ocrx_word' id='word_1_30' title='bbox 360 632 536 674; x_wconf 86' lang='lat' dir='ltr'>occidit.</span> <span class='ocrx_word' id='word_1_31' title='bbox 627 631 718 673; x_wconf 85' lang='lat' dir='ltr'>DE.</span> <span class='ocrx_word' id='word_1_32' title='bbox 752 630 894 672; x_wconf 87' lang='lat' dir='ltr'>Hem!</span> <span class='ocrx_word' id='word_1_33' title='bbox 940 630 1048 684; x_wconf 92' lang='lat' dir='ltr'>quid</span> <span class='ocrx_word' id='word_1_34' title='bbox 1086 632 1273 673; x_wconf 76' lang='lat' dir='ltr'>narras?</span> <span class='ocrx_word' id='word_1_35' title='bbox 1353 632 1438 674; x_wconf 88' lang='lat' dir='ltr'>SY.</span> <span class='ocrx_word' id='word_1_36' title='bbox 1472 631 1615 673; x_wconf 80' lang='lat' dir='ltr'>Hem!</span> 
     </span>
     <span class='ocr_line' id='line_1_7' title="bbox 334 699 1619 751; baseline -0.001 -9"><span class='ocrx_word' id='word_1_37' title='bbox 334 701 450 751; x_wconf 90' lang='lat' dir='ltr'>vide,</span> <span class='ocrx_word' id='word_1_38' title='bbox 470 709 518 742; x_wconf 86' lang='lat' dir='ltr'>ut</span> <span class='ocrx_word' id='word_1_39' title='bbox 537 699 721 741; x_wconf 87' lang='lat' dir='ltr'>discidit</span> <span class='ocrx_word' id='word_1_40' title='bbox 739 700 922 740; x_wconf 84' lang='lat' dir='ltr'>labrum.</span> <span class='ocrx_word' id='word_1_41' title='bbox 1560 701 1619 741; x_wconf 79' lang='lat'>&#39;20</span> 
     </span>
    </p>
   </div>
   <div class='ocr_carea' id='block_1_4' title="bbox 165 766 1623 1309">
    <p class='ocr_par' dir='ltr' id='par_1_4' title="bbox 165 766 1618 877">
     <span class='ocr_line' id='line_1_8' title="bbox 165 766 1618 819; baseline -0.001 -9"><span class='ocrx_word' id='word_1_42' title='bbox 165 769 255 810; x_wconf 81' lang='lat' dir='ltr'>DE.</span> <span class='ocrx_word' id='word_1_43' title='bbox 287 767 617 818; x_wconf 69' lang='lat' dir='ltr'>Quamobrem?</span> <span class='ocrx_word' id='word_1_44' title='bbox 693 767 780 808; x_wconf 82' lang='lat' dir='ltr'>SY.</span> <span class='ocrx_word' id='word_1_45' title='bbox 808 766 885 807; x_wconf 88' lang='lat' dir='ltr'>Me</span> <span class='ocrx_word' id='word_1_46' title='bbox 920 766 1156 819; x_wconf 87' lang='lat' dir='ltr'>impulsore</span> <span class='ocrx_word' id='word_1_47' title='bbox 1186 767 1297 807; x_wconf 85' lang='lat' dir='ltr'>hanc</span> <span class='ocrx_word' id='word_1_48' title='bbox 1324 770 1485 808; x_wconf 83' lang='lat' dir='ltr'>emtam</span> <span class='ocrx_word' id='word_1_49' title='bbox 1520 780 1618 809; x_wconf 89' lang='lat' dir='ltr'>esse</span> 
     </span>
     <span class='ocr_line' id='line_1_9' title="bbox 335 834 1258 877; baseline -0.003 -1"><span class='ocrx_word' id='word_1_50' title='bbox 335 837 408 877; x_wconf 86' lang='lat' dir='ltr'>ait.</span> <span class='ocrx_word' id='word_1_51' title='bbox 471 836 561 876; x_wconf 87' lang='lat' dir='ltr'>DE.</span> <span class='ocrx_word' id='word_1_52' title='bbox 593 835 698 876; x_wconf 92' lang='lat' dir='ltr'>Non</span> <span class='ocrx_word' id='word_1_53' title='bbox 721 840 768 874; x_wconf 94' lang='lat' dir='ltr'>tu</span> <span class='ocrx_word' id='word_1_54' title='bbox 790 847 887 874; x_wconf 90' lang='lat' dir='ltr'>eum</span> <span class='ocrx_word' id='word_1_55' title='bbox 907 848 980 874; x_wconf 89' lang='lat' dir='ltr'>rus</span> <span class='ocrx_word' id='word_1_56' title='bbox 1003 834 1104 874; x_wconf 87' lang='lat' dir='ltr'>hinc</span> <span class='ocrx_word' id='word_1_57' title='bbox 1125 834 1258 874; x_wconf 90' lang='lat' dir='ltr'>modo</span> 
     </span>
    </p>

    <p class='ocr_par' dir='ltr' id='par_1_5' title="bbox 165 901 1620 1010">
     <span class='ocr_line' id='line_1_10' title="bbox 165 901 1620 954; baseline -0.001 -11"><span class='ocrx_word' id='word_1_58' title='bbox 165 901 376 944; x_wconf 82' lang='lat' dir='ltr'>Produxe</span> <span class='ocrx_word' id='word_1_59' title='bbox 412 903 597 944; x_wconf 67' lang='lat' dir='ltr'>aiebas?</span> <span class='ocrx_word' id='word_1_60' title='bbox 659 903 743 943; x_wconf 91' lang='grc' dir='ltr'>ΞΥ.</span> <span class='ocrx_word' id='word_1_61' title='bbox 775 901 987 943; x_wconf 83' lang='lat' dir='ltr'>Factum:</span> <span class='ocrx_word' id='word_1_62' title='bbox 1029 914 1183 942; x_wconf 89' lang='lat' dir='ltr'>verum</span> <span class='ocrx_word' id='word_1_63' title='bbox 1215 901 1336 942; x_wconf 89' lang='lat' dir='ltr'>venit</span> <span class='ocrx_word' id='word_1_64' title='bbox 1366 905 1468 954; x_wconf 89' lang='lat' dir='ltr'>post</span> <span class='ocrx_word' id='word_1_65' title='bbox 1499 902 1620 942; x_wconf 84' lang='lat' dir='ltr'>insa—</span> 
     </span>
     <span class='ocr_line' id='line_1_11' title="bbox 335 971 484 1010; baseline -0.007 0"><span class='ocrx_word' id='word_1_66' title='bbox 335 971 484 1010; x_wconf 86' lang='lat' dir='ltr'>niens:</span> 
     </span>
    </p>

    <p class='ocr_par' dir='ltr' id='par_1_6' title="bbox 165 1035 1563 1092">
     <span class='ocr_line' id='line_1_12' title="bbox 165 1035 1563 1092; baseline -0.001 -12"><span class='ocrx_word' id='word_1_67' title='bbox 165 1037 292 1080; x_wconf 90' lang='lat' dir='ltr'>Nihil</span> <span class='ocrx_word' id='word_1_68' title='bbox 311 1038 538 1092; x_wconf 77' lang='lat' dir='ltr'>pepercit-t</span> <span class='ocrx_word' id='word_1_69' title='bbox 571 1050 658 1078; x_wconf 88' lang='lat' dir='ltr'>non</span> <span class='ocrx_word' id='word_1_70' title='bbox 677 1036 890 1090; x_wconf 87' lang='lat' dir='ltr'>puduisse</span> <span class='ocrx_word' id='word_1_71' title='bbox 910 1037 1139 1078; x_wconf 80' lang='lat' dir='ltr'>verberare</span> <span class='ocrx_word' id='word_1_72' title='bbox 1159 1035 1379 1076; x_wconf 88' lang='lat' dir='ltr'>hominem</span> <span class='ocrx_word' id='word_1_73' title='bbox 1399 1048 1563 1088; x_wconf 89' lang='lat' dir='ltr'>senem,</span> 
     </span>
    </p>

    <p class='ocr_par' dir='ltr' id='par_1_7' title="bbox 166 1093 1618 1213">
     <span class='ocr_line' id='line_1_13' title="bbox 166 1093 1618 1160; baseline 0 -13"><span class='ocrx_word' id='word_1_74' title='bbox 166 1106 310 1157; x_wconf 82' lang='lat' dir='ltr'>Quem</span> <span class='ocrx_word' id='word_1_75' title='bbox 345 1119 425 1159; x_wconf 83' lang='lat' dir='ltr'>ego</span> <span class='ocrx_word' id='word_1_76' title='bbox 465 1093 597 1146; x_wconf 64' lang='lat' dir='ltr'>mddo</span> <span class='ocrx_word' id='word_1_77' title='bbox 636 1118 820 1160; x_wconf 85' lang='lat' dir='ltr'>puerum</span> <span class='ocrx_word' id='word_1_78' title='bbox 860 1104 1081 1145; x_wconf 85' lang='lat' dir='ltr'>tantillum</span> <span class='ocrx_word' id='word_1_79' title='bbox 1115 1105 1161 1144; x_wconf 90' lang='lat' dir='ltr'>in</span> <span class='ocrx_word' id='word_1_80' title='bbox 1199 1104 1405 1145; x_wconf 84' lang='lat' dir='ltr'>manibus</span> <span class='ocrx_word' id='word_1_81' title='bbox 1444 1106 1618 1158; x_wconf 81' lang='lat' dir='ltr'>gestavi</span> 
     </span>
     <span class='ocr_line' id='line_1_14' title="bbox 337 1163 1585 1213; baseline 0 -1"><span class='ocrx_word' id='word_1_82' title='bbox 337 1173 446 1213; x_wconf 87' lang='lat' dir='ltr'>meis</span> <span class='ocrx_word' id='word_1_83' title='bbox 459 1173 477 1213; x_wconf 68' lang='grc' dir='ltr'>’ἔ</span> <span class='ocrx_word' id='word_1_84' title='bbox 1478 1163 1585 1177; x_wconf 35' lang='lat' dir='ltr'>mm*</span> 
     </span>
    </p>

    <p class='ocr_par' dir='ltr' id='par_1_8' title="bbox 169 1238 1623 1309">
     <span class='ocr_line' id='line_1_15' title="bbox 169 1238 1623 1309; baseline -0.001 -25"><span class='ocrx_word' id='word_1_85' title='bbox 169 1242 260 1284; x_wconf 84' lang='lat' dir='ltr'>DE.</span> <span class='ocrx_word' id='word_1_86' title='bbox 291 1239 461 1291; x_wconf 86' lang='lat' dir='ltr'>Laudo,</span> <span class='ocrx_word' id='word_1_87' title='bbox 483 1238 711 1293; x_wconf 86' lang='lat' dir='ltr'>Ctesipho:</span> <span class='ocrx_word' id='word_1_88' title='bbox 744 1239 989 1309; x_wconf 42' lang='lat' dir='ltr'>patrissans:</span> <span class='ocrx_word' id='word_1_89' title='bbox 1020 1238 1109 1289; x_wconf 84' lang='lat' dir='ltr'>abi,</span> <span class='ocrx_word' id='word_1_90' title='bbox 1129 1238 1271 1279; x_wconf 85' lang='lat' dir='ltr'>virum</span> <span class='ocrx_word' id='word_1_91' title='bbox 1289 1244 1334 1280; x_wconf 88' lang='lat' dir='ltr'>te</span> <span class='ocrx_word' id='word_1_92' title='bbox 1347 1238 1520 1293; x_wconf 82' lang='lat' dir='ltr'>judico.</span> <span class='ocrx_word' id='word_1_93' title='bbox 1565 1239 1623 1281; x_wconf 78' lang='lat'>25</span> 
     </span>
    </p>
   </div>
   <div class='ocr_carea' id='block_1_5' title="bbox 167 1369 1629 1758">
    <p class='ocr_par' dir='ltr' id='par_1_9' title="bbox 167 1369 1629 1758">
     <span class='ocr_line' id='line_1_16' title="bbox 167 1369 1625 1416; baseline -0.003 -12"><span class='ocrx_word' id='word_1_94' title='bbox 167 1373 307 1406; x_wconf 86' lang='lat' dir='ltr'>malum!</span> <span class='ocrx_word' id='word_1_95' title='bbox 336 1384 383 1406; x_wconf 89' lang='lat' dir='ltr'>me</span> <span class='ocrx_word' id='word_1_96' title='bbox 410 1375 545 1416; x_wconf 83' lang='lat' dir='ltr'>appellas</span> <span class='ocrx_word' id='word_1_97' title='bbox 566 1383 634 1404; x_wconf 85' lang='lat' dir='ltr'>cum</span> <span class='ocrx_word' id='word_1_98' title='bbox 659 1373 707 1404; x_wconf 80' lang='lat' dir='ltr'>his</span> <span class='ocrx_word' id='word_1_99' title='bbox 736 1371 849 1409; x_wconf 78' lang='lat' dir='ltr'>verbis,</span> <span class='ocrx_word' id='word_1_100' title='bbox 874 1371 964 1402; x_wconf 84' lang='lat' dir='ltr'>Bone</span> <span class='ocrx_word' id='word_1_101' title='bbox 989 1371 1062 1402; x_wconf 74' lang='lat' dir='ltr'>vir?</span> <span class='ocrx_word' id='word_1_102' title='bbox 1107 1370 1260 1411; x_wconf 83' lang='lat' dir='ltr'>Equidem</span> <span class='ocrx_word' id='word_1_103' title='bbox 1289 1370 1397 1401; x_wconf 81' lang='lat' dir='ltr'>occidi.</span> <span class='ocrx_word' id='word_1_104' title='bbox 1443 1370 1515 1400; x_wconf 71' lang='lat' dir='ltr'>DE.</span> <span class='ocrx_word' id='word_1_105' title='bbox 1540 1369 1625 1405; x_wconf 75' lang='lat' dir='ltr'>Quid</span> 
     </span>
     <span class='ocr_line' id='line_1_17' title="bbox 167 1413 1623 1457; baseline -0.005 -8"><span class='ocrx_word' id='word_1_106' title='bbox 167 1416 325 1457; x_wconf 74' lang='lat' dir='ltr'>quereris?</span> <span class='ocrx_word' id='word_1_107' title='bbox 367 1418 428 1448; x_wconf 90' lang='grc' dir='ltr'>ΞΥ.</span> <span class='ocrx_word' id='word_1_108' title='bbox 453 1417 558 1456; x_wconf 72' lang='lat' dir='ltr'>Rogas</span> <span class='ocrx_word' id='word_1_109' title='bbox 573 1416 645 1456; x_wconf 78' lang='lat' dir='ltr'>quid</span> <span class='ocrx_word' id='word_1_110' title='bbox 656 1418 790 1456; x_wconf 80' lang='lat' dir='ltr'>querar?</span> <span class='ocrx_word' id='word_1_111' title='bbox 829 1414 975 1452; x_wconf 77' lang='lat' dir='ltr'>Ctesipho</span> <span class='ocrx_word' id='word_1_112' title='bbox 990 1424 1036 1444; x_wconf 86' lang='lat' dir='ltr'>me</span> <span class='ocrx_word' id='word_1_113' title='bbox 1049 1414 1165 1453; x_wconf 80' lang='lat' dir='ltr'>pugnis</span> <span class='ocrx_word' id='word_1_114' title='bbox 1179 1415 1337 1453; x_wconf 81' lang='lat' dir='ltr'>miserum,</span> <span class='ocrx_word' id='word_1_115' title='bbox 1352 1418 1382 1445; x_wconf 86' lang='lat' dir='ltr'>et</span> <span class='ocrx_word' id='word_1_116' title='bbox 1404 1413 1499 1444; x_wconf 84' lang='lat' dir='ltr'>istam</span> <span class='ocrx_word' id='word_1_117' title='bbox 1514 1413 1623 1454; x_wconf 80' lang='lat' dir='ltr'>fidici-</span> 
     </span>
     <span class='ocr_line' id='line_1_18' title="bbox 167 1455 1627 1500; baseline -0.003 -9"><span class='ocrx_word' id='word_1_118' title='bbox 167 1470 238 1491; x_wconf 90' lang='lat' dir='ltr'>nam</span> <span class='ocrx_word' id='word_1_119' title='bbox 253 1470 345 1500; x_wconf 78' lang='lat' dir='ltr'>usque</span> <span class='ocrx_word' id='word_1_120' title='bbox 359 1460 497 1491; x_wconf 79' lang='lat' dir='ltr'>contudit</span> <span class='ocrx_word' id='word_1_121' title='bbox 513 1463 542 1490; x_wconf 85' lang='lat' dir='ltr'>et</span> <span class='ocrx_word' id='word_1_122' title='bbox 566 1469 653 1499; x_wconf 82' lang='lat' dir='ltr'>poene</span> <span class='ocrx_word' id='word_1_123' title='bbox 677 1458 835 1489; x_wconf 80' lang='lat' dir='ltr'>conscidit.</span> <span class='ocrx_word' id='word_1_124' title='bbox 880 1458 947 1488; x_wconf 83' lang='lat' dir='ltr'>DE.</span> <span class='ocrx_word' id='word_1_125' title='bbox 974 1456 1082 1487; x_wconf 89' lang='lat' dir='ltr'>Hem!</span> <span class='ocrx_word' id='word_1_126' title='bbox 1105 1457 1179 1494; x_wconf 81' lang='lat' dir='ltr'>quid</span> <span class='ocrx_word' id='word_1_127' title='bbox 1201 1457 1270 1488; x_wconf 81' lang='lat' dir='ltr'>ais?</span> <span class='ocrx_word' id='word_1_128' title='bbox 1313 1457 1375 1488; x_wconf 85' lang='lat' dir='ltr'>SY.</span> <span class='ocrx_word' id='word_1_129' title='bbox 1403 1455 1497 1494; x_wconf 86' lang='lat' dir='ltr'>Hem,</span> <span class='ocrx_word' id='word_1_130' title='bbox 1511 1455 1627 1496; x_wconf 82' lang='lat' dir='ltr'>aspice,</span> 
     </span>
     <span class='ocr_line' id='line_1_19' title="bbox 167 1498 1625 1545; baseline -0.003 -12"><span class='ocrx_word' id='word_1_131' title='bbox 167 1506 203 1533; x_wconf 79' lang='lat' dir='ltr'>ut</span> <span class='ocrx_word' id='word_1_132' title='bbox 217 1503 330 1545; x_wconf 73' lang='lat' dir='ltr'>diffidit</span> <span class='ocrx_word' id='word_1_133' title='bbox 345 1504 423 1534; x_wconf 83' lang='lat' dir='ltr'>mihi</span> <span class='ocrx_word' id='word_1_134' title='bbox 438 1503 566 1534; x_wconf 80' lang='lat' dir='ltr'>labrum.</span> <span class='ocrx_word' id='word_1_135' title='bbox 609 1502 676 1532; x_wconf 81' lang='lat' dir='ltr'>DE.</span> <span class='ocrx_word' id='word_1_136' title='bbox 704 1501 775 1536; x_wconf 84' lang='lat' dir='ltr'>Qua</span> <span class='ocrx_word' id='word_1_137' title='bbox 798 1501 834 1530; x_wconf 80' lang='lat' dir='ltr'>de</span> <span class='ocrx_word' id='word_1_138' title='bbox 855 1503 966 1530; x_wconf 78' lang='lat' dir='ltr'>causa?</span> <span class='ocrx_word' id='word_1_139' title='bbox 1010 1500 1070 1529; x_wconf 86' lang='grc' dir='ltr'>ΞΥ.</span> <span class='ocrx_word' id='word_1_140' title='bbox 1095 1499 1151 1530; x_wconf 82' lang='lat' dir='ltr'>Me</span> <span class='ocrx_word' id='word_1_141' title='bbox 1166 1509 1288 1530; x_wconf 79' lang='lat' dir='ltr'>suasore</span> <span class='ocrx_word' id='word_1_142' title='bbox 1304 1499 1444 1540; x_wconf 82' lang='lat' dir='ltr'>queritur</span> <span class='ocrx_word' id='word_1_143' title='bbox 1459 1498 1537 1529; x_wconf 79' lang='lat' dir='ltr'>hanc</span> <span class='ocrx_word' id='word_1_144' title='bbox 1552 1498 1625 1536; x_wconf 82' lang='lat' dir='ltr'>fra-</span> 
     </span>
     <span class='ocr_line' id='line_1_20' title="bbox 167 1541 1628 1586; baseline -0.003 -10"><span class='ocrx_word' id='word_1_145' title='bbox 167 1549 247 1577; x_wconf 85' lang='lat' dir='ltr'>trem</span> <span class='ocrx_word' id='word_1_146' title='bbox 261 1555 462 1586; x_wconf 75' lang='lat' dir='ltr'>comparasse.</span> <span class='ocrx_word' id='word_1_147' title='bbox 510 1545 574 1575; x_wconf 80' lang='lat' dir='ltr'>DE.</span> <span class='ocrx_word' id='word_1_148' title='bbox 599 1545 711 1575; x_wconf 79' lang='lat' dir='ltr'>Nonne</span> <span class='ocrx_word' id='word_1_149' title='bbox 734 1547 770 1574; x_wconf 78' lang='lat' dir='ltr'>tu</span> <span class='ocrx_word' id='word_1_150' title='bbox 784 1543 871 1573; x_wconf 79' lang='lat' dir='ltr'>modo</span> <span class='ocrx_word' id='word_1_151' title='bbox 891 1552 959 1573; x_wconf 83' lang='lat' dir='ltr'>eum</span> <span class='ocrx_word' id='word_1_152' title='bbox 983 1541 1053 1572; x_wconf 80' lang='lat' dir='ltr'>hinc</span> <span class='ocrx_word' id='word_1_153' title='bbox 1068 1543 1108 1573; x_wconf 85' lang='lat' dir='ltr'>ad</span> <span class='ocrx_word' id='word_1_154' title='bbox 1130 1543 1235 1572; x_wconf 76' lang='lat' dir='ltr'>villam</span> <span class='ocrx_word' id='word_1_155' title='bbox 1261 1543 1438 1573; x_wconf 81' lang='lat' dir='ltr'>comitatum</span> <span class='ocrx_word' id='word_1_156' title='bbox 1463 1541 1628 1572; x_wconf 79' lang='lat' dir='ltr'>deduxisse</span> 
     </span>
     <span class='ocr_line' id='line_1_21' title="bbox 167 1584 1627 1626; baseline -0.003 -7"><span class='ocrx_word' id='word_1_157' title='bbox 167 1588 299 1620; x_wconf 79' lang='lat' dir='ltr'>aiebas?</span> <span class='ocrx_word' id='word_1_158' title='bbox 341 1589 404 1619; x_wconf 82' lang='lat' dir='ltr'>SY.</span> <span class='ocrx_word' id='word_1_159' title='bbox 426 1589 480 1619; x_wconf 83' lang='lat' dir='ltr'>Ita</span> <span class='ocrx_word' id='word_1_160' title='bbox 502 1591 568 1618; x_wconf 79' lang='lat' dir='ltr'>est.-</span> <span class='ocrx_word' id='word_1_161' title='bbox 591 1591 623 1617; x_wconf 87' lang='lat' dir='ltr'>at</span> <span class='ocrx_word' id='word_1_162' title='bbox 639 1587 722 1618; x_wconf 75' lang='lat' dir='ltr'>venit</span> <span class='ocrx_word' id='word_1_163' title='bbox 745 1589 811 1626; x_wconf 85' lang='lat' dir='ltr'>post</span> <span class='ocrx_word' id='word_1_164' title='bbox 823 1585 954 1622; x_wconf 82' lang='lat' dir='ltr'>furens:</span> <span class='ocrx_word' id='word_1_165' title='bbox 978 1585 1093 1615; x_wconf 82' lang='lat' dir='ltr'>nullam</span> <span class='ocrx_word' id='word_1_166' title='bbox 1120 1585 1271 1616; x_wconf 80' lang='lat' dir='ltr'>rationem</span> <span class='ocrx_word' id='word_1_167' title='bbox 1297 1585 1358 1615; x_wconf 85' lang='lat' dir='ltr'>mei</span> <span class='ocrx_word' id='word_1_168' title='bbox 1380 1584 1506 1615; x_wconf 84' lang='lat' dir='ltr'>habuit:</span> <span class='ocrx_word' id='word_1_169' title='bbox 1528 1593 1627 1615; x_wconf 83' lang='lat' dir='ltr'>nonne</span> 
     </span>
     <span class='ocr_line' id='line_1_22' title="bbox 168 1627 1628 1672; baseline -0.004 -10"><span class='ocrx_word' id='word_1_170' title='bbox 168 1641 237 1662; x_wconf 83' lang='lat' dir='ltr'>eum</span> <span class='ocrx_word' id='word_1_171' title='bbox 256 1632 371 1672; x_wconf 78' lang='lat' dir='ltr'>pudere</span> <span class='ocrx_word' id='word_1_172' title='bbox 393 1631 511 1670; x_wconf 80' lang='lat' dir='ltr'>debuit,</span> <span class='ocrx_word' id='word_1_173' title='bbox 527 1630 679 1661; x_wconf 79' lang='lat' dir='ltr'>hominem</span> <span class='ocrx_word' id='word_1_174' title='bbox 696 1629 784 1659; x_wconf 80' lang='lat' dir='ltr'>senili</span> <span class='ocrx_word' id='word_1_175' title='bbox 810 1632 903 1658; x_wconf 72' lang='lat' dir='ltr'>&lt;etate</span> <span class='ocrx_word' id='word_1_176' title='bbox 924 1627 1096 1665; x_wconf 82' lang='lat' dir='ltr'>confectum</span> <span class='ocrx_word' id='word_1_177' title='bbox 1118 1627 1229 1658; x_wconf 81' lang='lat' dir='ltr'>ictibus</span> <span class='ocrx_word' id='word_1_178' title='bbox 1248 1627 1442 1668; x_wconf 69' lang='lat' dir='ltr'>diffregisse,</span> <span class='ocrx_word' id='word_1_179' title='bbox 1467 1636 1556 1667; x_wconf 82' lang='lat' dir='ltr'>quem</span> <span class='ocrx_word' id='word_1_180' title='bbox 1571 1636 1628 1665; x_wconf 76' lang='lat' dir='ltr'>ego</span> 
     </span>
     <span class='ocr_line' id='line_1_23' title="bbox 169 1668 1629 1714; baseline -0.003 -10"><span class='ocrx_word' id='word_1_181' title='bbox 169 1675 256 1704; x_wconf 79' lang='lat' dir='ltr'>mado</span> <span class='ocrx_word' id='word_1_182' title='bbox 269 1674 430 1714; x_wconf 79' lang='lat' dir='ltr'>puerulum</span> <span class='ocrx_word' id='word_1_183' title='bbox 443 1674 478 1704; x_wconf 83' lang='lat' dir='ltr'>in</span> <span class='ocrx_word' id='word_1_184' title='bbox 492 1674 574 1704; x_wconf 81' lang='lat' dir='ltr'>ulnis</span> <span class='ocrx_word' id='word_1_185' title='bbox 586 1672 730 1712; x_wconf 81' lang='lat' dir='ltr'>gerebam</span> <span class='ocrx_word' id='word_1_186' title='bbox 744 1672 843 1702; x_wconf 84' lang='lat' dir='ltr'>meis?</span> <span class='ocrx_word' id='word_1_187' title='bbox 889 1670 955 1701; x_wconf 85' lang='lat' dir='ltr'>DE.</span> <span class='ocrx_word' id='word_1_188' title='bbox 980 1670 1089 1701; x_wconf 85' lang='lat' dir='ltr'>Laudo</span> <span class='ocrx_word' id='word_1_189' title='bbox 1105 1673 1147 1705; x_wconf 91' lang='lat' dir='ltr'>te,</span> <span class='ocrx_word' id='word_1_190' title='bbox 1172 1671 1335 1711; x_wconf 81' lang='lat' dir='ltr'>Ctesipho:</span> <span class='ocrx_word' id='word_1_191' title='bbox 1358 1670 1468 1701; x_wconf 84' lang='lat' dir='ltr'>similis</span> <span class='ocrx_word' id='word_1_192' title='bbox 1482 1679 1514 1700; x_wconf 85' lang='lat' dir='ltr'>es</span> <span class='ocrx_word' id='word_1_193' title='bbox 1532 1668 1629 1708; x_wconf 74' lang='lat' dir='ltr'>majo-</span> 
     </span>
     <span class='ocr_line' id='line_1_24' title="bbox 169 1709 1629 1758; baseline -0.002 -12"><span class='ocrx_word' id='word_1_194' title='bbox 169 1725 256 1748; x_wconf 76' lang='lat' dir='ltr'>rum:</span> <span class='ocrx_word' id='word_1_195' title='bbox 277 1717 325 1756; x_wconf 71' lang='lat' dir='ltr'>eia</span> <span class='ocrx_word' id='word_1_196' title='bbox 347 1727 420 1758; x_wconf 84' lang='lat' dir='ltr'>age,</span> <span class='ocrx_word' id='word_1_197' title='bbox 436 1720 467 1748; x_wconf 89' lang='lat' dir='ltr'>te</span> <span class='ocrx_word' id='word_1_198' title='bbox 492 1716 526 1747; x_wconf 86' lang='lat' dir='ltr'>in</span> <span class='ocrx_word' id='word_1_199' title='bbox 541 1716 598 1747; x_wconf 81' lang='lat' dir='ltr'>hac</span> <span class='ocrx_word' id='word_1_200' title='bbox 620 1713 840 1746; x_wconf 76' lang='lat' dir='ltr'>adolescentuli</span> <span class='ocrx_word' id='word_1_201' title='bbox 863 1716 957 1744; x_wconf 83' lang='lat' dir='ltr'>aetate</span> <span class='ocrx_word' id='word_1_202' title='bbox 977 1713 1049 1751; x_wconf 77' lang='lat' dir='ltr'>jam</span> <span class='ocrx_word' id='word_1_203' title='bbox 1064 1713 1166 1744; x_wconf 81' lang='lat' dir='ltr'>virum</span> <span class='ocrx_word' id='word_1_204' title='bbox 1188 1722 1252 1744; x_wconf 86' lang='lat' dir='ltr'>esse</span> <span class='ocrx_word' id='word_1_205' title='bbox 1271 1714 1350 1745; x_wconf 79' lang='lat' dir='ltr'>dico.</span> <span class='ocrx_word' id='word_1_206' title='bbox 1395 1713 1456 1745; x_wconf 83' lang='grc' dir='ltr'>ΞΥ.</span> <span class='ocrx_word' id='word_1_207' title='bbox 1479 1709 1629 1744; x_wconf 77' lang='lat' dir='ltr'>Laudas?</span> 
     </span>
    </p>
   </div>
   <div class='ocr_carea' id='block_1_6' title="bbox 793 1810 1033 1823">
    <p class='ocr_par' dir='ltr' id='par_1_10' title="bbox 793 1810 1033 1823">
     <span class='ocr_line' id='line_1_25' title="bbox 793 1810 1033 1823; baseline -0.004 0"><span class='ocrx_word' id='word_1_208' title='bbox 793 1811 850 1823; x_wconf 54' lang='lat' dir='ltr'>‘e‘</span> <span class='ocrx_word' id='word_1_209' title='bbox 854 1810 1033 1823; x_wconf 52' lang='lat' dir='ltr'>&#39;NOOOOOO</span> 
     </span>
    </p>
   </div>
   <div class='ocr_carea' id='block_1_7' title="bbox 168 1875 1638 2647">
    <p class='ocr_par' dir='ltr' id='par_1_11' title="bbox 168 1875 1638 2647">
     <span class='ocr_line' id='line_1_26' title="bbox 170 1875 1628 1920; baseline -0.002 -11"><span class='ocrx_word' id='word_1_210' title='bbox 170 1878 251 1910; x_wconf 83' lang='lat' dir='ltr'>Par.</span> <span class='ocrx_word' id='word_1_211' title='bbox 268 1886 330 1910; x_wconf 82' lang='lat' dir='ltr'>ms.</span> <span class='ocrx_word' id='word_1_212' title='bbox 346 1879 417 1918; x_wconf 82' lang='lat' dir='ltr'>agis</span> <span class='ocrx_word' id='word_1_213' title='bbox 431 1888 493 1920; x_wconf 89' lang='lat' dir='ltr'>pro</span> <span class='ocrx_word' id='word_1_214' title='bbox 508 1879 566 1910; x_wconf 88' lang='lat' dir='ltr'>ais.</span> <span class='ocrx_word' id='word_1_215' title='bbox 590 1879 684 1911; x_wconf 89' lang='lat' dir='ltr'>Perl.</span> <span class='ocrx_word' id='word_1_216' title='bbox 708 1879 718 1896; x_wconf 92' lang='lat'>‘</span> <span class='ocrx_word' id='word_1_217' title='bbox 732 1878 847 1918; x_wconf 61' lang='lat' dir='ltr'>Quid:</span> <span class='ocrx_word' id='word_1_218' title='bbox 871 1878 960 1920; x_wconf 90' lang='lat' dir='ltr'>quod</span> <span class='ocrx_word' id='word_1_219' title='bbox 984 1882 1036 1910; x_wconf 87' lang='lat' dir='ltr'>est</span> <span class='ocrx_word' id='word_1_220' title='bbox 1055 1878 1088 1909; x_wconf 88' lang='lat' dir='ltr'>in</span> <span class='ocrx_word' id='word_1_221' title='bbox 1105 1877 1204 1909; x_wconf 84' lang='lat' dir='ltr'>initio</span> <span class='ocrx_word' id='word_1_222' title='bbox 1219 1875 1483 1918; x_wconf 63' lang='lat' dir='ltr'>versus‚irejicit</span> <span class='ocrx_word' id='word_1_223' title='bbox 1497 1875 1628 1916; x_wconf 85' lang='lat' dir='ltr'>Delph.</span> 
     </span>
     <span class='ocr_line' id='line_1_27' title="bbox 168 1921 1629 1962; baseline -0.002 -11"><span class='ocrx_word' id='word_1_224' title='bbox 168 1921 205 1952; x_wconf 90' lang='lat' dir='ltr'>in</span> <span class='ocrx_word' id='word_1_225' title='bbox 221 1930 354 1952; x_wconf 84' lang='lat' dir='ltr'>versum</span> <span class='ocrx_word' id='word_1_226' title='bbox 374 1924 511 1954; x_wconf 88' lang='grc'><strong>16.--18</strong></span> <span class='ocrx_word' id='word_1_227' title='bbox 533 1923 669 1953; x_wconf 87' lang='lat' dir='ltr'>Demea</span> <span class='ocrx_word' id='word_1_228' title='bbox 683 1921 819 1953; x_wconf 83' lang='lat' dir='ltr'>dixerat</span> <span class='ocrx_word' id='word_1_229' title='bbox 837 1923 923 1953; x_wconf 74' lang='lat' dir='ltr'>Bone</span> <span class='ocrx_word' id='word_1_230' title='bbox 939 1922 998 1961; x_wconf 81' lang='lat' dir='ltr'>vir,</span> <span class='ocrx_word' id='word_1_231' title='bbox 1024 1922 1129 1962; x_wconf 77' lang='lat' dir='ltr'>Syrus</span> <span class='ocrx_word' id='word_1_232' title='bbox 1154 1921 1189 1951; x_wconf 81' lang='lat' dir='ltr'>in</span> <span class='ocrx_word' id='word_1_233' title='bbox 1214 1926 1312 1960; x_wconf 80' lang='lat' dir='ltr'>repet</span> <span class='ocrx_word' id='word_1_234' title='bbox 1344 1921 1419 1951; x_wconf 90' lang='lat' dir='ltr'>ione</span> <span class='ocrx_word' id='word_1_235' title='bbox 1448 1925 1629 1950; x_wconf 85' lang='lat' dir='ltr'>accentum</span> 
     </span>
     <span class='ocr_line' id='line_1_28' title="bbox 168 1961 1630 2005; baseline -0.002 -11"><span class='ocrx_word' id='word_1_236' title='bbox 168 1969 281 1995; x_wconf 85' lang='lat' dir='ltr'>mutat</span> <span class='ocrx_word' id='word_1_237' title='bbox 295 1965 384 1995; x_wconf 84' lang='lat' dir='ltr'>Bone</span> <span class='ocrx_word' id='word_1_238' title='bbox 398 1965 458 1995; x_wconf 70' lang='lat' dir='ltr'>vir.</span> <span class='ocrx_word' id='word_1_239' title='bbox 502 1965 580 1996; x_wconf 85' lang='lat' dir='ltr'>Hoc</span> <span class='ocrx_word' id='word_1_240' title='bbox 595 1975 662 1997; x_wconf 91' lang='lat' dir='ltr'>non</span> <span class='ocrx_word' id='word_1_241' title='bbox 678 1965 720 1995; x_wconf 91' lang='lat' dir='ltr'>ab</span> <span class='ocrx_word' id='word_1_242' title='bbox 736 1963 903 2005; x_wconf 83' lang='lat' dir='ltr'>Auctore,</span> <span class='ocrx_word' id='word_1_243' title='bbox 919 1965 978 1995; x_wconf 89' lang='lat' dir='ltr'>sed</span> <span class='ocrx_word' id='word_1_244' title='bbox 996 1974 1014 1995; x_wconf 89' lang='lat' dir='ltr'>a</span> <span class='ocrx_word' id='word_1_245' title='bbox 1031 1964 1195 1995; x_wconf 87' lang='lat' dir='ltr'>Librariis</span> <span class='ocrx_word' id='word_1_246' title='bbox 1212 1964 1286 1993; x_wconf 87' lang='lat' dir='ltr'>veni</span> <span class='ocrx_word' id='word_1_247' title='bbox 1313 2000 1317 2004; x_wconf 18' lang='lat' dir='ltr'><em>ff</em></span> <span class='ocrx_word' id='word_1_248' title='bbox 1362 1963 1514 2003; x_wconf 87' lang='lat' dir='ltr'>Repone,</span> <span class='ocrx_word' id='word_1_249' title='bbox 1537 1961 1630 2001; x_wconf 78' lang='lat' dir='ltr'>mihi,</span> 
     </span>
     <span class='ocr_line' id='line_1_29' title="bbox 171 2004 1631 2045; baseline -0.001 -9"><span class='ocrx_word' id='word_1_250' title='bbox 171 2006 245 2038; x_wconf 77' lang='lat' dir='ltr'>blme</span> <span class='ocrx_word' id='word_1_251' title='bbox 257 2007 318 2045; x_wconf 73' lang='lat' dir='ltr'>vir,</span> <span class='ocrx_word' id='word_1_252' title='bbox 332 2011 465 2039; x_wconf 79' lang='lat' dir='ltr'>narras?</span> <span class='ocrx_word' id='word_1_253' title='bbox 486 2008 587 2039; x_wconf 85' lang='lat' dir='ltr'>Bent.</span> <span class='ocrx_word' id='word_1_254' title='bbox 634 2009 703 2039; x_wconf 89' lang='lat' dir='ltr'>Pro</span> <span class='ocrx_word' id='word_1_255' title='bbox 731 2008 805 2038; x_wconf 88' lang='lat' dir='ltr'>bone</span> <span class='ocrx_word' id='word_1_256' title='bbox 829 2009 879 2038; x_wconf 87' lang='lat' dir='ltr'>vir</span> <span class='ocrx_word' id='word_1_257' title='bbox 906 2007 966 2038; x_wconf 84' lang='lat' dir='ltr'>dat</span> <span class='ocrx_word' id='word_1_258' title='bbox 981 2007 1052 2038; x_wconf 85' lang='lat' dir='ltr'>boni</span> <span class='ocrx_word' id='word_1_259' title='bbox 1070 2007 1142 2038; x_wconf 87' lang='lat' dir='ltr'>sine</span> <span class='ocrx_word' id='word_1_260' title='bbox 1157 2006 1206 2037; x_wconf 75' lang='lat' dir='ltr'>vir</span> <span class='ocrx_word' id='word_1_261' title='bbox 1221 2007 1409 2038; x_wconf 79' lang='lat' dir='ltr'>Both.—2o</span> <span class='ocrx_word' id='word_1_262' title='bbox 1433 2005 1474 2036; x_wconf 90' lang='lat' dir='ltr'>In</span> <span class='ocrx_word' id='word_1_263' title='bbox 1493 2004 1631 2045; x_wconf 84' lang='lat' dir='ltr'>quibus-</span> 
     </span>
     <span class='ocr_line' id='line_1_30' title="bbox 170 2047 1631 2089; baseline -0.002 -10"><span class='ocrx_word' id='word_1_264' title='bbox 170 2049 250 2080; x_wconf 88' lang='lat' dir='ltr'>dam</span> <span class='ocrx_word' id='word_1_265' title='bbox 267 2050 377 2080; x_wconf 85' lang='lat' dir='ltr'>Libris</span> <span class='ocrx_word' id='word_1_266' title='bbox 404 2056 469 2089; x_wconf 82' lang='lat' dir='ltr'>est,</span> <span class='ocrx_word' id='word_1_267' title='bbox 491 2051 619 2082; x_wconf 81' lang='lat' dir='ltr'>discidit</span> <span class='ocrx_word' id='word_1_268' title='bbox 644 2051 722 2082; x_wconf 83' lang='lat' dir='ltr'>mz&#39;hz&#39;</span> <span class='ocrx_word' id='word_1_269' title='bbox 745 2050 876 2081; x_wconf 81' lang='lat' dir='ltr'>labrum.</span> <span class='ocrx_word' id='word_1_270' title='bbox 898 2051 1009 2081; x_wconf 87' lang='lat' dir='ltr'>West.</span> <span class='ocrx_word' id='word_1_271' title='bbox 1053 2050 1191 2080; x_wconf 84' lang='lat' dir='ltr'>Labrum</span> <span class='ocrx_word' id='word_1_272' title='bbox 1218 2053 1253 2079; x_wconf 87' lang='lat' dir='ltr'>ut</span> <span class='ocrx_word' id='word_1_273' title='bbox 1268 2049 1395 2080; x_wconf 83' lang='lat' dir='ltr'>discidit</span> <span class='ocrx_word' id='word_1_274' title='bbox 1421 2048 1522 2078; x_wconf 81' lang='lat' dir='ltr'>Both.</span> <span class='ocrx_word' id='word_1_275' title='bbox 1567 2047 1631 2077; x_wconf 86' lang='lat' dir='ltr'>Em</span> 
     </span>
     <span class='ocr_line' id='line_1_31' title="bbox 171 2089 1629 2133; baseline -0.002 -10"><span class='ocrx_word' id='word_1_276' title='bbox 171 2091 232 2128; x_wconf 86' lang='lat' dir='ltr'>dat</span> <span class='ocrx_word' id='word_1_277' title='bbox 248 2092 348 2123; x_wconf 88' lang='lat' dir='ltr'>Bent.</span> <span class='ocrx_word' id='word_1_278' title='bbox 362 2092 436 2124; x_wconf 85' lang='lat' dir='ltr'>bis:</span> <span class='ocrx_word' id='word_1_279' title='bbox 460 2093 515 2124; x_wconf 89' lang='lat' dir='ltr'>hic</span> <span class='ocrx_word' id='word_1_280' title='bbox 541 2103 607 2124; x_wconf 89' lang='lat' dir='ltr'>non</span> <span class='ocrx_word' id='word_1_281' title='bbox 634 2093 665 2125; x_wconf 90' lang='lat' dir='ltr'>ei</span> <span class='ocrx_word' id='word_1_282' title='bbox 693 2093 836 2124; x_wconf 80' lang='lat' dir='ltr'>assentit</span> <span class='ocrx_word' id='word_1_283' title='bbox 860 2094 921 2124; x_wconf 68' lang='grc' dir='ltr'>ΒΓ.</span> <span class='ocrx_word' id='word_1_284' title='bbox 941 2097 1062 2124; x_wconf 85' lang='lat' dir='ltr'>contra</span> <span class='ocrx_word' id='word_1_285' title='bbox 1078 2102 1118 2123; x_wconf 89' lang='lat' dir='ltr'>ac</span> <span class='ocrx_word' id='word_1_286' title='bbox 1136 2092 1225 2133; x_wconf 88' lang='lat' dir='ltr'>quod</span> <span class='ocrx_word' id='word_1_287' title='bbox 1241 2091 1315 2122; x_wconf 86' lang='lat' dir='ltr'>fere</span> <span class='ocrx_word' id='word_1_288' title='bbox 1333 2092 1432 2122; x_wconf 86' lang='lat' dir='ltr'>aliter</span> <span class='ocrx_word' id='word_1_289' title='bbox 1449 2089 1629 2121; x_wconf 62' lang='lat' dir='ltr'>facin-21</span> 
     </span>
     <span class='ocr_line' id='line_1_32' title="bbox 171 2132 1633 2176; baseline -0.002 -11"><span class='ocrx_word' id='word_1_290' title='bbox 171 2134 242 2166; x_wconf 84' lang='lat' dir='ltr'>Ms.</span> <span class='ocrx_word' id='word_1_291' title='bbox 270 2134 365 2175; x_wconf 88' lang='lat' dir='ltr'>Lips.</span> <span class='ocrx_word' id='word_1_292' title='bbox 393 2135 511 2175; x_wconf 75' lang='lat' dir='ltr'>[etiam</span> <span class='ocrx_word' id='word_1_293' title='bbox 532 2136 610 2176; x_wconf 89' lang='lat' dir='ltr'>Br.]</span> <span class='ocrx_word' id='word_1_294' title='bbox 638 2146 706 2167; x_wconf 89' lang='lat' dir='ltr'>non</span> <span class='ocrx_word' id='word_1_295' title='bbox 733 2136 888 2175; x_wconf 79' lang='lat' dir='ltr'>agnoscit</span> <span class='ocrx_word' id='word_1_296' title='bbox 910 2134 949 2165; x_wconf 79' lang='grc' dir='ltr'>τὸ</span> <span class='ocrx_word' id='word_1_297' title='bbox 974 2136 1071 2166; x_wconf 79' lang='lat' dir='ltr'>modo.</span> <span class='ocrx_word' id='word_1_298' title='bbox 1095 2136 1203 2166; x_wconf 83' lang='lat' dir='ltr'>West.</span> <span class='ocrx_word' id='word_1_299' title='bbox 1252 2135 1325 2165; x_wconf 87' lang='lat' dir='ltr'>Non</span> <span class='ocrx_word' id='word_1_300' title='bbox 1349 2137 1385 2164; x_wconf 83' lang='lat' dir='ltr'>tu</span> <span class='ocrx_word' id='word_1_301' title='bbox 1411 2143 1479 2164; x_wconf 85' lang='lat' dir='ltr'>eum</span> <span class='ocrx_word' id='word_1_302' title='bbox 1495 2142 1548 2163; x_wconf 83' lang='lat' dir='ltr'>rus</span> <span class='ocrx_word' id='word_1_303' title='bbox 1562 2132 1633 2162; x_wconf 78' lang='lat' dir='ltr'>hinc</span> 
     </span>
     <span class='ocr_line' id='line_1_33' title="bbox 171 2173 1633 2209; baseline -0.001 -2"><span class='ocrx_word' id='word_1_304' title='bbox 171 2176 289 2208; x_wconf 72' lang='lat' dir='ltr'>dixtin&#39;</span> <span class='ocrx_word' id='word_1_305' title='bbox 305 2177 407 2208; x_wconf 80' lang='lat' dir='ltr'>abesse</span> <span class='ocrx_word' id='word_1_306' title='bbox 423 2177 466 2209; x_wconf 82' lang='lat' dir='ltr'>G.</span> <span class='ocrx_word' id='word_1_307' title='bbox 501 2178 553 2208; x_wconf 83' lang='lat' dir='ltr'>Id.</span> <span class='ocrx_word' id='word_1_308' title='bbox 567 2179 600 2209; x_wconf 84' lang='lat' dir='ltr'>in</span> <span class='ocrx_word' id='word_1_309' title='bbox 616 2179 696 2209; x_wconf 79' lang='lat' dir='ltr'>Add.</span> <span class='ocrx_word' id='word_1_310' title='bbox 735 2179 823 2209; x_wconf 83' lang='lat' dir='ltr'>Num</span> <span class='ocrx_word' id='word_1_311' title='bbox 837 2182 872 2208; x_wconf 84' lang='lat' dir='ltr'>tu</span> <span class='ocrx_word' id='word_1_312' title='bbox 887 2188 953 2209; x_wconf 86' lang='lat' dir='ltr'>eum</span> <span class='ocrx_word' id='word_1_313' title='bbox 970 2187 1023 2208; x_wconf 81' lang='lat' dir='ltr'>rus</span> <span class='ocrx_word' id='word_1_314' title='bbox 1038 2178 1108 2208; x_wconf 81' lang='lat' dir='ltr'>hinc</span> <span class='ocrx_word' id='word_1_315' title='bbox 1124 2177 1201 2208; x_wconf 82' lang='lat' dir='ltr'>mihi</span> <span class='ocrx_word' id='word_1_316' title='bbox 1216 2178 1378 2208; x_wconf 84' lang='lat' dir='ltr'>Prodiisse</span> <span class='ocrx_word' id='word_1_317' title='bbox 1393 2176 1497 2206; x_wconf 83' lang='lat' dir='ltr'>aiebas</span> <span class='ocrx_word' id='word_1_318' title='bbox 1515 2173 1633 2207; x_wconf 87' lang='lat' dir='ltr'>Guelf.</span> 
     </span>
     <span class='ocr_line' id='line_1_34' title="bbox 173 2219 1638 2261; baseline -0.001 -11"><span class='ocrx_word' id='word_1_319' title='bbox 173 2222 204 2250; x_wconf 89' lang='lat'>1.</span> <span class='ocrx_word' id='word_1_320' title='bbox 250 2219 332 2251; x_wconf 85' lang='lat' dir='ltr'>Rem</span> <span class='ocrx_word' id='word_1_321' title='bbox 347 2223 466 2261; x_wconf 79' lang='lat' dir='ltr'>ceptam</span> <span class='ocrx_word' id='word_1_322' title='bbox 491 2231 552 2260; x_wconf 85' lang='lat' dir='ltr'>pro</span> <span class='ocrx_word' id='word_1_323' title='bbox 577 2225 690 2252; x_wconf 88' lang='lat' dir='ltr'>emtam</span> <span class='ocrx_word' id='word_1_324' title='bbox 714 2223 745 2251; x_wconf 84' lang='lat'>3.</span> <span class='ocrx_word' id='word_1_325' title='bbox 769 2221 943 2252; x_wconf 84' lang='lat' dir='ltr'>Perl.—-22</span> <span class='ocrx_word' id='word_1_326' title='bbox 967 2221 1054 2252; x_wconf 85' lang='lat' dir='ltr'>Mss.</span> <span class='ocrx_word' id='word_1_327' title='bbox 1077 2220 1216 2261; x_wconf 84' lang='lat' dir='ltr'>quidam</span> <span class='ocrx_word' id='word_1_328' title='bbox 1240 2225 1276 2251; x_wconf 91' lang='lat' dir='ltr'>et</span> <span class='ocrx_word' id='word_1_329' title='bbox 1302 2219 1459 2259; x_wconf 84' lang='lat' dir='ltr'>impressi</span> <span class='ocrx_word' id='word_1_330' title='bbox 1488 2223 1638 2257; x_wconf 84' lang='lat' dir='ltr'>veteres,</span> 
     </span>
     <span class='ocr_line' id='line_1_35' title="bbox 171 2259 1633 2301; baseline -0.001 -8"><span class='ocrx_word' id='word_1_331' title='bbox 171 2262 348 2294; x_wconf 81' lang='lat' dir='ltr'>Prodiisse.</span> <span class='ocrx_word' id='word_1_332' title='bbox 393 2262 461 2294; x_wconf 91' lang='lat' dir='ltr'>Sed</span> <span class='ocrx_word' id='word_1_333' title='bbox 479 2264 627 2294; x_wconf 72' lang='lat' dir='ltr'>Produxe</span> <span class='ocrx_word' id='word_1_334' title='bbox 642 2268 759 2295; x_wconf 84' lang='lat' dir='ltr'>tuetur</span> <span class='ocrx_word' id='word_1_335' title='bbox 776 2263 879 2294; x_wconf 82' lang='lat' dir='ltr'>etiam</span> <span class='ocrx_word' id='word_1_336' title='bbox 895 2264 1067 2294; x_wconf 81' lang='lat' dir='ltr'>Donatus.</span> <span class='ocrx_word' id='word_1_337' title='bbox 1095 2264 1189 2294; x_wconf 81' lang='lat' dir='ltr'>West.</span> <span class='ocrx_word' id='word_1_338' title='bbox 1234 2262 1302 2293; x_wconf 82' lang='lat' dir='ltr'>Rus</span> <span class='ocrx_word' id='word_1_339' title='bbox 1325 2262 1396 2293; x_wconf 79' lang='lat' dir='ltr'>hinc</span> <span class='ocrx_word' id='word_1_340' title='bbox 1418 2261 1524 2301; x_wconf 86' lang='lat' dir='ltr'>modo]</span> <span class='ocrx_word' id='word_1_341' title='bbox 1546 2259 1633 2292; x_wconf 85' lang='lat' dir='ltr'>Haec</span> 
     </span>
     <span class='ocr_line' id='line_1_36' title="bbox 171 2303 1633 2348; baseline -0.001 -13"><span class='ocrx_word' id='word_1_342' title='bbox 171 2305 277 2336; x_wconf 86' lang='lat' dir='ltr'>verba</span> <span class='ocrx_word' id='word_1_343' title='bbox 302 2305 512 2347; x_wconf 76' lang='lat' dir='ltr'>praecedenti</span> <span class='ocrx_word' id='word_1_344' title='bbox 536 2307 648 2337; x_wconf 79' lang='lat' dir='ltr'>versui</span> <span class='ocrx_word' id='word_1_345' title='bbox 674 2307 737 2348; x_wconf 90' lang='lat' dir='ltr'>[sc.</span> <span class='ocrx_word' id='word_1_346' title='bbox 754 2306 868 2337; x_wconf 87' lang='lat' dir='ltr'>versui</span> <span class='ocrx_word' id='word_1_347' title='bbox 883 2306 954 2346; x_wconf 80' lang='lat'>21.]</span> <span class='ocrx_word' id='word_1_348' title='bbox 983 2305 1209 2336; x_wconf 82' lang='lat' dir='ltr'>attribuimus.</span> <span class='ocrx_word' id='word_1_349' title='bbox 1231 2306 1293 2337; x_wconf 83' lang='lat' dir='ltr'>Fa.</span> <span class='ocrx_word' id='word_1_350' title='bbox 1336 2306 1434 2336; x_wconf 92' lang='lat' dir='ltr'>Unus</span> <span class='ocrx_word' id='word_1_351' title='bbox 1456 2313 1498 2335; x_wconf 84' lang='lat' dir='ltr'>ex</span> <span class='ocrx_word' id='word_1_352' title='bbox 1517 2303 1633 2343; x_wconf 82' lang='lat' dir='ltr'>Regiis</span> 
     </span>
     <span class='ocr_line' id='line_1_37' title="bbox 172 2346 1636 2390; baseline -0.001 -12"><span class='ocrx_word' id='word_1_353' title='bbox 172 2347 260 2379; x_wconf 79' lang='lat' dir='ltr'>aibas</span> <span class='ocrx_word' id='word_1_354' title='bbox 280 2348 395 2385; x_wconf 88' lang='lat' dir='ltr'>habet,</span> <span class='ocrx_word' id='word_1_355' title='bbox 420 2354 456 2380; x_wconf 90' lang='lat' dir='ltr'>ut</span> <span class='ocrx_word' id='word_1_356' title='bbox 473 2359 534 2380; x_wconf 84' lang='lat' dir='ltr'>nos</span> <span class='ocrx_word' id='word_1_357' title='bbox 550 2349 674 2390; x_wconf 88' lang='lat' dir='ltr'>ubique</span> <span class='ocrx_word' id='word_1_358' title='bbox 692 2349 908 2390; x_wconf 83' lang='lat' dir='ltr'>reponimus3</span> <span class='ocrx_word' id='word_1_359' title='bbox 931 2358 996 2379; x_wconf 88' lang='lat' dir='ltr'>non</span> <span class='ocrx_word' id='word_1_360' title='bbox 1013 2348 1127 2379; x_wconf 88' lang='lat' dir='ltr'>aiebas.</span> <span class='ocrx_word' id='word_1_361' title='bbox 1151 2349 1252 2379; x_wconf 80' lang='lat' dir='ltr'>Bent.</span> <span class='ocrx_word' id='word_1_362' title='bbox 1289 2347 1480 2378; x_wconf 78' lang='lat' dir='ltr'>Produxisse</span> <span class='ocrx_word' id='word_1_363' title='bbox 1497 2346 1581 2378; x_wconf 88' lang='lat' dir='ltr'>GM.</span> <span class='ocrx_word' id='word_1_364' title='bbox 1599 2350 1636 2376; x_wconf 89' lang='lat' dir='ltr'>et</span> 
     </span>
     <span class='ocr_line' id='line_1_38' title="bbox 173 2389 1634 2433; baseline -0.001 -12"><span class='ocrx_word' id='word_1_365' title='bbox 173 2390 208 2421; x_wconf 90' lang='lat' dir='ltr'>in</span> <span class='ocrx_word' id='word_1_366' title='bbox 234 2400 341 2432; x_wconf 83' lang='lat' dir='ltr'>marg.</span> <span class='ocrx_word' id='word_1_367' title='bbox 363 2391 438 2422; x_wconf 82' lang='lat' dir='ltr'>‘AL</span> <span class='ocrx_word' id='word_1_368' title='bbox 460 2392 622 2432; x_wconf 70' lang='lat' dir='ltr'>produxe!</span> <span class='ocrx_word' id='word_1_369' title='bbox 670 2393 728 2423; x_wconf 83' lang='lat' dir='ltr'>Est</span> <span class='ocrx_word' id='word_1_370' title='bbox 755 2396 833 2433; x_wconf 89' lang='lat' dir='ltr'>post</span> <span class='ocrx_word' id='word_1_371' title='bbox 855 2391 1041 2422; x_wconf 84' lang='lat' dir='ltr'>‘Factum’</span> <span class='ocrx_word' id='word_1_372' title='bbox 1064 2390 1181 2422; x_wconf 84' lang='lat' dir='ltr'>Gueif.</span> <span class='ocrx_word' id='word_1_373' title='bbox 1208 2394 1240 2422; x_wconf 87' lang='lat'>2.</span> <span class='ocrx_word' id='word_1_374' title='bbox 1273 2391 1361 2421; x_wconf 86' lang='lat' dir='ltr'>Perl.</span> <span class='ocrx_word' id='word_1_375' title='bbox 1406 2390 1506 2421; x_wconf 82' lang='lat' dir='ltr'>Aibas</span> <span class='ocrx_word' id='word_1_376' title='bbox 1529 2389 1634 2420; x_wconf 84' lang='lat' dir='ltr'>Both.</span> 
     </span>
     <span class='ocr_line' id='line_1_39' title="bbox 173 2431 1636 2476; baseline -0.002 -12"><span class='ocrx_word' id='word_1_377' title='bbox 173 2432 268 2465; x_wconf 84' lang='lat' dir='ltr'>Peri.</span> <span class='ocrx_word' id='word_1_378' title='bbox 314 2434 392 2465; x_wconf 86' lang='lat' dir='ltr'>Post</span> <span class='ocrx_word' id='word_1_379' title='bbox 415 2435 500 2465; x_wconf 69' lang='lat' dir='ltr'>venit</span> <span class='ocrx_word' id='word_1_380' title='bbox 526 2435 736 2475; x_wconf 81' lang='lat' dir='ltr'>Delph.—23</span> <span class='ocrx_word' id='word_1_381' title='bbox 768 2434 912 2466; x_wconf 89' lang='lat' dir='ltr'>Codices</span> <span class='ocrx_word' id='word_1_382' title='bbox 938 2433 1086 2476; x_wconf 89' lang='lat' dir='ltr'>quidam,</span> <span class='ocrx_word' id='word_1_383' title='bbox 1112 2434 1185 2464; x_wconf 87' lang='lat' dir='ltr'>Non</span> <span class='ocrx_word' id='word_1_384' title='bbox 1206 2433 1333 2474; x_wconf 80' lang='lat' dir='ltr'>puduit.</span> <span class='ocrx_word' id='word_1_385' title='bbox 1377 2431 1447 2463; x_wconf 90' lang='lat' dir='ltr'>Alii</span> <span class='ocrx_word' id='word_1_386' title='bbox 1478 2431 1636 2469; x_wconf 84' lang='lat' dir='ltr'>barbare,</span> 
     </span>
     <span class='ocr_line' id='line_1_40' title="bbox 173 2475 1633 2517; baseline -0.001 -11"><span class='ocrx_word' id='word_1_387' title='bbox 173 2476 248 2506; x_wconf 86' lang='lat' dir='ltr'>Non</span> <span class='ocrx_word' id='word_1_388' title='bbox 269 2477 379 2517; x_wconf 81' lang='lat' dir='ltr'>puduit</span> <span class='ocrx_word' id='word_1_389' title='bbox 401 2487 443 2507; x_wconf 83' lang='lat' dir='ltr'>se.</span> <span class='ocrx_word' id='word_1_390' title='bbox 465 2478 662 2509; x_wconf 62' lang='lat' dir='ltr'>U&#39;est.—24</span> <span class='ocrx_word' id='word_1_391' title='bbox 685 2479 826 2517; x_wconf 90' lang='lat' dir='ltr'>Repone</span> <span class='ocrx_word' id='word_1_392' title='bbox 852 2487 979 2517; x_wconf 78' lang='lat' dir='ltr'>puerum</span> <span class='ocrx_word' id='word_1_393' title='bbox 995 2478 1092 2508; x_wconf 81' lang='lat' dir='ltr'>modo.</span> <span class='ocrx_word' id='word_1_394' title='bbox 1115 2477 1219 2508; x_wconf 87' lang='lat' dir='ltr'>Bent.</span> <span class='ocrx_word' id='word_1_395' title='bbox 1264 2475 1427 2516; x_wconf 87' lang='lat' dir='ltr'>Sequitur</span> <span class='ocrx_word' id='word_1_396' title='bbox 1442 2475 1633 2506; x_wconf 61' lang='lat' dir='ltr'>Rutu—25</span> 
     </span>
     <span class='ocr_line' id='line_1_41' title="bbox 174 2517 1635 2561; baseline -0.002 -12"><span class='ocrx_word' id='word_1_397' title='bbox 174 2518 251 2558; x_wconf 86' lang='lat' dir='ltr'>Abi,</span> <span class='ocrx_word' id='word_1_398' title='bbox 265 2520 365 2550; x_wconf 71' lang='lat' dir='ltr'>tirum</span> <span class='ocrx_word' id='word_1_399' title='bbox 379 2520 542 2560; x_wconf 74' lang='lat' dir='ltr'>tejuaico]</span> <span class='ocrx_word' id='word_1_400' title='bbox 561 2520 649 2561; x_wconf 88' lang='lat' dir='ltr'>Guy.</span> <span class='ocrx_word' id='word_1_401' title='bbox 661 2521 694 2551; x_wconf 89' lang='lat' dir='ltr'>in</span> <span class='ocrx_word' id='word_1_402' title='bbox 713 2521 831 2561; x_wconf 85' lang='lat' dir='ltr'>glossis</span> <span class='ocrx_word' id='word_1_403' title='bbox 844 2521 928 2551; x_wconf 86' lang='lat' dir='ltr'>Mss.</span> <span class='ocrx_word' id='word_1_404' title='bbox 944 2520 1051 2550; x_wconf 83' lang='lat' dir='ltr'>male:</span> <span class='ocrx_word' id='word_1_405' title='bbox 1069 2521 1077 2536; x_wconf 89' lang='lat'>‘</span> <span class='ocrx_word' id='word_1_406' title='bbox 1088 2519 1232 2550; x_wconf 81' lang='lat' dir='ltr'>Dimitto</span> <span class='ocrx_word' id='word_1_407' title='bbox 1248 2523 1301 2549; x_wconf 83' lang='lat' dir='ltr'>te:</span> <span class='ocrx_word' id='word_1_408' title='bbox 1321 2518 1459 2549; x_wconf 82' lang='lat' dir='ltr'>absolvo</span> <span class='ocrx_word' id='word_1_409' title='bbox 1474 2521 1508 2548; x_wconf 90' lang='lat' dir='ltr'>te</span> <span class='ocrx_word' id='word_1_410' title='bbox 1521 2517 1635 2557; x_wconf 83' lang='lat' dir='ltr'>culpa,</span> 
     </span>
     <span class='ocr_line' id='line_1_42' title="bbox 175 2560 1636 2602; baseline -0.002 -10"><span class='ocrx_word' id='word_1_411' title='bbox 175 2560 351 2602; x_wconf 84' lang='lat' dir='ltr'>Ctesipho,</span> <span class='ocrx_word' id='word_1_412' title='bbox 368 2562 412 2592; x_wconf 89' lang='lat' dir='ltr'>ob</span> <span class='ocrx_word' id='word_1_413' title='bbox 429 2564 490 2594; x_wconf 83' lang='lat' dir='ltr'>hoc</span> <span class='ocrx_word' id='word_1_414' title='bbox 507 2562 661 2594; x_wconf 84' lang='lat' dir='ltr'>factum.’</span> <span class='ocrx_word' id='word_1_415' title='bbox 694 2563 764 2595; x_wconf 89' lang='lat' dir='ltr'>Ubi</span> <span class='ocrx_word' id='word_1_416' title='bbox 777 2563 867 2594; x_wconf 87' lang='lat' dir='ltr'>enim</span> <span class='ocrx_word' id='word_1_417' title='bbox 883 2562 1071 2593; x_wconf 84' lang='lat' dir='ltr'>laudabant</span> <span class='ocrx_word' id='word_1_418' title='bbox 1087 2571 1200 2602; x_wconf 91' lang='lat' dir='ltr'>quem,</span> <span class='ocrx_word' id='word_1_419' title='bbox 1218 2562 1227 2578; x_wconf 88' lang='lat'>‘</span> <span class='ocrx_word' id='word_1_420' title='bbox 1241 2561 1307 2592; x_wconf 89' lang='lat' dir='ltr'>Abi</span> <span class='ocrx_word' id='word_1_421' title='bbox 1319 2560 1329 2574; x_wconf 89' lang='lat'>’</span> <span class='ocrx_word' id='word_1_422' title='bbox 1343 2560 1518 2592; x_wconf 87' lang='lat' dir='ltr'>dicebant.</span> <span class='ocrx_word' id='word_1_423' title='bbox 1552 2560 1636 2589; x_wconf 78' lang='lat' dir='ltr'>Per-</span> 
     </span>
     <span class='ocr_line' id='line_1_43' title="bbox 176 2602 1635 2647; baseline -0.001 -13"><span class='ocrx_word' id='word_1_424' title='bbox 176 2612 292 2643; x_wconf 85' lang='lat' dir='ltr'>peram</span> <span class='ocrx_word' id='word_1_425' title='bbox 320 2605 423 2646; x_wconf 81' lang='lat' dir='ltr'>igitur</span> <span class='ocrx_word' id='word_1_426' title='bbox 448 2606 530 2638; x_wconf 83' lang='lat' dir='ltr'>Par.</span> <span class='ocrx_word' id='word_1_427' title='bbox 554 2606 628 2637; x_wconf 89' lang='lat' dir='ltr'>haec</span> <span class='ocrx_word' id='word_1_428' title='bbox 649 2605 735 2647; x_wconf 87' lang='lat' dir='ltr'>Syro</span> <span class='ocrx_word' id='word_1_429' title='bbox 752 2606 847 2638; x_wconf 87' lang='lat' dir='ltr'>dicta</span> <span class='ocrx_word' id='word_1_430' title='bbox 863 2609 1029 2637; x_wconf 85' lang='lat' dir='ltr'>autumat.</span> <span class='ocrx_word' id='word_1_431' title='bbox 1057 2605 1153 2636; x_wconf 84' lang='lat' dir='ltr'>West.</span> <span class='ocrx_word' id='word_1_432' title='bbox 1194 2604 1313 2645; x_wconf 75' lang='lat' dir='ltr'>Laudo,</span> <span class='ocrx_word' id='word_1_433' title='bbox 1329 2603 1498 2644; x_wconf 78' lang='lat' dir='ltr'>Ctesipho:</span> <span class='ocrx_word' id='word_1_434' title='bbox 1518 2602 1635 2644; x_wconf 80' lang='lat' dir='ltr'>patris-</span> 
     </span>
    </p>
   </div>
   <div class='ocr_carea' id='block_1_8' title="bbox 831 2696 974 2729">
    <p class='ocr_par' dir='ltr' id='par_1_12' title="bbox 831 2696 974 2729">
     <span class='ocr_line' id='line_1_44' title="bbox 831 2696 974 2729; baseline -0.014 0"><span class='ocrx_word' id='word_1_435' title='bbox 831 2696 974 2729; x_wconf 83' lang='lat' dir='ltr'>NOTAE</span> 
     </span>
    </p>
   </div>
   <div class='ocr_carea' id='block_1_9' title="bbox 178 2759 1627 2853">
    <p class='ocr_par' dir='ltr' id='par_1_13' title="bbox 178 2759 1627 2853">
     <span class='ocr_line' id='line_1_45' title="bbox 221 2759 1039 2803; baseline 0.005 -14"><span class='ocrx_word' id='word_1_436' title='bbox 221 2760 262 2789; x_wconf 79' lang='lat'>1⁷</span> <span class='ocrx_word' id='word_1_437' title='bbox 286 2759 373 2795; x_wconf 74' lang='lat' dir='ltr'>Quid</span> <span class='ocrx_word' id='word_1_438' title='bbox 406 2761 460 2792; x_wconf 81' lang='lat' dir='ltr'>ille</span> <span class='ocrx_word' id='word_1_439' title='bbox 493 2761 622 2801; x_wconf 81' lang='lat' dir='ltr'>gannit]</span> <span class='ocrx_word' id='word_1_440' title='bbox 651 2761 882 2803; x_wconf 82' lang='lat' dir='ltr'>Conqueritur</span> <span class='ocrx_word' id='word_1_441' title='bbox 936 2760 1039 2801; x_wconf 80' lang='lat' dir='ltr'>pium.</span> 
     </span>
     <span class='ocr_line' id='line_1_46' title="bbox 178 2808 1627 2853; baseline 0 -14"><span class='ocrx_word' id='word_1_442' title='bbox 178 2808 328 2849; x_wconf 81' lang='lat' dir='ltr'>gannitu.</span> <span class='ocrx_word' id='word_1_443' title='bbox 372 2809 523 2842; x_wconf 81' lang='lat' dir='ltr'>Gannire</span> <span class='ocrx_word' id='word_1_444' title='bbox 540 2811 714 2853; x_wconf 83' lang='lat' dir='ltr'>proprium</span> <span class='ocrx_word' id='word_1_445' title='bbox 741 2815 793 2842; x_wconf 89' lang='lat' dir='ltr'>est</span> <span class='ocrx_word' id='word_1_446' title='bbox 809 2811 880 2842; x_wconf 87' lang='lat' dir='ltr'>vul-</span> <span class='ocrx_word' id='word_1_447' title='bbox 978 2815 1018 2843; x_wconf 88' lang='grc'>25</span> <span class='ocrx_word' id='word_1_448' title='bbox 1045 2810 1224 2851; x_wconf 74' lang='lat' dir='ltr'>Patr-issae]</span> <span class='ocrx_word' id='word_1_449' title='bbox 1247 2810 1363 2843; x_wconf 82' lang='lat' dir='ltr'>Patris</span> <span class='ocrx_word' id='word_1_450' title='bbox 1379 2819 1490 2842; x_wconf 85' lang='lat' dir='ltr'>mores</span> <span class='ocrx_word' id='word_1_451' title='bbox 1509 2808 1627 2841; x_wconf 77' lang='lat' dir='ltr'>refers.</span> 
     </span>
    </p>
   </div>
  </div>
 </body>
</html>
