1966 3302
578 227 790 258 HEGYRAE
822 227 929 258 Ac'r.
955 227 1030 258 111.
1069 228 1137 260 sc.
1172 231 1203 259 ι.
1541 223 1625 265 835

166 319 270 361 Non
299 328 547 371 maxumas,
573 333 675 374 quae
704 335 928 364 maxumae
960 328 1062 364 sunt
1082 324 1294 366 interdum
1323 326 1415 378 irae,
1436 327 1622 382 injurias

166 387 379 440 Faciunt;
411 402 512 430 nam
544 402 664 443 saepe
695 395 778 440 est,
811 392 968 445 quibus
1003 392 1049 432 in
1082 393 1214 434 rebus
1249 394 1363 435 alius
1397 408 1449 436 ne
1483 397 1619 438 iratus

345 456 519 510 quidem
542 460 633 507 est3

177 522 348 565 Cumae
367 523 522 565 eadem
545 537 685 565 causa
705 527 773 565 est
793 525 1044 566 iracundus
1063 527 1208 568 factus
1229 527 1577 571 inimicissimus.

163 591 309 632 Pueri
327 591 434 632 inter
455 604 554 633 sese
579 606 710 646 quam
731 604 812 646 pro
834 592 1009 634 levibus
1030 594 1178 635 noxiis
1200 595 1290 636 iras
1311 601 1465 649 gerunt
1483 599 1492 639 !
1570 599 1628 640 30

166 744 320 784 contingit
330 749 366 777 ut
379 746 521 786 ingentes
543 746 600 777 irae
615 757 675 777 non
696 746 760 777 sint
774 756 874 778 causoe
890 747 1064 785 ingentium
1079 746 1264 786 injuriarum
1277 759 1287 779 .·
1312 759 1383 780 nam
1405 759 1484 789 soepe
1510 749 1624 789 evenit,

166 796 233 822 cum
248 787 424 827 iracundus,
439 789 492 830 qui
507 790 546 819 ad
561 790 640 820 iram
653 799 821 830 propensus
835 793 891 828 est,
906 791 948 820 sit
965 789 1191 828 infensissimus
1213 801 1254 822 ex
1273 794 1377 822 eadem
1391 802 1493 827 caztsa,
1511 802 1550 823 ea:
1565 803 1625 832 qua

165 829 256 868 alius,
278 830 311 861 in
333 831 443 862 iisdem
464 832 562 868 rebus,
589 842 627 862 ne
649 832 809 863 minimum
831 833 952 872 quidem
968 833 1016 863 ira
1032 837 1265 864 commoveatur.
1315 836 1418 869 Quam
1433 835 1521 874 pueri
1542 835 1627 866 inter

165 881 229 902 sese
253 883 309 913 pro
334 874 449 905 levibns
473 874 694 916 offensionibus
720 875 785 905 iras
812 873 983 907 exercent?
1030 876 1129 906 ΡΑΜ.
1156 877 1383 912 Quamobrem?
1420 878 1514 909 PAR.
1542 878 1627 914 Quia

773 990 1012 1003 eaeeoaeeae‘w‘ee

167 1080 282 1102 versus
297 1071 404 1112 prima
420 1071 548 1113 syllaba
565 1072 775 1112 praecedenti
798 1073 1007 1108 attribuitur,
1024 1076 1061 1103 ut
1078 1081 1195 1103 versus
1213 1072 1281 1105 sint
1298 1074 1464 1104 octonarii
1481 1074 1625 1106 Iambici

167 1114 346 1155 quadrati.'
372 1115 428 1146 Fa.
455 1115 464 1132 ‘
483 1115 600 1146 Nostri
626 1115 730 1146 Haut.
774 1116 842 1146 Sed
860 1116 939 1155 quid
957 1121 1022 1154 est,
1043 1115 1081 1146 Si
1104 1116 1151 1146 vis
1177 1116 1275 1148 vero?
1310 1116 1492 1148 Donatus:
1516 1119 1525 1134 ‘
1548 1118 1625 1149 Vero

167 1157 224 1188 vel
238 1167 359 1188 nomen
375 1162 438 1196 est,
455 1158 509 1188 vel
526 1157 745 1198 Conjunctio,
767 1158 819 1188 vel
845 1157 1080 1190 Adverbium.’
1124 1159 1246 1189 Nonne
1276 1159 1351 1189 haec
1381 1160 1455 1191 loco
1482 1159 1627 1192 obscuro

167 1209 320 1240 magnam
338 1201 445 1230 lucem
465 1199 636 1231 inferunt?
671 1201 762 1233 Quid
780 1210 880 1241 porro
903 1205 969 1239 est,
990 1201 1101 1232 Veram
1128 1202 1279 1231 rationem
1306 1203 1453 1242 exsequi?
1486 1203 1559 1243 quis
1577 1204 1626 1235 sie

166 1243 300 1274 locutus
317 1244 389 1273 est?
412 1243 502 1274 Vide
519 1252 560 1273 an
579 1253 648 1274 rem
662 1243 768 1283 ipsam
785 1244 984 1284 conjectura
1001 1244 1172 1284 tetigerim
1190 1254 1196 1274 :
1221 1244 1289 1275 Aac
1303 1246 1424 1284 quidem
1438 1246 1537 1276 hercle
1549 1256 1624 1286 par-

166 1295 256 1322 vom3
276 1285 304 1316 si
319 1286 364 1316 vis
378 1295 482 1316 veram
496 1286 587 1316 verba
601 1287 640 1316 ad
656 1286 807 1317 rationem
822 1287 923 1326 exigi.
980 1287 1128 1317 Dixerat
1150 1286 1361 1326 Pamphilus,
1379 1288 1531 1327 Magnam
1547 1289 1623 1329 quid

166 1328 322 1366 evenisse;
356 1328 538 1368 respondet
564 1338 692 1367 servus,
715 1327 785 1360 Aut
808 1330 945 1369 quidem
961 1330 1112 1369 Parvum,
1128 1329 1155 1360 si
1173 1331 1258 1360 veris
1275 1330 1342 1360 suis
1358 1331 1549 1362 nominibus
1568 1341 1622 1362 res

168 1371 334 1411 appellari
352 1371 421 1410 vis;
446 1372 473 1402 si
490 1371 539 1401 vis
558 1371 661 1402 verba
677 1372 764 1407 exigi
783 1373 823 1402 ad
838 1382 949 1403 veram
967 1372 1153 1403 rationem:
1179 1377 1216 1403 ut
1233 1372 1356 1403 Cicero
1383 1373 1392 1389 ‘
1411 1375 1557 1413 Exigere
1568 1384 1622 1405 co-

166 1413 297 1444 lumnas
309 1413 349 1444 ad
369 1414 825 1454 perpendiculum‚'et0vid.
842 1416 926 1446 Met.
939 1424 989 1446 lx.
1003 1418 1077 1445 500.
1101 1416 1111 1431 ⁴
1127 1415 1208 1455 quid
1227 1415 1268 1445 ad
1285 1416 1440 1446 coelestia
1456 1417 1539 1447 ritus
1552 1417 1623 1447 Ex-

160 1455 260 1496 'igere
274 1457 437 1487 humanos
453 1457 652 1497 diversaque
667 1456 798 1488 foedera
818 1463 913 1489 tento
927 1457 971 1488 ?''
1005 1458 1099 1488 Bent.
1127 1458 1191 1488 Aut
1208 1458 1287 1498 Bip.
1316 1468 1381 1499 quo
1402 1459 1523 1499 judice
1547 1464 1554 1476 ‘
1574 1465 1622 1491 te·

167 1509 261 1530 mere
274 1504 384 1532 mutat
400 1499 514 1532 Bent.'
556 1500 566 1516 ⁴
588 1500 741 1531 Donatus
758 1501 799 1530 ad
815 1510 885 1531 vero
902 1500 1057 1531 adhaesit.
1102 1500 1249 1531 Videtur
1264 1505 1375 1532 autem
1395 1503 1445 1532 vel
1464 1511 1525 1542 pro
1541 1501 1622 1539 ἀλη-

167 1543 252 1573 θινῶς
266 1543 408 1581 dictum,
424 1544 475 1573 vel
493 1552 564 1583 pro,
581 1553 619 1573 ex
634 1543 775 1574 veritate.
807 1543 1012 1584 Conjunctio
1028 1543 1164 1574 minime
1181 1544 1306 1583 placet.
1332 1544 1490 1584 Guyetus
1505 1543 1543 1574 τὺ
1556 1546 1626 1577 Ex-

166 1586 253 1626 sequi
269 1586 518 1626 interpretatur
533 1595 672 1622 narrare,
688 1587 866 1625 διηγεῖσθαι.
922 1586 979 1617 Ita
1004 1586 1125 1617 Pnaed.
1153 1595 1210 1616 ιιι.
1237 1589 1288 1618 10.
1310 1590 1363 1618 59.
1388 1591 1396 1604 ‘
1417 1587 1501 1618 Haec
1528 1597 1626 1619 exse-

168 1633 292 1669 quutus
321 1638 392 1659 sum
425 1634 608 1669 propterea
635 1628 812 1668 pluribus.'
859 1629 924 1660 Ubi
953 1628 1029 1659 vide
1063 1627 1282 1660 Schefferum.
1327 1630 1475 1660 Dubium
1507 1636 1622 1661 autem

167 1671 295 1702 nullum
326 1676 390 1710 est,
419 1671 499 1712 quin
531 1671 654 1711 valeat,
685 1675 796 1712 putare
820 1672 984 1711 rationem,
1012 1672 1147 1710 cogitate
1167 1672 1326 1703 meditari.
1382 1673 1437 1704 lta
1466 1673 1620 1710 Plautus,

168 1713 243 1745 Mil.
257 1722 314 1746 111.
329 1717 360 1745 3.
377 1716 430 1744 71.
474 1713 589 1745 Livius
606 1714 755 1755 saepius.’
782 1715 883 1746 West.
927 1715 973 1745 At
987 1715 1109 1755 quidem
1124 1715 1195 1745 ltere
1215 1717 1355 1754 (pravom
1378 1717 1406 1746 si
1432 1716 1482 1746 vis
1496 1716 1623 1747 verbum

167 1766 273 1788 veram
287 1758 329 1788 ad
343 1757 493 1787 rationem
513 1756 617 1797 exigi)
630 1757 732 1788 Both.
762 1758 861 1788 Haud
877 1761 912 1788 et
923 1767 1052 1797 parvum
1068 1767 1182 1788 omnes
1200 1758 1285 1788 Mss.
1303 1757 1392 1797 apud
1410 1758 1518 1789 Boecl.
1535 1768 1620 1790 unus

167 1799 330 1840 equidem;
351 1809 480 1840 parvum
495 1803 540 1830 est
556 1800 767 1840 Delph.——-27
794 1801 878 1831 Nam
890 1799 1214 1839 maximae,...injuriae
1230 1801 1303 1830 vult
1319 1800 1406 1831 Gov.
1449 1802 1458 1817 ‘
1477 1801 1553 1832 Non
1570 1807 1623 1833 est

168 1841 328 1873 ferendus
345 1842 513 1883 Guyetns,
530 1843 659 1883 legens,
679 1843 748 1874 Non
763 1853 917 1874 maxamae
932 1847 1014 1883 sunt,
1030 1853 1192 1874 maxumas
1206 1853 1274 1883 quoe
1290 1844 1446 1874 interdum
1461 1844 1526 1874 iras
1540 1844 1623 1882 inju-

168 1885 227 1915 riae
244 1884 383 1923 faciunt.
428 1885 614 1917 Manifesta
638 1885 808 1925 ὑπαλλαγὴ
833 1891 898 1925 est,
920 1886 1053 1917 inverso
1081 1896 1192 1917 rerum
1219 1891 1254 1916 et
1282 1886 1461 1917 verborum
1490 1886 1626 1918 ordine.

168 1928 292 1959 Sensus
308 1934 383 1960 est:
407 1928 417 1946 ‘
435 1929 512 1960 Non
539 1938 725 1966 maxumas,
742 1939 818 1970 quae
836 1939 1002 1959 maxumae
1026 1934 1104 1959 sunt
1129 1928 1299 1959 interdum
1319 1929 1465 1969 injuriae,
1482 1929 1547 1960 iras
1575 1929 1627 1960 fa-

169 1970 289 2002 ciunt.'
334 1970 434 2004 Quod
451 1976 487 2002 et
503 1972 658 2003 Donatus
674 1972 882 2004 observavit.
924 1972 1024 2003 Unde
1049 1971 1133 2002 adeo
1160 1981 1226 2003 non
1254 1972 1379 2012 placet,
1402 1972 1438 2002 τὸ
1452 1972 1580 2009 faciunt
1604 1982 1624 2003 a

170 2013 261 2044 Mer.
288 2013 487 2045 Casaubono
503 2019 538 2045 et
552 2015 710 2046 Boeclero
734 2020 811 2055 post
827 2016 1001 2046 Donatum
1019 2015 1106 2045 verti
1125 2024 1183 2054 per
1205 2018 1214 2032 ‘
1234 2015 1429 2050 ostendunt,
1446 2014 1553 2045 factas
1571 2024 1624 2046 ar-

170 2056 300 2096 guunt?
344 2057 354 2074 ‘
369 2056 504 2097 Injuriae
521 2056 651 2088 faciunt
667 2057 731 2087 iras
745 2057 753 2070 ’
778 2058 978 2097 simpliciter
1003 2057 1145 2095 dictum,
1162 2067 1237 2098 pro,
1260 2060 1269 2075 ‘
1287 2056 1450 2095 efficiunt,
1468 2057 1622 2097 gignunt,

170 2098 378 2130 conciliant?
419 2099 477 2130 Sic
494 2109 571 2130 mox
588 2109 620 2131 v.
636 2102 689 2130 33.
712 2101 720 2116 ‘
738 2100 829 2131 Iram
846 2101 931 2130 hanc
957 2100 1167 2131 conciverit!
1201 2100 1300 2132 West.
1356 2100 1412 2130 Sic
1428 2099 1527 2130 hodie
1544 2100 1624 2130 libri

170 2150 307 2172 omnes:
344 2151 483 2182 prorsus
509 2146 628 2173 contra
654 2142 721 2173 loci
749 2143 965 2173 sententiam.
1008 2143 1185 2174 Donatus:
1215 2148 1222 2160 ‘
1242 2142 1381 2182 Injuriae
1398 2142 1527 2173 faciunt
1543 2143 1623 2182 iras,

169 2193 238 2214 non
255 2184 314 2214 irae
331 2184 490 2225 injurias3
515 2185 575 2216 sed
599 2184 917 2217 Ιιίο’ὑποιλλακτικῶς
939 2185 1038 2217 dixit.
1084 2184 1166 2224 Alii,
1191 2186 1348 2223 Faciunt,
1373 2195 1433 2225 pro
1461 2185 1622 2226 probant,

170 2226 380 2258 ostendunt.’
426 2227 533 2268 Atqui
549 2227 623 2268 quis
637 2237 726 2258 sanae
742 2229 864 2259 mentis
882 2229 1029 2267 scriptor
1056 2228 1189 2258 Faciunt
1215 2228 1268 2258 hic
1295 2229 1463 2267 posuisset
1481 2238 1541 2268 pro
1563 2229 1623 2259 Os-

170 2270 320 2301 tendant?
347 2269 418 2300 Aut
434 2280 500 2311 quo
515 2270 628 2306 modo,
645 2270 671 2300 si
690 2271 906 2311 Hypallagen
923 2271 1088 2309 nomines,
1102 2271 1265 2301 continuo
1277 2279 1318 2300 ex
1332 2272 1413 2301 atris
1431 2271 1504 2301 alba
1518 2271 1624 2302 fient?

172 2312 327 2353 Repone,
346 2313 417 2343 Νοη
435 2323 599 2352 maxumae,
615 2323 683 2353 quoe
698 2323 851 2344 maxuma²
863 2316 936 2344 sunt
951 2313 1109 2344 interdum
1124 2313 1193 2352 ἵνα»,
1205 2312 1331 2351 injuriae
1349 2314 1493 2344 faciunt.
1539 2314 1622 2344 Hel-

171 2355 361 2391 lenismum‚
377 2355 494 2395 credo,
509 2357 662 2396 agnoscis
677 2366 686 2395 ;
710 2356 772 2387 1⁷·ae
789 2366 850 2397 pro
865 2356 954 2393 iras,·
978 2366 1044 2396 quo
1062 2366 1183 2387 nomen
1201 2357 1354 2396 sequitur
1371 2366 1485 2387 casum
1502 2366 1622 2396 prono-

171 2397 285 2430 minis.
329 2398 378 2429 Ut
394 2398 484 2430 And.
501 2399 594 2429 Prol.
617 2399 625 2414 ³
643 2399 777 2439 Populo
794 2403 830 2429 ut
846 2399 1032 2439 placerent,
1049 2408 1132 2439 (pias
1150 2397 1287 2429 fecisset
1302 2398 1464 2430 fabulasz'
1487 2408 1549 2438 pro
1562 2399 1626 2429 Fa-

172 2441 272 2472 hulae:
296 2441 344 2472 sic
361 2446 482 2472 contra
497 2441 551 2472 hic
569 2442 631 2472 Iroe
648 2451 710 2482 pro
727 2442 821 2478 Iras;
844 2441 921 2482 quia
938 2442 990 2471 hic
1008 2442 1086 2475 Quce
1104 2451 1288 2481 pronomen
1306 2447 1371 2478 est,
1385 2441 1430 2471 ibi
1447 2441 1544 2476 Quas.
1567 2441 1624 2472 Sic

173 2493 250 2515 mox
265 2494 293 2515 v.
305 2486 358 2514 31.
371 2485 379 2501 ‘
392 2484 634 2524 Quapropter?
650 2485 727 2525 quia
739 2485 827 2515 enim
841 2485 897 2524 qui
908 2494 964 2515 eos
975 2484 1137 2519 gubernat
1150 2484 1289 2519 animus,
1301 2483 1466 2514 infirmum
1480 2484 1624 2523 gerunt.2

174 2527 306 2557 Animus
324 2536 385 2566 pro
401 2527 549 2557 Animum
565 2531 706 2567 propter
723 2536 907 2567 pronomen
926 2528 1001 2562 Qui.
1025 2527 1126 2558 Bent.
1170 2530 1178 2543 ‘
1198 2532 1327 2556 temere
1342 2525 1349 2539 '
1374 2527 1452 2565 Bip.
1469 2532 1503 2556 at
1520 2526 1624 2558 Bent.

175 2570 327 2610 sequitur
343 2570 443 2600 Both.
478 2571 487 2587 ‘
506 2570 653 2600 Bentleii
667 2570 749 2600 mire
767 2574 896 2600 mutata
909 2569 1105 2610 praetereo!
1128 2570 1303 2600 Perl.—-2S
1329 2569 1365 2598 In
1381 2568 1490 2608 quibus
1506 2568 1625 2601 Guelf.

175 2614 291 2643 2.-—29
318 2612 430 2642 Factus
445 2613 525 2643 alter
538 2612 771 2643 inimicissimus
787 2613 868 2643 Mss.
892 2612 1024 2653 quidam
1050 2617 1085 2642 et
1109 2611 1274 2651 impressi.
1315 2612 1415 2642 lVest.
1453 2612 1557 2642 Causa
1573 2612 1626 2643 ille

176 2655 228 2694 qui
243 2658 289 2684 est
302 2654 400 2692 insa.
417 2658 462 2686 est
476 2655 563 2686 z’m'm.
589 2654 704 2686 Gnetf.
720 2658 835 2685 3.--30
862 2655 978 2685 Noxiis
991 2655 1094 2694 exigit
1112 2654 1198 2684 ratio
1215 2655 1395 2692 octonarii,
1409 2658 1444 2684 et
1459 2655 1506 2685 ita
1524 2659 1576 2684 est
1593 2654 1627 2685 in

176 2697 290 2727 multis
306 2697 411 2737 libris,
435 2704 472 2729 et
498 2698 531 2728 in
555 2697 594 2728 iis
614 2698 711 2728 Beni.
729 2698 818 2728 Vict.
837 2698 915 2728 Bas.
932 2706 965 2727 et
984 2698 1046 2727 Do.
1083 2697 1141 2728 Fa.
1197 2696 1315 2727 Nostri
1341 2697 1444 2727 etiam
1471 2697 1626 2736 plerique

178 2739 306 2772 Noxiis.
350 2741 414 2771 Sed
433 2741 571 2781 insuper
587 2750 726 2780 repone,
741 2750 862 2780 magno
889 2740 1065 2770 sententiae
1094 2740 1319 2778 incremento,
1335 2740 1435 2770 Pueri
1455 2739 1537 2770 iuter
1563 2749 1627 2770 sese

177 2790 253 2823 quas
272 2792 329 2824 pro
351 2783 466 2815 levibus
487 2783 592 2815 noxiis
614 2783 679 2814 iras
704 2786 843 2822 gerunt?
865 2783 968 2814 Bent.
995 2782 1163 2822 probante
1180 2783 1272 2813 Perl.
1320 2783 1419 2813 Pueri
1442 2792 1498 2822 pro
1514 2782 1627 2814 letibus
