1966 3302
278 252 364 295 734
422 240 428 249 ’
776 257 815 286 P.
847 253 1088 284 TEREN'ru
1122 253 1237 283 Arm

281 359 445 401 Misere
465 356 595 398 nimis
617 353 768 407 cupio,
788 355 837 394 ut
857 352 992 405 coepi,
1014 353 1272 404 perpetuum
1293 349 1338 389 in
1353 348 1511 389 laetitia
1528 347 1683 400 degere
1700 361 1710 389 ε

280 430 338 470 Et
373 426 479 469 illud
529 438 600 466 rus
639 423 762 464 nulla
801 422 890 463 alia.
928 433 1065 461 causa
1104 425 1194 460 tam
1230 418 1345 459 male
1382 417 1470 467 odi,
1513 417 1596 458 nisi
1629 417 1733 470 quia

454 506 597 548 prope
618 491 702 532 'stz

282 562 414 614 Quod
439 563 477 602 si
500 562 677 612 abesset
696 559 882 611 longius,
1727 592 1731 596 ,

280 631 412 672 Prius
432 642 526 670 nox
547 610 843 682 oppressisset
863 623 971 673 illic,
994 635 1126 676 quam
1157 621 1241 661 huc
1273 619 1437 661 revorti
1470 622 1626 673 posset
1651 618 1734 659 ite-

458 709 566 738 rum.

282 767 417 810 Nunc
438 766 514 806 ubi
535 777 602 804 me
620 762 714 803 illic
733 773 820 801 non
840 759 1025 807 videbit,
1051 757 1145 811 jam
1167 756 1252 798 huc
1273 760 1482 805 recurret,
1505 758 1576 796 sat
1594 754 1704 796 scio.

283 833 514 890 Rogitabit
532 844 617 880 me,
643 829 722 871 ubi
752 827 936 894 fgegim3
968 838 1095 879 quem
1129 837 1209 878 ego
1242 824 1374 866 hodie
1407 826 1500 864 toto
1531 835 1619 863 non
1639 821 1735 863 vidi

453 901 539 941 die.
869 891 873 894 ’
1676 889 1734 930 11

282 1045 349 1072 tate
371 1045 401 1073 et
425 1042 540 1081 gaudio
564 1041 717 1071 insumere
739 1037 931 1069 vehementer
956 1036 1112 1066 desidero.-
1136 1038 1166 1066 et
1189 1045 1242 1066 rus
1259 1035 1337 1067 illud
1362 1045 1422 1066 non
1450 1034 1486 1066 ob
1501 1035 1596 1065 uliam
1612 1041 1735 1064 causam

282 1085 359 1116 mihi
373 1086 459 1116 valde
474 1085 610 1115 odiosum
627 1086 685 1120 est,
707 1091 797 1121 quam
813 1081 892 1120 quod
906 1079 975 1109 urbi
995 1079 1122 1119 propius
1135 1082 1201 1109 est.-
1225 1080 1304 1119 quod
1327 1078 1354 1109 si
1379 1081 1456 1109 esset
1470 1078 1628 1116 remotius,
1647 1074 1736 1115 prius

282 1138 345 1159 noa:
368 1132 491 1168 patrem
514 1129 548 1158 in
572 1126 685 1156 itinere
709 1125 880 1161 invaderet,
903 1132 993 1163 quam
1009 1123 1065 1152 huc
1077 1122 1187 1152 iterum
1203 1131 1339 1153 remeare
1353 1125 1463 1161 posset.
1509 1121 1601 1152 Nunc
1616 1118 1670 1150 ubi
1685 1118 1737 1148 ille

282 1181 330 1201 me
345 1172 377 1202 in
394 1171 468 1202 villu
484 1181 543 1201 mm
559 1168 704 1210 reperiet,
720 1167 788 1205 jum
807 1165 985 1206 properabit
1001 1165 1058 1195 huc
1073 1164 1200 1201 reverti,
1222 1165 1313 1204 probe
1328 1165 1400 1196 scio.
1447 1164 1575 1199 Quoeret
1591 1173 1609 1193 α
1623 1171 1670 1192 me
1685 1160 1737 1191 nbi

283 1217 419 1246 moratus
432 1213 566 1254 fuerim,
587 1223 655 1244 cum
671 1222 690 1242 a
704 1220 751 1242 me
766 1213 829 1241 toto
845 1210 900 1239 hoc
915 1209 964 1239 die
989 1208 1072 1239 visus
1097 1217 1158 1239 non
1174 1207 1291 1245 suerit.
1338 1207 1424 1243 Quid
1437 1202 1734 1245 excusationi-«inffe-

890 1338 1125 1351 ‘'menen-e

276 1439 421 1481 ⁴quidam
446 1438 621 1473 exhibent,
648 1437 767 1468 Misere
789 1436 900 1476 cupio‚·
923 1435 1059 1474 omisso,
1082 1434 1186 1465 nimis.
1230 1433 1312 1474 Alii,
1338 1434 1390 1464 Mi
1415 1433 1506 1474 Syre,
1528 1432 1626 1473 cupio.
1669 1431 1736 1463 Sed

285 1484 403 1514 Misere
418 1483 511 1512 nimis
527 1481 682 1512 firmatur
698 1491 717 1510 a
735 1482 882 1510 Donato.
910 1480 1011 1511 lVest.
1057 1478 1175 1509 Misere
1200 1477 1293 1508 nimis
1316 1476 1420 1517 cupio]
1445 1476 1562 1508 Nostri
1579 1474 1651 1506 fere
1667 1485 1736 1505 om-

284 1536 344 1557 nes
370 1525 488 1556 Miszre
508 1525 607 1565 cupio,
630 1533 693 1554 nec
709 1527 896 1563 agnoscunt
913 1521 995 1552 illud
1012 1521 1116 1552 nimis.
1160 1521 1254 1552 Unus
1282 1524 1395 1551 tamen
1420 1529 1461 1550 ex
1488 1519 1604 1559 Regiis
1629 1517 1739 1549 Nimis

284 1570 396 1601 misere
411 1568 510 1608 cupio.
557 1567 783 1598 Rectissime:
808 1571 843 1596 et
860 1565 937 1596 inde.
954 1571 1021 1603 est,
1038 1564 1126 1605 quod
1144 1564 1176 1594 in
1193 1564 1317 1595 ceteris
1332 1562 1421 1594 desit
1438 1562 1554 1593 Nimis.
1599 1561 1737 1600 Quippe

283 1613 373 1643 inter
384 1612 466 1642 diem
483 1616 518 1641 et
533 1610 642 1640 ‘misere
658 1609 855 1649 absorptum
879 1612 931 1640 est
960 1608 1063 1638 Nimis
1089 1605 1341 1648 (Diemmrisere).
1366 1606 1473 1638 Bent.;
1511 1604 1552 1635 Iu
1580 1604 1622 1635 R.
1646 1603 1740 1635 nimis

285 1656 394 1686 deest.
418 1654 512 1685 Lind.
557 1654 658 1692 Vulg.
682 1653 801 1683 Misere
816 1652 920 1682 nimis.
955 1651 1007 1681 Ex
1023 1660 1089 1691 qua
1111 1651 1189 1681 lect.
1214 1649 1330 1690 equid.
1354 1648 1508 1689 suspicor
1532 1647 1676 1685 venisse,
1700 1650 1738 1677 ut

284 1699 343 1730 illa
358 1697 505 1729 oriretur
522 1705 619 1737 quam
638 1696 725 1726 Pall.
742 1695 879 1733 habent,
895 1694 947 1724 Mi
962 1693 1040 1734 Syre
1055 1692 1158 1724 nimis.
1176 1693 1268 1723 Perl.
1303 1692 1410 1723 Nimis
1425 1691 1535 1723 omitt.
1551 1691 1608 1722 ΒΓ.
1633 1689 1739 1720 Nimis

283 1742 394 1772 misere
416 1739 515 1770 Both.
543 1739 635 1770 Perl.
675 1739 719 1769 Ut
733 1739 819 1778 coepi,
835 1739 921 1778 cupio
938 1737 1093 1776 Bip.-7.
1110 1738 1128 1766 8
1153 1736 1236 1766 Mss.
1252 1739 1288 1765 et
1304 1735 1386 1766 editi
1404 1734 1554 1776 quidam,
1581 1732 1643 1764 nisi
1665 1732 1739 1773 quia

284 1789 349 1815 tam
361 1793 456 1824 prope
471 1782 522 1813 ’st.
546 1783 653 1814 WVest.
701 1782 776 1812 Tam
792 1786 869 1821 post
892 1781 900 1797 ‘
915 1780 992 1820 quia
1005 1778 1014 1792 '
1039 1777 1200 1815 Guelf.,2.
1226 1777 1310 1808 Perl.
1349 1777 1417 1808 Alii
1436 1777 1546 1808 versui
1563 1779 1594 1807 7.
1613 1780 1739 1816 praeter

284 1831 431 1858 metrum
448 1825 576 1856 addunt
592 1835 685 1865 prope
700 1828 766 1856 est:
791 1823 879 1864 quod
897 1832 972 1854 cum
990 1823 1048 1853 Er.
1066 1821 1221 1862 sequenti
1242 1820 1491 1861 praemittimus.
1515 1819 1590 1859 Bip.
1636 1817 1738 1849 Hunc

286 1879 419 1901 versum
437 1873 472 1899 et
490 1872 686 1909 sequentem
703 1868 750 1898 ita
767 1866 943 1898 ordinatos
964 1865 1067 1896 habet
1092 1864 1290 1903 Bembinas,
1317 1864 1361 1894 Et
1386 1863 1464 1894 illud
1489 1871 1542 1893 rus
1565 1861 1650 1892 nulla
1677 1861 1739 1891 alia

285 1923 378 1944 causa
393 1915 457 1942 tam
473 1913 551 1942 male
566 1912 629 1951 odi,
657 1911 720 1942 m'si
744 1911 817 1951 quia
835 1908 983 1950 prope'st.
1030 1907 1120 1942 Quod
1141 1907 1169 1938 si
1184 1907 1298 1938 abesset
1314 1906 1447 1945 longius.
1473 1906 1533 1936 Fa⁴
1580 1903 1654 1935 Hos
1671 1913 1738 1934 vss.

286 1957 336 1988 sic
353 1955 453 1986 Roth.
467 1954 548 1985 dat:

586 1997 630 2026 Et
644 1996 720 2026 illud
735 2005 788 2026 rus
803 2005 831 2025 n.
849 2006 879 2026 a.
894 2005 921 2026 c.
939 1995 985 2025 ita
1001 1993 1079 2024 male
1093 1994 1157 2031 odi,

589 2039 662 2069 Nisi
677 2039 748 2079 quia
762 2048 855 2078 prope
871 2041 927 2069 esc.
972 2036 1090 2072 Quodsi
1105 2036 1225 2075 longius
1241 2034 1372 2074 abesset,

586 2083 663 2113 Nox
677 2082 777 2121 prius,
792 2083 844 2121 ὅγε.

287 2131 350 2159 -9
376 2128 479 2163 Quam
495 2126 553 2156 huc
567 2125 681 2156 reverti
699 2128 799 2164 posset
814 2123 941 2163 iterum]
967 2122 1057 2153 Finis
1075 2126 1127 2152 est
1143 2130 1257 2152 versus
1277 2119 1438 2153 trochaici
1455 2118 1646 2151 tetrametri
1664 2127 1739 2149 aca-

287 2171 451 2202 talectici.
497 2169 587 2199 Puto
605 2174 717 2198 tamen
736 2177 811 2198 eum
828 2170 1040 2206 corruptum,
1065 2169 1100 2195 et
1127 2174 1186 2205 pro
1208 2168 1311 2205 posset
1328 2163 1506 2204 legendum
1524 2172 1598 2194 esse
1612 2162 1738 2202 possiet.

287 2214 482 2245 Dictionem
501 2221 581 2242 vero
595 2211 709 2241 iterum
726 2210 915 2248 delendam,
928 2218 967 2240 eo
983 2207 1089 2247 magis
1103 2208 1191 2248 quod
1207 2209 1241 2238 in
1257 2208 1353 2238 Bem-
1369 2216 1434 2236 non
1451 2205 1587 2237 omnino
1601 2205 1739 2245 legitur,

284 2260 387 2297 posset
400 2257 525 2293 iterum,
549 2253 608 2284 sed
629 2263 715 2294 posse
736 2254 871 2284 iterum:
895 2253 927 2283 in
953 2251 1099 2292 quodam
1128 2259 1206 2281 vero
1233 2251 1299 2280 alio
1316 2249 1417 2288 libro,
1431 2252 1532 2288 posset
1547 2249 1626 2279 iter.-
1651 2247 1739 2289 quod

288 2309 354 2334 non
380 2299 428 2329 ita
457 2299 598 2328 multum
626 2297 730 2326 distat
756 2306 775 2326 a
799 2296 931 2334 possiet.-
954 2295 1004 2325 ita
1027 2303 1145 2324 versus
1173 2297 1262 2324 esset
1285 2292 1479 2324 octonarius
1497 2290 1679 2330 lambiens,
1703 2295 1740 2321 ut

288 2342 409 2374 ceteri.
434 2342 494 2372 Fa.
539 2337 707 2378 Πλεονάζει
732 2338 769 2370 τὸ
791 2337 961 2369 ‘iterun1.'
1008 2337 1145 2369 Quanto
1169 2337 1276 2367 minus
1300 2335 1475 2366 ferendum
1499 2333 1580 2364 illud
1598 2333 1742 2373 Guyeti,

287 2385 403 2416 revorti
427 2387 573 2425 posseret,
599 2386 634 2412 et
660 2381 783 2413 Faerni
810 2382 937 2421 possiet,
953 2381 1067 2411 deleto
1084 2380 1206 2410 iterum.
1250 2379 1297 2410 Ut
1325 2384 1437 2409 tamen
1463 2377 1507 2408 sit
1533 2375 1739 2407 Trochaicus

289 2428 481 2461 octonarius
498 2425 732 2461 catalecticus,
748 2425 858 2456 Faber
873 2424 957 2464 legit
971 2434 979 2454 z
1006 2422 1096 2453 Priu’
1112 2432 1174 2452 nox
1189 2421 1389 2462 oppressisset
1403 2420 1482 2459 illic,
1497 2429 1589 2460 quam
1601 2419 1659 2449 huc
1671 2428 1740 2458 pos-

288 2475 333 2502 see
350 2471 512 2501 revortier.
538 2469 644 2498 West.
687 2468 840 2507 Longius,
862 2467 949 2507 prins
967 2467 1051 2503 Nox,
1066 2464 1136 2504 δῖα]
1160 2465 1261 2505 Vulg.
1286 2464 1373 2504 prius
1389 2462 1499 2494 versui
1515 2465 1546 2493 9.
1563 2462 1740 2502 praemitti-

291 2521 357 2552 tur,
381 2513 437 2554 qui
455 2512 503 2542 sic
521 2515 612 2541 totus
629 2510 764 2541 aberrat
781 2521 799 2541 a
816 2516 926 2541 metro
941 2520 948 2540 ι
971 2509 1024 2540 cui
1043 2515 1079 2539 ut
1097 2509 1323 2547 mederemur,
1350 2516 1452 2546 porro
1479 2504 1621 2536 fecimus
1636 2514 1740 2535 revor-

289 2558 350 2587 tz'er
364 2565 462 2597 quam
480 2554 606 2584 revorti.
650 2554 706 2584 Sic
721 2563 787 2583 non
805 2563 889 2594 opus
908 2554 952 2590 vi,
978 2561 1075 2592 quani
1093 2551 1148 2581 alii
1166 2549 1326 2582 inferunt.
1348 2550 1510 2589 Βὴλ-10
1538 2547 1657 2579 Viderit
1674 2547 1741 2577 Ms.

290 2600 384 2639 Lips.
423 2599 519 2628 West.
573 2597 652 2627 Illuc
679 2595 796 2627 Guelf.
819 2598 933 2628 3.-11
960 2593 1106 2627 Quidam
1134 2595 1218 2625 Mss.
1246 2598 1282 2624 et
1308 2593 1391 2623 editi
1418 2595 1564 2626 veteres,
1592 2589 1742 2629 Rogabo.

290 2642 445 2682 Guyetns
464 2649 542 2671 vero
560 2644 593 2670 ct
610 2649 656 2669 me
671 2643 707 2669 et
730 2650 784 2677 ego
812 2639 843 2669 in
872 2639 934 2669 hoc
962 2646 1061 2668 versu
1089 2637 1155 2668 duo
1178 2638 1382 2677 glossemata
1397 2639 1497 2666 vocat
1514 2633 1546 2665 ἐν
1561 2631 1743 2664 ἆνεκδότοις.

297 2685 396 2715 ‘West.
445 2683 581 2720 Rogabit
596 2692 643 2712 me
659 2681 851 2721 ubificerim]
875 2682 973 2712 Bem.
992 2680 1173 2718 Rogitabit.-
1189 2679 1278 2720 quod
1296 2677 1476 2709 instantius
1491 2681 1554 2707 est.
1580 2676 1638 2707 Fa.
1677 2675 1742 2705 Ro-

287 2727 406 2767 gitabit
417 2725 610 2764 ubisuerr'm]
627 2724 745 2754 Nostri
759 2734 873 2755 omncs
884 2734 960 2755 cum
973 2723 1059 2753 Edd.
1074 2728 1157 2755 vett.
1183 2721 1320 2760 Rogabit
1332 2730 1390 2756 me,
1402 2719 1591 2758 ubisuerim.
1616 2717 1740 2749 Recte.

289 2773 298 2787 ‘
316 2770 381 2800 Ubi
394 2769 402 2783 '
418 2772 596 2799 accentum
611 2767 664 2798 hic
682 2766 783 2797 habet
801 2768 831 2796 in
849 2766 981 2807 syllaba
996 2766 1122 2805 priore.
1168 2766 1256 2802 Ergo
1278 2763 1403 2801 Ubisue
1419 2761 1740 2803 proceleusmaticus

290 2818 355 2851 est,
386 2812 525 2851 Dactyli
544 2816 677 2851 ternpus
693 2810 842 2846 lialicns3
866 2814 901 2841 et
929 2810 1016 2840 irato
1032 2808 1184 2848 apprime
1205 2806 1365 2840 convenit
1382 2805 1499 2847 rapide
1515 2804 1620 2846 loqui.
1644 2804 1742 2835 Rem.

775 2880 804 2905 ψ)
