1966 3302
577 258 924 290 ADELPHORUM
960 257 1067 287 Acr.
1100 257 1129 285 1.
1161 255 1228 286 sc.
1262 257 1291 285 1.
1579 246 1663 285 677

218 357 376 411 Neque
396 355 664 414 servolorum
686 355 932 408 quisquam,
954 353 1030 407 qui
1053 352 1290 393 advorsum
1311 351 1477 392 ierant?

218 425 428 467 Profecto
449 418 660 465 hoc'vere
683 422 853 463 dicunt:
886 421 923 461 si
946 420 1068 461 absis
1089 420 1280 473 uspiam,

217 492 312 533 Aut
331 493 408 533 ubi
431 492 471 533 si
493 503 661 539 cesses,
683 489 857 531 evenire
877 502 930 529 ea
950 488 1089 528 satius
1111 492 1192 537 est,

218 559 333 610 Quae
353 560 398 601 in
419 564 464 601 te
484 571 600 600 uxor
620 558 743 607 dicit,
764 561 807 597 et
827 569 927 610 quae
948 555 991 595 in
1012 555 1157 595 animo
1180 553 1344 605 cogitat

217 627 353 678 Irata,
373 641 506 682 quam
526 627 618 676 illa,
636 638 738 680 quae
760 628 967 678 parentes
987 623 1182 677 propitii.

217 694 358 745 Uxor,
379 695 417 735 si
438 706 599 744 cesses,
618 697 692 735 aut
712 696 753 733 te
772 703 918 732 amare
935 690 1118 744 cogitat,

215 761 309 803 Aut
327 765 411 803 tete
432 761 586 811 amari,
609 764 684 802 aut
703 764 871 814 potare,
900 764 976 800 aut
996 759 1143 799 animo
1166 756 1380 814 obsequi;

216 829 274 871 Et
294 829 372 871 tibi
385 830 499 874 ,bene
521 842 619 870 esse
641 828 739 876 soli,
761 841 860 869 cum
881 827 966 868 sibi
989 827 1045 867 sit
1064 826 1194 867 male.
1218 816 1227 821 “

215 897 322 951 Ego,
344 896 448 959 quia
467 910 551 938 non
570 895 698 937 rediit
717 895 852 945 filius,
885 907 984 949 quae
1006 894 1170 946 cogito,
1609 890 1665 931 10

214 965 274 1006 Et
294 965 453 1020 quibus
474 978 588 1006 nunc
609 963 803 1006 solicitor
825 963 978 1004 rebus!
1010 975 1071 1025 πὲρ-
1081 966 1158 1002 aut
1173 960 1245 1001 ille
1266 958 1433 1007 adserit,

213 1034 307 1076 Aut
327 1033 500 1088 uspiam
518 1032 740 1085 ceciderit,
763 1035 840 1072 aut
861 1029 1119 1084 perfregerit

1637 552 1664 593 ΞΠ

273 1142 296 1159 Γ..
460 1141 463 1144 ⁴
479 1143 490 1160 ,-

211 1172 272 1211 vio,
283 1172 338 1208 ταὶ
351 1171 445 1212 affuit
458 1174 527 1203 oum
539 1171 690 1202 sodalibus
704 1171 769 1202 suis
779 1182 790 1208 ;
814 1180 909 1210 neque
919 1171 1001 1200 ullus
1015 1180 1054 1200 ex
1064 1169 1173 1207 servis,
1187 1169 1239 1208 qui
1252 1166 1372 1198 obi-inm
1387 1166 1414 1196 ei
1431 1165 1516 1196 missi
1532 1165 1663 1202 fueraut

211 1223 280 1245 eum
292 1216 488 1249 pomitatum.
532 1216 683 1256 Equidem
703 1215 767 1245 haec
788 1224 924 1244 commun
931 1215 958 1243 is
972 1213 1123 1243 sententia
1138 1221 1209 1242 vera
1225 1215 1288 1241 est.-
1313 1210 1412 1240 minus
1428 1211 1605 1240 damnosum
1619 1209 1665 1237 est

212 1268 248 1288 ea
262 1258 399 1289 accidere
413 1269 482 1299 quoe
496 1268 575 1289 uxor
590 1259 671 1289 irata
690 1259 728 1288 de
750 1261 779 1287 te
793 1257 979 1296 suspicatur,
1001 1260 1030 1286 et
1056 1256 1158 1286 animo
1173 1254 1308 1293 conjicit,
1330 1262 1420 1292 quam
1445 1253 1511 1289 illa,
1527 1261 1594 1290 quoe
1608 1260 1664 1289 pa·

210 1304 314 1331 rentes
327 1301 373 1339 pii
396 1305 425 1332 et
438 1301 579 1342 filiorum
592 1300 721 1332 studiosi
735 1300 780 1331 eis
803 1301 925 1330 timent.
972 1300 1070 1334 Uxor,
1085 1298 1114 1329 si
1129 1297 1233 1327 tardes
1247 1298 1369 1327 domum
1384 1295 1496 1329 redire,
1514 1297 1568 1323 aut
1583 1292 1664 1323 alius

212 1344 350 1375 mulieris
373 1354 475 1375 altiore
489 1345 622 1375 detineri
638 1347 667 1375 te
681 1344 867 1384 suspicatur,
881 1345 935 1373 aut
954 1342 1047 1372 aliam
1062 1350 1164 1371 amore
1181 1340 1228 1370 tui
1243 1342 1363 1379 coptam
1379 1347 1452 1378 esse,
1476 1340 1530 1367 aut
1544 1345 1663 1375 compo-

211 1386 380 1418 tationibus
404 1390 435 1418 te
464 1388 600 1418 deditum
630 1396 704 1425 esse,
725 1390 780 1417 aut
802 1385 953 1426 voluptati
979 1385 1151 1420 inser-virm
1174 1383 1304 1423 denique
1331 1385 1360 1412 te
1376 1381 1472 1411 solum
1489 1381 1521 1410 in
1542 1378 1663 1410 deliciis

210 1430 341 1468 versari,
365 1431 438 1460 dum
459 1430 527 1471 ipsa
555 1430 702 1461 molestiis
730 1433 760 1460 et
780 1429 915 1459 tristitia
944 1427 1112 1458 cruciatur.
1157 1425 1220 1464 Ah,
1241 1434 1308 1465 quae
1330 1423 1515 1464 suspiciones
1529 1425 1662 1453 mentem

211 1482 309 1504 meam
323 1473 458 1512 agitant,
475 1474 548 1513 quia
563 1483 622 1504 non
636 1470 852 1513 rediitjilius!
875 1471 984 1511 quibus
999 1469 1160 1501 timoribus
1174 1469 1295 1499 animus
1308 1466 1465 1506 angitur!
1486 1475 1522 1496 ne
1537 1468 1592 1495 aut
1606 1465 1660 1495 ille

210 1515 378 1548 AEscliinus
398 1516 503 1556 ass’ore
526 1515 731 1557 obstupuerit,
753 1518 807 1546 aut
823 1514 944 1554 uspiam
959 1514 1062 1553 lapsus
1077 1511 1243 1543 membrum
1256 1511 1381 1551 aliquod
1396 1509 1454 1540 sibi
1471 1510 1592 1540 omnino
1606 1517 1659 1538 ru-

815 1609 935 1621 ooooo
937 1609 1056 1621 mooe

210 1693 337 1730 praeter
347 1688 495 1721 ancillas,
519 1688 610 1720 Bent.
643 1687 752 1719 Miror
764 1686 895 1727 signum
914 1687 991 1728 poni
1005 1696 1022 1717 a
1036 1684 1205 1717 nonnullis
1216 1681 1460 1723 interrogandi,
1475 1691 1551 1712 cum
1568 1680 1663 1712 nulla

208 1733 361 1764 storacis
377 1732 531 1773 sequitur
544 1730 729 1772 responsio.
743 1730 831 1761 Perl.
857 1730 941 1761 Cum
954 1729 1111 1760 exeundo
1126 1731 1279 1758 vocasset
1290 1728 1479 1763 Storacem,
1489 1733 1658 1764 nemoque

209 1785 380 1807 servorum
397 1774 643 1815 respondisset,
666 1779 742 1814 post
759 1773 1002 1814 aliquantulum
1029 1771 1189 1811 temporis
1206 1780 1247 1800 ex
1270 1769 1405 1800 silentio
1426 1768 1658 1807 conjecturam

208 1818 305 1857 facit,
328 1827 473 1858 suosque
495 1827 611 1848 sensus
639 1817 817 1858 eloquitur.
862 1817 1042 1856 Sapienter
1064 1814 1126 1845 hoc
1150 1818 1264 1844 mouet
1291 1817 1370 1853 post
1394 1812 1459 1842 Do'.
1482 1810 1658 1850 Dacieria,

208 1867 374 1903 notatque
401 1861 496 1899 alios,
518 1861 575 1901 qui
600 1864 675 1900 post
698 1862 707 1877 ‘
728 1858 854 1889 ierant'
880 1859 1012 1899 signum
1040 1857 1181 1898 rogandi
1207 1857 1379 1895 ingerunt.
1426 1855 1536 1886 Nemo
1563 1858 1660 1884 certe

208 1905 402 1945 respondet.
424 1903 501 1944 Rip.
547 1904 621 1934 Nec
637 1903 851 1943 interrogant
868 1903 927 1933 ΒΓ.
943 1901 1112 1933 Botli.-4
1139 1900 1273 1930 Evenire
1287 1898 1337 1938 ea]
1364 1896 1436 1928 EA.
1451 1896 1572 1927 evenire
1589 1895 1660 1927 tibi.

209 1949 316 1979 West.
360 1947 446 1980 Quae
463 1947 572 1987 glossa
588 1954 662 1977 esse
678 1945 823 1976 videtur.
840 1945 929 1975 Perl-
973 1945 1102 1975 Omnes
1118 1943 1251 1983 antiqui
1268 1942 1355 1981 libri,
1370 1941 1436 1971 Aut
1451 1940 1506 1971 ibi.
1550 1939 1605 1970 Ita
1621 1943 1658 1970 et

207 1991 375 2022 Donatus.
404 1990 460 2021 Fa.
506 1989 662 2020 Quatuor
677 1993 790 2019 tamen
807 1997 848 2019 ex
866 1987 1003 2026 nostris,
1028 1989 1094 2018 Aut
1118 1986 1171 2016 ubi
1194 1986 1233 2016 si.
1278 1986 1398 2015 Recte.
1446 1983 1491 2014 Et
1506 1981 1554 2013 sic
1570 1982 1657 2013 citat

207 2033 345 2065 Servius
363 2032 404 2064 ad
423 2032 495 2063 AEn.
511 2040 569 2063 ιιι.
589 2034 665 2062 430.
691 2032 787 2062 Bent.
832 2031 883 2061 Ibi
909 2031 1031 2062 Br.—-6
1055 2029 1211 2069 Propitii]
1233 2027 1268 2059 J.
1293 2027 1462 2058 declarant.
1506 2024 1658 2055 Subditi-

206 2077 291 2108 tium
307 2075 451 2107 videtur.
472 2074 622 2106 Peru—S
644 2075 709 2105 Aut
725 2078 756 2104 te
770 2073 885 2114 amari]
908 2073 1027 2104 Bemb.
1043 2074 1122 2103 Bas.
1138 2077 1174 2103 et
1190 2072 1366 2102 Donatus:
1390 2069 1458 2100 Aut
1471 2072 1532 2099 tete
1544 2068 1659 2108 umam',

207 2124 245 2150 ut
260 2125 298 2151 et
314 2127 430 2149 versus
445 2117 615 2158 exposcit.
660 2117 714 2148 Vi.
739 2116 852 2156 habet,
872 2117 939 2147 Aut
961 2117 999 2148 de
1021 2119 1052 2147 te
1067 2115 1178 2146 αηῑανὶ.
1202 2115 1262 2146 Fa.
1309 2114 1353 2144 Et
1370 2122 1412 2143 ex
1428 2112 1554 2142 nostris
1572 2120 1657 2141 non-

207 2162 292 2193 nulli
306 2165 379 2193 tete.
404 2161 506 2191 Bent.
550 2160 619 2192 Aut
633 2160 734 2191 animo
749 2159 886 2199 obsequi]
908 2159 1018 2190 Iidem
1034 2158 1113 2189 libri
1131 2157 1252 2189 vetusti
1267 2167 1275 2187 :
1297 2159 1391 2196 atque
1406 2155 1505 2185 animo
1518 2154 1655 2194 obsequi.

206 2205 377 2242 Donatus,
391 2207 459 2234 aut.
482 2203 543 2234 Fa.
591 2203 709 2235 Nostri
726 2211 840 2233 omues
856 2206 957 2242 atque.
982 2202 1086 2232 Bent.
1130 2200 1234 2240 Atque
1246 2203 1310 2240 pot.
1326 2202 1418 2238 atque
1432 2208 1483 2228 un.
1505 2197 1553 2227 ob.
1577 2197 1655 2237 Bip.

207 2247 273 2279 Aut
285 2251 393 2289 potare
408 2250 499 2287 atque
510 2246 543 2277 in
556 2255 608 2277 an.
623 2245 670 2278 ob.
693 2246 752 2277 Br.
797 2244 899 2285 Atque
924 2255 976 2276 an.
998 2245 1045 2275 ob.
1070 2245 1172 2275 Beut.
1190 2243 1290 2273 Bon..
1308 2242 1469 2272 PerL——O
1495 2240 1566 2271 Tibi
1584 2240 1656 2270 bene

205 2290 285 2331 esse]
310 2290 449 2331 Antiqui
466 2289 541 2319 libri
558 2298 673 2319 onmes
689 2288 827 2326 habent,
850 2289 894 2318 Et
918 2287 988 2318 tibi.
1031 2287 1126 2317 Sicut
1141 2291 1176 2316 et
1192 2284 1293 2323 infra,
1317 2285 1326 2302 ‘
1345 2285 1389 2316 Et
1416 2283 1537 2325 quibus
1565 2292 1654 2313 nunc

206 2334 360 2365 solicitor
374 2331 506 2364 rebust’
523 2331 581 2362 sed
597 2331 652 2362 hie
674 2332 715 2362 Et
731 2331 854 2362 transit
869 2331 902 2361 in
920 2330 1094 2361 scansione
1111 2329 1143 2359 in
1161 2329 1413 2369 praecedemein
1431 2336 1576 2357 versum.
1601 2325 1657 2357 Fa.

205 2376 319 2408 Etiam
341 2375 448 2407 nostri
463 2375 617 2416 plerique
635 2375 679 2405 Et
697 2374 766 2405 tibi.
811 2374 878 2404 Sed
896 2379 1060 2404 accentus
1083 2382 1184 2403 causa
1206 2371 1308 2402 etiarn
1326 2369 1575 2407 corrigendum,
1598 2369 1658 2399 sibi

204 2429 273 2450 cum
287 2419 329 2450 sit
344 2420 441 2455 παῖζε,-
466 2427 532 2448 non
550 2422 587 2448 ut
604 2417 696 2456 libri,
717 2427 786 2448 cum
806 2416 867 2447 sibi
887 2418 930 2447 sit
952 2417 1042 2447 male.
1067 2416 1170 2446 Bent.
1216 2414 1345 2444 Omnes
1371 2417 1498 2453 ponunt
1525 2421 1656 2442 eonium

207 2467 285 2502 post
306 2464 315 2479 ‘
333 2461 418 2501 soli‚'
435 2470 498 2500 ego
516 2466 592 2500 post
617 2461 627 2477 ‘
645 2459 741 2498 esse‚’
766 2466 801 2491 et
826 2461 835 2477 ‘
854 2459 935 2490 soli'
951 2459 1061 2499 jungo
1078 2468 1152 2489 cuni
1176 2460 1185 2475 ‘
1202 2456 1290 2487 sibi!
1314 2455 1504 2486 Sclimieder.
1550 2455 1656 2484 Bent-

205 2505 305 2536 leinm
323 2510 512 2546 sequuntur
529 2503 630 2533 Both.
646 2508 682 2534 et
694 2503 785 2533 Peri.
799 2502 856 2543 qui
872 2507 988 2533 monet
1003 2511 1072 2532 cum
1085 2501 1146 2531 sibi
1162 2509 1236 2531 esse
1254 2500 1285 2530 in
1303 2498 1420 2531 Guelf.
1434 2501 1465 2528 3.
1483 2503 1517 2528 et
1535 2497 1656 2528 abesse

209 2549 251 2579 Et
273 2558 293 2579 a
313 2549 431 2579 2.—11
459 2547 503 2576 Et
516 2555 536 2576 a
551 2545 660 2576 tribus
675 2547 797 2577 nostris
814 2545 931 2576 abest:
956 2550 1062 2575 recte.
1107 2544 1204 2575 Licet
1218 2542 1355 2573 Servius
1370 2541 1410 2572 ad
1428 2541 1504 2572 AEu.
1522 2549 1568 2571 iv.
1582 2542 1657 2572 380.

205 2590 330 2622 habeat
347 2591 403 2621 Et.
430 2590 532 2620 Bent.
579 2589 621 2618 Et
637 2588 734 2619 abest
750 2599 768 2619 a
785 2587 899 2618 Guelf.
916 2590 947 2619 2.
973 2587 1057 2618 Peri.
1104 2587 1154 2617 Ne
1169 2589 1224 2616 aut
1239 2586 1290 2616 ille
1305 2583 1429 2624 alserit]
1447 2583 1657 2623 Legendn=n‚

204 2633 268 2664 nisi
285 2634 394 2665 omnia
411 2642 463 2662 me
479 2630 609 2666 fallant,
625 2631 762 2670 illiserit,
793 2631 969 2661 intellecto
987 2639 1037 2669 se,
1053 2630 1198 2661 Graece:
1223 2629 1385 2668 scriptum
1410 2627 1549 2667 antiquo
1565 2635 1659 2656 more

206 2676 343 2707 verbum
360 2674 465 2706 ILLA
475 2674 649 2705 ESERIT
663 2675 732 2706 cito
749 2675 972 2713 depravatum
988 2678 1052 2704 est.
1077 2672 1173 2703 Both.
1222 2672 1265 2702 Et
1289 2671 1406 2701 delent
1426 2670 1551 2708 Delpli.
1579 2669 1659 2708 Bip.

204 2719 390 2751 Boiu—12
404 2719 495 2758 Guy.
511 2715 665 2758 praefert,
682 2716 892 2756 praefregerit.
931 2716 1044 2756 Atque
1060 2715 1108 2745 ita
1124 2715 1157 2745 in
1175 2715 1240 2745 Ms.
1258 2712 1656 2754 Argentoratensiscrip-

206 2767 275 2792 tum
288 2762 397 2801 prima
409 2770 510 2791 manu
525 2760 652 2800 reperit
663 2760 852 2790 Bwelerus.
897 2759 997 2791 Quod
1012 2768 1088 2789 mox
1102 2767 1177 2788 cnm
1193 2758 1299 2788 eidem
1314 2757 1451 2796 Guyeto
1465 2756 1573 2785 minus
1590 2755 1659 2794 pla·

204 2808 312 2845 neret,
328 2804 469 2835 mutavit
485 2803 529 2842 in,
543 2802 757 2840 cmsfi·egerit
773 2802 899 2842 Aliqui,·
924 2800 1011 2832 forte
1027 2801 1209 2842 respiciens
1225 2800 1332 2831 locuni
1350 2798 1544 2830 Plautinum
1563 2796 1662 2828 modo
