1966 3302
346 246 432 290 900
844 255 883 284 P.
915 247 1156 284 TERENTH
1194 246 1307 283 AFm

350 351 439 396 Dic
480 346 600 394 mihi.
663 351 746 392 Ille
787 350 901 391 alias
941 357 1009 390 res
1051 357 1179 402 agere
1214 360 1262 388 se
1298 339 1528 388 simulare:
1559 333 1799 398 postquam

522 420 667 470 video,
1160 428 1163 431 ·

351 488 523 532 Nescio
543 485 651 542 quid
672 477 934 540 suspicarier
951 484 1090 537 magis
1111 483 1254 536 coepi3
1284 482 1461 530 instare,
1484 480 1691 532 utxdicat.
1786 530 1789 533 Δ

352 553 506 599 Homo
531 568 578 596 se
596 555 760 596 fatetur
781 553 841 603 vi,
863 553 906 593 in
927 553 1015 602 via,
1037 551 1195 593 nescio
1217 560 1351 604 quam
1372 549 1712 603 compressisse3
1743 542 1800 587 30

353 625 563 678 Dicitque
584 635 682 663 sese
701 622 766 662 illi
789 621 1008 669 annulum,
1030 620 1131 660 dum
1151 619 1300 667 lactat,
1322 616 1583 658 detraxisse.

352 695 467 736 Eum
488 686 586 734 haec
608 683 817 746 cognovit
852 689 1080 744 Myrrhina
1111 688 1157 728 in
1192 687 1330 740 digito
1363 684 1497 727 modo
1534 697 1604 725 me
1637 683 1800 724 haben-

523 763 626 801 tem.

351 829 518 883 Rogat,
558 827 674 868 unde
716 827 801 868 sit'?
852 839 982 868 narro
1025 825 1172 866 omnia
1209 824 1331 865 haec:
1375 821 1478 863 inde
1516 820 1573 863 'st
1606 818 1800 873 cognitio

522 895 661 947 facta,

354 965 662 1008 Philumenam
697 974 990 1017 compressam
1025 974 1123 1002 esse
1157 960 1213 1001 ab
1247 973 1318 1010 eo,
1351 962 1394 1000 et
1413 958 1550 1000 filium
1570 956 1673 998 inde
1692 955 1804 997 hunc

522 1035 686 1073 natum.

352 1101 471 1144 Haec
494 1104 560 1141 tot
581 1102 763 1154 propter
782 1110 851 1140 me
875 1097 1036 1151 gaudia
1058 1098 1121 1139 illi
1143 1095 1382 1150 contigisse
1397 1095 1546 1146 laetor3
1747 1091 1805 1134 35

353 1265 408 1293 aut
422 1262 501 1293 uncle
516 1261 611 1292 istum
633 1260 782 1291 annulum
799 1259 986 1299 comparasti
999 1261 1011 1290 ?
1032 1258 1082 1288 dic
1105 1257 1194 1296 mihi,
1209 1256 1342 1288 obsecro.
1386 1256 1445 1287 Ille
1459 1255 1539 1286 alias
1552 1263 1603 1285 res
1617 1255 1761 1293 agentem
1775 1263 1808 1284 se

344 1303 502 1346 fingebat.
546 1303 717 1343 Postquam
737 1302 770 1333 id
795 1302 1017 1339 animadverto,
1042 1301 1143 1332 nescio
1172 1301 1246 1340 quid
1272 1298 1442 1339 suspicans,
1467 1297 1577 1329 timere
1599 1296 1700 1336 magis
1721 1296 1810 1337 coepi,

354 1357 451 1387 urgeo
475 1347 562 1378 illam
575 1346 746 1387 flagitans,
775 1348 810 1376 ut
832 1345 927 1377 dicat.
972 1345 1075 1375 Homo
1089 1344 1215 1381 fatetur
1230 1352 1262 1373 se
1276 1352 1330 1382 per
1345 1342 1407 1373 vim
1422 1342 1522 1372 nescio
1536 1349 1625 1381 quam
1639 1342 1809 1380 stuprasse,

353 1389 510 1430 refertque
523 1400 554 1420 se
566 1388 615 1420 ilci
628 1389 785 1427 annulum,
799 1398 867 1419 cum
880 1391 986 1419 contra
998 1387 1084 1418 illam
1096 1387 1243 1422 Iactatur,
1254 1385 1431 1425 abripuisse.
1477 1384 1571 1414 Hunc
1583 1383 1730 1413 annulum
1743 1382 1809 1412 hoec

355 1432 527 1474 Myrrhina
551 1433 639 1462 modo
663 1431 818 1470 cognovit,
843 1432 916 1461 dam
933 1440 1002 1462 eum
1027 1430 1060 1461 in
1082 1429 1183 1468 digito
1198 1428 1364 1459 habebam:
1381 1427 1493 1468 quaerit
1505 1426 1586 1457 unde
1600 1435 1669 1457 eum
1682 1424 1785 1464 accepi
1798 1435 1808 1455 .·

354 1478 451 1507 recito
471 1476 520 1506 illi
535 1476 637 1506 omnia
656 1475 732 1505 haec.
776 1475 830 1505 Ex
845 1475 900 1505 hoc
914 1483 1040 1514 quoque,
1055 1482 1143 1513 quem
1162 1472 1243 1511 dixi,
1257 1472 1370 1502 annulo
1385 1470 1530 1509 agnitum
1544 1469 1619 1500 illud
1633 1472 1680 1499 est
1694 1478 1705 1505 ‚·
1728 1468 1808 1499 Phi-

357 1519 509 1549 lumenam
524 1518 669 1549 vitiatam
678 1517 781 1556 fuisse
804 1527 823 1547 a
842 1516 1018 1557 Pamphilo,
1033 1519 1063 1546 et
1076 1515 1183 1556 fllium
1204 1524 1243 1545 ex
1265 1525 1298 1544 eo
1311 1523 1482 1553 compressu
1496 1522 1561 1544 esse
1574 1515 1692 1543 natam.
1738 1510 1809 1541 Hos

355 1565 415 1601 tot,
436 1571 491 1601 per
508 1570 565 1601 me,
581 1561 666 1591 loetos
681 1569 848 1601 successus,
862 1560 1005 1600 quaesitos
1023 1558 1071 1589 illi
1088 1558 1188 1599 fuisse
1208 1566 1398 1597 summopere
1421 1556 1540 1595 gaudeo
1552 1565 1563 1586 .·
1584 1553 1726 1595 quamvis
1739 1552 1811 1584 alioe

966 1676 1204 1688 eeeeeeeeeeee

356 1759 394 1787 et
410 1762 490 1786 sane
507 1758 616 1786 nactas
629 1764 661 1785 es
674 1753 760 1784 Mss.
775 1753 842 1784 duo
859 1752 948 1793 apud
964 1752 1074 1784 Boecl.
1098 1761 1130 1783 es
1144 1755 1325 1791 utrumque
1343 1749 1436 1781 delet
1452 1745 1642 1781 Boin—23
1664 1748 1730 1780 Res
1748 1757 1812 1780 sese

358 1807 452 1839 agere
467 1804 552 1828 unus
569 1798 636 1830 Ms.
653 1806 672 1827 e
687 1795 796 1827 Boeci.
820 1804 897 1826 mox
922 1796 930 1812 ‘
950 1793 1057 1826 Pauci
1085 1793 1192 1826 Codd.
1218 1794 1377 1834 postquam
1391 1793 1424 1823 id
1438 1791 1549 1824 video)
1571 1791 1680 1823 West.
1725 1791 1812 1822 Pro-

358 1847 481 1873 nomen
498 1842 531 1871 id
547 1841 579 1871 in
597 1840 689 1871 nullo
706 1843 759 1870 est
772 1840 793 1870 l.
812 1849 838 1870 s.
854 1838 918 1869 nisi
928 1839 1020 1869 Vict.
1039 1837 1096 1869 ubi
1113 1841 1149 1868 et
1165 1837 1315 1867 deletum
1330 1840 1394 1866 est.
1420 1833 1479 1866 Fa.
1525 1835 1628 1875 Lege,
1642 1834 1812 1874 Postquam

358 1886 458 1916 video.
481 1884 585 1914 Bent.
631 1883 670 1914 Id
682 1885 843 1923 postquam
857 1880 1047 1913 notu—'29
1071 1880 1284 1921 Suspectarier
1299 1876 1372 1909 vult
1385 1878 1487 1909 Bent.
1518 1877 1669 1918 suspicari
1683 1877 1760 1916 coepz'
1781 1880 1812 1908 et

358 1928 461 1967 magis
485 1927 602 1957 instare
625 1926 659 1956 in
684 1930 795 1964 textu,
811 1925 845 1955 in
869 1925 956 1955 notis
977 1922 1160 1965 suspicor-ier
1175 1923 1334 1962 magisque
1349 1922 1466 1952 instare
1481 1920 1670 1951 Rom—30
1699 1919 1740 1951 Vi
1755 1919 1813 1951 ab·

360 1974 414 2002 est
441 1980 460 2001 a
486 1968 603 2001 Guelf.
621 1971 651 1999 3.
682 1968 762 2009 quod
785 1968 1014 2008 compressisset
1040 1965 1157 1998 Guelf.
1182 1969 1214 1996 3.
1239 1966 1248 1982 ‘
1265 1963 1378 1996 Mire!
1402 1964 1490 1995 Perl.
1536 1965 1545 1981 ‘
1564 1962 1647 1994 Mss.
1669 1966 1704 1994 et
1726 1961 1814 1994 editi

383 2013 508 2048 uidam,
524 2011 636 2043 Nescio
648 2019 740 2051 quam
755 2010 920 2050 virginem.
966 2009 1056 2042 Quia
1072 2019 1153 2040 vero
1175 2009 1185 2025 ‘
1200 2007 1328 2040 Nescio
1345 2005 1466 2048 quam‚’
1485 2005 1585 2045 dixit,
1607 2006 1616 2022 ⁴
1629 2005 1813 2046 virginem’

377 2057 478 2095 uisse,
494 2055 609 2086 dicere
623 2053 798 2085 commode
814 2063 880 2084 non
898 2057 1044 2094 poterat.
1089 2051 1190 2083 Unde
1217 2058 1253 2082 et
1276 2051 1456 2091 ejecerunt
1475 2049 1563 2080 hanc
1580 2058 1696 2080 vocem
1713 2048 1814 2080 Eras-

361 2109 446 2139 mus,
462 2099 549 2130 Gov.
573 2097 668 2129 Glar.
690 2097 749 2127 Fa.
776 2096 946 2136 Georgius
970 2095 1160 2134 Fabricius,
1177 2094 1246 2125 alii.
1291 2092 1461 2124 Plusculae
1478 2091 1649 2123 editiones
1665 2091 1813 2132 antiquae

363 2147 439 2182 post
477 2151 529 2172 an.
557 2143 652 2171 1469.
688 2139 900 2180 agnoscunt!
938 2139 1037 2171 IVest.
1094 2138 1140 2169 At
1166 2146 1281 2168 omnes
1308 2137 1387 2167 Mss.
1413 2135 1501 2176 apud
1528 2135 1636 2165 Boecl.
1663 2134 1815 2173 virginem

361 2185 462 2215 nescio
483 2193 584 2224 quom.
640 2183 692 2213 Ex
709 2182 841 2212 ratione
861 2191 992 2220 versus,
1016 2186 1051 2212 et
1075 2191 1117 2212 ex
1141 2179 1208 2211 fide
1234 2180 1330 2210 Bem.
1357 2179 1438 2209 Vat.
1455 2182 1491 2209 et
1517 2178 1598 2208 Bas.
1621 2181 1656 2208 et
1683 2177 1815 2218 aliquot

362 2228 517 2266 aliorum,
534 2236 573 2257 ac
589 2227 729 2257 Donato
746 2225 895 2256 delemus
908 2225 1071 2263 virginem.
1094 2223 1214 2255 Faiirn.
1258 2222 1313 2253 Ita
1327 2221 1435 2251 nostri
1452 2220 1619 2261 plerique.
1643 2220 1816 2251 Bentleius.

362 2271 472 2301 Deest
503 2269 657 2308 virginem
679 2268 712 2298 in
736 2267 822 2298 GM.
847 2269 992 2298 Bru—»31
1028 2267 1069 2298 Se
1085 2277 1127 2298 ex
1154 2276 1185 2297 o.
1208 2267 1229 2296 l.
1256 2275 1280 2295 s.
1309 2264 1528 2304 geminamus.
1562 2263 1619 2294 Fa.
1666 2263 1711 2294 Et
1741 2272 1814 2294 nos-

363 2314 406 2343 tri
426 2321 542 2344 omnes
565 2318 640 2342 sese.
663 2311 765 2342 Bent.
807 2309 964 2341 Luctatur
987 2311 1072 2341 Mss.
1094 2318 1209 2349 omnes
1235 2307 1325 2347 apud
1344 2307 1450 2338 Boecl.
1475 2312 1511 2337 et
1536 2306 1602 2336 Ms.
1618 2306 1659 2337 R.
1677 2310 1713 2336 et
1729 2311 1815 2336 vett.

363 2355 448 2386 libb.
464 2354 553 2395 apud
570 2353 668 2384 Lind.
723 2354 732 2370 ‘
748 2353 840 2384 Citat
863 2354 896 2384 h.
913 2354 934 2384 l.
959 2353 1089 2385 Nonius
1114 2349 1322 2383 Marcellus.’
1350 2349 1538 2381 West.—32
1564 2347 1646 2379 vice
1660 2358 1728 2379 eum
1742 2348 1816 2380 ΕΡ.

363 2402 440 2429 tum.
486 2395 592 2438 Atqui
607 2395 786 2437 Myrrhina
800 2405 864 2426 non
882 2397 1043 2436 cognovit
1058 2395 1264 2426 Bacchidem
1288 2393 1467 2424 habentem
1484 2393 1516 2422 in
1535 2390 1641 2431 digito
1655 2391 1790 2422 anulum
1807 2401 1816 2429 ;

366 2441 427 2472 sed
441 2441 541 2481 ipsam
554 2439 678 2470 anulum
693 2439 858 2479 cognovit;
889 2444 926 2470 ut
942 2440 1028 2470 Eun.
1047 2448 1080 2470 v.
1097 2440 1127 2468 3.
1141 2440 1172 2468 6.
1196 2438 1205 2454 ‘
1221 2436 1453 2476 Cognoscitne
1469 2431 1564 2476 signa
1577 2433 1600 2465 ?'
1635 2437 1669 2464 et
1687 2433 1814 2464 Heaut.

366 2493 420 2514 Jv.
437 2485 535 2515 1.44.
558 2483 771 2523 ‘Postquam
797 2482 914 2521 aspexi
942 2480 1089 2519 anulum,
1112 2480 1191 2511 ilico
1213 2477 1380 2519 cognovi.⁷
1426 2475 1583 2518 Repone,
1608 2476 1690 2507 Eum
1705 2486 1815 2516 cogno-

365 2527 413 2557 vit
442 2525 612 2566 Myrrhina
633 2526 710 2563 hoec,
735 2526 768 2556 in
789 2525 891 2564 digito
915 2526 1005 2556 modo
1021 2534 1067 2555 me
1091 2523 1230 2554 habente.
1255 2523 1355 2552 Bent.
1388 2530 1484 2562 quem
1502 2520 1649 2560 probant
1664 2519 1766 2550 Both.
1781 2523 1817 2550 et

366 2568 461 2599 Peri.
479 2573 514 2599 et
534 2568 544 2585 ‘
562 2567 761 2608 suspicabar
778 2567 957 2607 legendum
974 2578 1020 2598 me
1035 2565 1187 2598 habente-²
1212 2565 1319 2596 West.
1363 2563 1418 2595 lta
1435 2562 1614 2603 distinguit
1628 2561 1706 2602 Bip.
1721 2562 1754 2592 in
1769 2561 1817 2592 di-

366 2611 455 2649 gaio,-
481 2612 567 2642 modo
579 2620 626 2641 ‘me
642 2611 801 2642 habentem
818 2610 937 2650 Rogat,
965 2612 1044 2641 ande
1060 2610 1113 2640 sit.
1144 2608 1232 2650 quod
1249 2613 1284 2639 et
1301 2607 1405 2638 voluit
1422 2606 1576 2646 Weigel;
1601 2605 1696 2644 cujus
1726 2605 1817 2636 ratio

367 2657 376 2670 ⁶
393 2663 458 2684 non
477 2653 614 2693 placet.'
638 2653 812 2685 Peru—33
831 2654 936 2684 Narro
951 2653 1008 2683 ΒΓ.
1026 2658 1060 2683 at
1075 2662 1137 2694 pro
1150 2661 1218 2682 var.
1233 2652 1311 2682 lect.
1326 2651 1533 2681 narrate—34
1559 2647 1626 2679 Hic
1643 2646 1725 2678 ordo
1744 2656 1818 2678 ver-

364 2695 488 2727 borum
505 2701 558 2726 est
573 2697 606 2727 in
624 2697 718 2728 Bem.
732 2705 931 2736 compressam
946 2705 1019 2728 esse.
1043 2696 1100 2727 Fa.
1145 2694 1264 2726 Nostri
1279 2703 1342 2724 esse
1357 2700 1565 2733 compressam·
1597 2690 1705 2721 Recte
1717 2690 1818 2721 Bern-

368 2739 479 2769 binus.
515 2739 594 2769 Esse
605 2739 658 2770 hic
674 2739 817 2779 priorem
837 2739 990 2779 corripit.
1015 2738 1113 2770 Bam.
1161 2738 1239 2768 Esse
1253 2745 1453 2777 compressam
1466 2732 1526 2766 Br.
1557 2742 1622 2764 esse
1636 2733 1675 2764 ab
1690 2743 1723 2764 eo
1738 2743 1817 2764 com-

367 2789 504 2820 pressam
523 2781 624 2812 Both.
657 2782 666 2798 ‘
682 2781 761 2812 hunc
777 2782 849 2813 inde
863 2782 946 2813 Mss.
961 2781 1051 2813 duo.¹
1078 2780 1257 2812 Banu-35
1284 2779 1417 2819 Propter
1432 2781 1477 2809 tot
1493 2774 1609 2819 Guelf.
1625 2778 1740 2808 1.-36
1764 2776 1816 2808 Ne
