1966 3302
328 209 416 250 042
891 219 1226 252 ARGUMENTA.

490 313 692 365 Antiphila
711 312 946 364 Clitiphonis
966 312 1154 364 reperitur
1181 326 1303 353 soror.

490 378 605 417 Hanc
628 378 769 424 Clinia,
791 376 937 415 aliam⁶
957 377 1130 429 Clitipho
1151 391 1312 416 uxorem
1331 379 1502 431 accipit.⁷

327 485 376 516 tia
400 485 474 526 Syri
489 485 580 516 servi.
626 485 792 525 Antiphila
806 485 960 526 reperitur
981 495 1067 516 soror
1091 487 1291 527 Clitiphonis,
1314 491 1344 518 et
1355 488 1431 528 filia
1450 486 1634 520 Chremetis.
1680 488 1785 519 Clinia

329 529 407 559 hanc
421 529 513 559 duxit
524 538 653 560 uxorem
661 539 674 567 ;
692 528 829 568 Clitipho
843 529 938 560 aliam
953 529 1081 570 accipit,
1096 531 1226 561 dimissa
1241 531 1411 562 Bacchide.

943 621 1179 638 eeeeeeeeeeee

328 688 449 729 tecgnis
473 689 543 720 siri.
575 689 765 721 Brutis—6
788 690 890 731 Vulg.
916 689 1022 731 aliam,
1047 691 1157 722 minus
1184 690 1281 723 bene.
1319 691 1415 722 Both.
1441 690 1499 733 qui
1521 690 1605 733 legit
1627 690 1790 724 illam—¹7

337 732 473 764 Uxorem
488 732 572 764 ducit
589 732 663 763 Ben
670 737 692 764 t.

422 973 498 1011 JO.
531 973 868 1012 CALPHURNII
897 975 1207 1014 BRIXIENSIS
1237 977 1353 1014 VIRI
1384 976 1695 1016 CLARISSIMI

765 1078 817 1108 IN
853 1079 894 1108 P.
927 1078 1079 1108 SEXTI
1113 1079 1357 1109 TERENTII

553 1165 1161 1199 HEAUTONTIMORUMENON
1185 1167 1573 1200 PROLEGOMENA.

332 1266 421 1298 ΗΕΘ
438 1265 579 1306 Fabula,
606 1264 789 1296 Menandri
814 1264 961 1297 Graeca:
985 1274 1061 1305 quae
1084 1263 1178 1295 facta
1195 1275 1214 1296 a
1229 1264 1393 1296 Terentio
1410 1264 1547 1305 Latina,
1564 1273 1686 1296 nomen
1703 1264 1794 1296 idem

375 1320 586 1359 observavit,
603 1329 643 1350 ne
660 1319 774 1351 Gr‘aeci
790 1319 933 1350 nominis
950 1319 1151 1359 euphoniam
1167 1317 1330 1359 perderet
1345 1329 1353 1349 ι
1385 1319 1473 1359 quod
1488 1318 1670 1350 Terentius
1686 1319 1795 1351 minus

374 1374 490 1406 laudis
511 1374 728 1405 existimaret
752 1373 895 1414 propria
909 1374 1073 1409 scribere,
1090 1383 1190 1414 quam
1208 1373 1333 1404 Graeca
1349 1371 1551 1404 transferre.
1590 1372 1725 1405 Nomen
1738 1373 1795 1404 ha-

374 1428 434 1460 bet
451 1437 471 1458 a
486 1437 566 1458 sene
583 1427 731 1467 seipsum
748 1426 972 1458 excruciante
988 1426 1031 1457 ob
1048 1425 1109 1457 filii
1127 1426 1315 1458 absentiam
1331 1437 1339 1457 :
1373 1436 1473 1467 quem
1491 1430 1674 1466 amantem,
1701 1426 1793 1458 duri-

375 1482 424 1513 tia
441 1491 500 1512 sua
524 1481 556 1512 in
579 1481 736 1512 militiam
761 1480 932 1521 proficisci
949 1481 1183 1521 compulerat:
1209 1479 1319 1511 ἑαυτὸν
1338 1478 1574 1521 τιμωρούμενος,
1590 1480 1726 1521 Latine,
1744 1490 1797 1512 se-

374 1534 484 1575 ipsum
508 1534 710 1566 excrucians
736 1533 998 1574 interpretatur.
1044 1533 1134 1564 Illud
1162 1533 1517 1571 animadvertendum,
1540 1542 1656 1564 omnes
1672 1534 1797 1565 Tereu-

376 1588 486 1619 tianas
505 1587 637 1619 fabulas
653 1597 696 1618 ex
711 1591 855 1628 utroque
873 1597 997 1627 genere
1014 1586 1143 1626 mistas,
1161 1591 1288 1627 praeter
1305 1586 1402 1617 hanc.
1441 1587 1530 1618 Nam
1546 1587 1724 1619 comoediae
1738 1593 1797 1619 aut

375 1641 529 1672 motoriae
548 1645 638 1680 sunt,
656 1645 714 1672 aut
731 1639 899 1679 statariae,
926 1644 984 1671 aut
1008 1640 1131 1671 mistae.
1179 1640 1353 1680 Motoriae‚
1381 1640 1607 1672 turbulentae:
1631 1642 1799 1682 statariae,

376 1695 563 1736 quietiores
578 1707 586 1727 z
610 1694 731 1735 mistae,
748 1704 789 1726 ex
807 1699 954 1736 utroque
971 1698 1050 1726 actu
1068 1693 1308 1726 consistentes.
1353 1694 1395 1725 In
1418 1695 1494 1733 hac,
1522 1704 1598 1736 quae
1616 1695 1798 1736 plurimum

376 1749 531 1780 delectat
562 1752 598 1780 et
627 1754 707 1780 actu
731 1753 767 1780 et
794 1749 896 1790 stylo,
934 1748 1053 1789 primae
1089 1752 1206 1788 partes
1239 1753 1317 1779 sunt
1346 1748 1543 1779 Menedemi
1574 1753 1610 1780 et
1635 1749 1797 1781 Chreme-

379 1803 443 1834 tis:
469 1803 629 1834 secundae
645 1803 766 1835 Cliniae
781 1807 816 1835 et
829 1802 1056 1843 Clitiphonis:
1082 1803 1196 1834 tertiae
1222 1802 1322 1843 Syri:
1354 1808 1389 1834 et
1419 1802 1467 1833 sic
1496 1801 1673 1843 deinceps.
1712 1802 1799 1834 Haec

378 1857 495 1896 etiam,
511 1862 549 1889 ut
566 1862 703 1897 ceterae,
720 1858 869 1898 quinque
886 1861 984 1888 actus
1001 1856 1120 1896 habet,
1136 1856 1323 1896 Prologum
1341 1856 1563 1888 concitatum.
1607 1856 1696 1887 Nam
1713 1861 1746 1887 et
1763 1866 1799 1887 se

379 1915 519 1952 purgat,
545 1915 581 1942 et
604 1911 638 1942 iu
667 1911 832 1942 laedendis
857 1911 1058 1942 adversariis
1083 1915 1136 1941 est
1152 1914 1353 1950 occupatus.
1397 1908 1646 1949 Argumentum
1663 1919 1799 1951 quoque

377 1974 445 1995 uon
463 1965 627 2004 simplicis
645 1964 773 2004 negotii
786 1964 901 2005 habet,
914 1973 977 1996 nec
995 1963 1092 1995 unius
1109 1963 1401 2003 adolescentis‚ut
1414 1963 1447 1994 in
1460 1962 1621 2004 Hecyra:
1645 1963 1705 1995 sed
1719 1963 1800 1994 duo-

379 2028 465 2059 rum,
481 2023 519 2050 ut
534 2018 566 2049 in
582 2017 737 2049 fabulis*

379 2114 397 2132 ³*
421 2115 489 2145 Ms.
505 2117 540 2144 et
557 2113 640 2145 editi
659 2118 743 2145 vett.
759 2114 1042 2155 praete1·Lind.ut
1099 2114 1234 2147 videtur
1250 2114 1366 2147 lectio.
1396 2113 1498 2146 West.

337 2166 371 2197 in
386 2165 497 2197 ceteris
515 2164 650 2202 fabulis.
697 2166 784 2198 Quae
808 2166 944 2197 omnino
962 2176 1042 2197 vera

755 2418 783 2447 A
796 2419 1117 2449 RGUMENTUM
1157 2419 1400 2450 EJUSDEM.

345 2504 524 2536 CHREMES
542 2505 692 2546 gravidae
707 2507 804 2537 uxori
817 2508 894 2538 olim
909 2508 1158 2544 interminatus,
1173 2509 1198 2539 si
1215 2509 1363 2549 puellam
1375 2510 1527 2549 pareret,
1539 2507 1629 2539 nolle
1645 2505 1730 2538 tolli.
1758 2505 1805 2536 At

386 2558 442 2588 illa
455 2559 540 2590 clam
556 2559 630 2589 anui
643 2559 828 2592 Corinthiae
846 2562 1062 2593 nutriendam
1076 2562 1184 2594 dedit.
1210 2562 1312 2594 Hanc
1325 2562 1475 2594 adultam
1489 2561 1612 2600 Clinia,
1625 2561 1731 2592 invito
1743 2569 1803 2600 pa—

386 2616 452 2650 tre,
482 2621 594 2642 amare
620 2613 746 2654 coepit3
768 2614 865 2654 cujus
891 2614 1018 2646 duritia
1035 2619 1069 2646 et
1095 2615 1239 2646 assiduis
1256 2615 1383 2656 jurgiis
1400 2615 1434 2646 in
1451 2614 1606 2646 militiam
1631 2612 1803 2655 proficisci

390 2665 581 2705 compulsus
599 2670 662 2697 est.
708 2667 834 2697 Postea
847 2667 929 2698 facti
947 2672 1081 2708 patrem
1093 2668 1338 2699 Menedemum
1355 2668 1439 2699 adeo
1454 2668 1625 2708 poenituit,
1637 2672 1675 2698 ut
1690 2666 1802 2698 omnia

390 2718 567 2757 venderet,
583 2723 619 2749 et
636 2729 749 2759 agrum
768 2725 910 2760 emeret,
923 2722 955 2752 in
973 2731 1082 2763 eoque
1099 2732 1134 2752 se
1152 2726 1332 2754 exerceret
1349 2734 1356 2753 ε
1388 2727 1426 2753 ut
1442 2721 1490 2753 sic
1506 2720 1567 2752 filii
1584 2720 1740 2762 injuriam
1757 2720 1805 2750 ul-

391 2771 590 2805 cisceretur.
634 2772 741 2805 Paulo
770 2778 846 2815 post
872 2776 1055 2807 revertitur
1076 2776 1201 2817 Clinia,
1224 2781 1260 2808 et
1286 2776 1373 2808 clam
1391 2779 1490 2816 patre
1508 2774 1698 2807 devertitur
1713 2773 1804 2815 apud
