1966 3302
502 219 847 250 ADELPHORUM
881 220 990 251 Ac'r.
1022 221 1066 250 v.
1098 220 1166 251 sc.
1199 222 1286 252 vil.
1530 211 1615 254 783

166 314 477 369 Hymenaeum,
499 316 663 366 turbas,
682 316 933 369 lampadas,
955 317 1162 357 tibicinas
1181 330 1192 368 ;

163 382 311 436 Atque
332 383 445 423 hanc
467 384 510 423 in
531 383 661 423 horto
683 385 918 424 maceriam
935 383 1043 436 jube
1064 384 1193 433 dirui,
1557 385 1612 425 10

165 448 393 499 Quantum
417 455 588 503 potest3
618 452 701 492 hac
722 451 935 503 transfer3
967 465 1096 493 unam
1116 453 1185 492 sac
1207 451 1412 502 domum3

162 517 366 558 Traduce
388 521 432 558 et
451 522 629 559 matrem
649 522 692 559 et
711 518 925 561 familiam
945 533 1115 561 omnem
1137 521 1193 562 ad
1215 533 1311 562 nos,
1371 520 1474 561 AES.
1508 520 1614 561 Pla-

334 590 419 635 cet,

160 650 294 692 Pater
312 652 599 717 lepidissime.
657 652 748 694 DE.
781 652 927 706 Euge!
953 654 1048 708 jam
1070 655 1249 707 lepidus
1272 668 1420 696 vocor.

159 719 299 761 Fratri
321 721 439 761 aedes
457 720 560 761 fient
580 721 744 774 perviae
763 735 772 763 :
804 723 974 763 turbam
994 722 1173 763 domum

156 787 385 839 Adducet3
416 795 608 829 sumtum
629 789 855 840 admittet3
886 790 1024 831 multa
1043 803 1052 830 :
1078 789 1185 843 quid
1202 791 1333 831 mea?
1558 793 1613 833 15

158 853 253 908 Ego
273 856 448 919 lepjdus
469 858 571 898 ineo
594 858 793 909 gratiam.
851 857 973 898 ,Iube
995 871 1108 899 nunc
1123 857 1219 911 jam

158 920 417 965 Dinumeret
431 924 495 965 illi
516 924 691 977 Babylo
713 925 866 978 viginti
885 926 1040 965 minas.

156 1044 219 1084 lige
242 1045 444 1086 hymenoeum,
471 1045 594 1077 turbam
620 1056 688 1086 qnoe
714 1047 858 1084 deducat,
880 1055 1032 1086 sponsam,
1051 1045 1140 1085 faces
1161 1047 1324 1087 nuptiales,
1341 1048 1498 1087 tibicinas,
1515 1053 1609 1090 atque

154 1087 234 1118 hane
254 1089 288 1119 in
303 1089 392 1120 horto
407 1091 570 1120 maceriam
576 1089 655 1127 J'ube
670 1099 759 1130 quam
782 1089 940 1119 celerrime
955 1090 1064 1127 everti,
1080 1093 1172 1130 atque
1186 1100 1242 1131 per
1257 1092 1344 1122 illam
1351 1091 1409 1128 fac
1425 1094 1607 1124 traducatur

154 1134 209 1161 tua
223 1141 303 1162 uxor
314 1143 324 1163 .·
348 1143 390 1163 ex
402 1133 466 1172 ejus
479 1134 567 1162 domo
585 1137 614 1163 et
630 1132 808 1171 nostra-fiat
824 1142 885 1162 una
901 1133 1007 1163 domus
1022 1144 1031 1163 .·
1055 1133 1193 1170 transfer
1208 1133 1300 1164 etiam
1314 1134 1380 1172 ejus
1397 1139 1524 1167 matrem
1536 1147 1606 1167 cum

145 1173 274 1210 familia
299 1177 331 1206 in
354 1177 434 1206 mles
455 1179 587 1206 nostras.
634 1175 702 1206 AEs.
729 1176 863 1205 Gratum
888 1179 945 1213 est,
966 1179 1056 1215 paler
1078 1176 1276 1215 lepidissime.
1323 1178 1388 1208 DE.
1414 1180 1518 1217 Euge,
1535 1179 1606 1218 jam

154 1216 274 1256 lepidus
287 1218 383 1249 dicor.
418 1219 542 1249 Fratris
556 1218 638 1248 cedes
652 1218 789 1248 omnibus
801 1217 961 1257 patebunt,
973 1223 1082 1249 coetum
1099 1221 1267 1259 uuplz'alem
1279 1221 1402 1251 domum
1418 1222 1607 1260 introducet,

151 1263 271 1290 sumtus
285 1261 516 1299 multosfaciet,
527 1262 679 1301 multaque
695 1260 757 1291 alia
769 1260 955 1291 sustinebit.-
978 1263 1051 1301 quid
1068 1272 1134 1292 mea
1150 1271 1241 1299 porro
1259 1264 1384 1294 interest
1402 1268 1413 1295 ‚²
1435 1265 1463 1294 si
1479 1265 1603 1305 quidem

152 1312 220 1340 ega,
244 1313 332 1343 quem
348 1304 481 1343 lepidum
496 1307 616 1340 vocant,
639 1313 743 1334 eorum
758 1313 892 1334 amorem
914 1305 1078 1336 ‹temer-eor.
1123 1305 1215 1343 Juhe,
1231 1306 1392 1345 AEschine,
1410 1308 1535 1348 Babylo
1557 1308 1606 1338 ini

151 1351 290 1377 numeret
316 1346 432 1387 viginti
458 1347 557 1378 minas
574 1356 632 1387 pro
651 1347 752 1387 pretio
773 1347 925 1387 psaltriae.
971 1347 1139 1391 Syra—cur
1162 1349 1269 1379 tardas
1292 1350 1337 1380 ire
1359 1360 1395 1380 ac
1410 1351 1520 1388 facere
1537 1361 1605 1391 quse

760 1443 1002 1455 enumae

149 1506 337 1548 brogii.—9
354 1508 574 1550 Hymenaeum,
588 1509 718 1541 turbam.
743 1509 806 1541 Do.
822 1513 857 1540 et
872 1510 970 1541 Beni.
987 1509 1103 1541 turbas.
1121 1510 1179 1541 Fa.
1227 1509 1345 1541 Nostri
1363 1511 1519 1552 plerique
1536 1521 1608 1542 om-

149 1559 222 1589 nes,
240 1550 384 1590 Turbam,
399 1552 600 1593 hymenaeum.
628 1553 721 1583 Unns
737 1562 778 1582 ex
796 1553 912 1592 Regiis
925 1553 1055 1592 Turbas,
1068 1553 1149 1594 hym.
1180 1553 1317 1584 Servius
1334 1554 1374 1584 ad
1389 1553 1462 1583 AEn.
1482 1563 1516 1585 x.
1529 1557 1605 1586 432.

153 1593 279 1625 Turbas.
304 1595 404 1626 Bent.
441 1595 573 1625 Turbam
587 1595 779 1635 hymenoeum
805 1596 951 1626 Br.—-12
975 1596 1035 1626 ΒΓ.
1053 1596 1133 1636 Bip.
1153 1596 1241 1627 Mur.
1259 1596 1385 1635 Delpli.
1421 1596 1605 1629 Trans-auce.

149 1639 233 1668 —14
258 1637 302 1668 G.
319 1642 356 1668 et
377 1637 456 1668 EM.
482 1638 619 1668 Fratris.
643 1639 750 1669 W‘est.
788 1638 845 1669 lta
859 1642 894 1669 et
912 1639 971 1668 ΒΓ.
986 1638 1100 1669 Gneif.
1121 1642 1147 1669 l.
1165 1641 1280 1669 3.—15
1306 1639 1363 1669 Ita
1380 1639 1531 1671 distinxi.
1554 1642 1604 1671 M.

147 1679 292 1711 Adducet
305 1680 345 1711 ad
355 1683 501 1711 sumtum.
527 1680 596 1711 Alii
613 1681 723 1711 aliter.
751 1681 845 1712 [Vest.
867 1682 912 1712 Et
923 1685 1056 1712 sumtum
1071 1682 1228 1713 admittet.
1252 1682 1496 1713 Benn’sumtum
1513 1684 1605 1713 amit-

148 1725 203 1760 tet,
229 1723 343 1753 deleta
367 1723 399 1753 in
417 1734 457 1754 eo
474 1723 715 1764 conjunctione
731 1727 772 1763 et,
797 1734 895 1765 quani
914 1729 949 1754 et
972 1725 1100 1764 respuit
1118 1734 1247 1756 versus,
1272 1725 1330 1756 Fa.
1376 1726 1493 1756 Nostri
1518 1727 1604 1757 niale

150 1765 281 1796 addunt
296 1769 347 1802 et;
363 1766 421 1796 sed
439 1767 596 1807 plerique
615 1767 783 1803 attmz'ttet;
800 1777 867 1797 non
885 1772 917 1797 nt
933 1767 989 1798 Fa.
1007 1767 1115 1804 dedit,
1130 1767 1266 1798 amittet.
1282 1768 1386 1800 Bent.
1412 1768 1453 1798 Et
1470 1773 1604 1800 sumtum

148 1809 293 1840 admittet
304 1809 362 1840 ΒΓ.
376 1809 414 1840 Ζ.
431 1811 439 1825 ‘
454 1809 555 1849 Vulg.
569 1809 714 1840 admittet
726 1822 735 1840 .·
751 1810 849 1840 multa
860 1821 870 1840 .·
888 1810 1029 1840 obscure
1042 1811 1190 1850 quidem.
1215 1810 1321 1851 Atqui
1336 1811 1430 1841 Beni.
1445 1818 1478 1842 et
1494 1814 1602 1843 nostri

149 1851 249 1882 codd.
265 1851 403 1890 amittet,
416 1854 532 1883 recte.'
545 1852 638 1883 Both.
650 1854 705 1893 qni
718 1853 820 1891 igitur
834 1853 905 1891 (lat,
916 1854 1039 1883 amittet
1050 1854 1190 1884 multum.
1212 1855 1219 1869 ‘
1233 1853 1329 1884 Libb.
1345 1854 1451 1894 antiq.
1468 1856 1604 1886 amittet.

147 1893 237 1925 Mira
253 1899 306 1926 est
323 1904 422 1935 quani
440 1894 639 1926 Sclnnieder
655 1895 745 1926 editi.
765 1905 871 1936 praep.
887 1897 938 1934 ad,
952 1902 988 1925 ut
1013 1895 1070 1935 sit,
1098 1898 1137 1926 ad
1161 1900 1296 1926 sumtum
1312 1896 1483 1927 admittet!
1511 1898 1604 1930 Peri.

148 1936 212 1967 Ed.
231 1940 297 1969 vet.
311 1944 439 1974 nostra,
454 1941 485 1969 et
500 1939 540 1968 ad
555 1948 582 1969 s.
597 1938 679 1968 adm.
698 1938 778 1978 Bip.
812 1939 855 1968 Et
869 1942 1004 1968 sumtum
1017 1938 1083 1969 Gn.
1099 1942 1218 1970 3.—16
1236 1941 1354 1969 Sumus
1372 1940 1604 1980 audentiores,

147 1984 184 2010 ut
201 1981 291 2020 vulg.
309 1980 495 2017 diruamus,
518 1986 629 2012 metro
646 1991 782 2022 quoque
800 1981 1041 2020 adversariam,
1058 1991 1096 2012 ac
1113 1982 1338 2012 rescribamus
1353 1983 1404 2013 ubi
1420 1993 1500 2013 uum
1515 1984 1603 2023 item,

147 2032 212 2063 quo
229 2032 299 2064 seq.
316 2033 364 2055 vs,
380 2023 612 2055 conciliemus.
658 2023 700 2054 In
728 2025 792 2054 hoc
820 2025 909 2055 enim
929 2025 1058 2055 luerent
1075 2025 1142 2056 Do.
1159 2030 1195 2055 et
1213 2025 1254 2055 ab
1271 2035 1310 2055 eo
1327 2036 1441 2056 onmes
1459 2027 1603 2067 interpr.

147 2074 257 2105 neque
283 2065 458 2107 quisquam
487 2066 690 2097 Criiicornm
719 2067 862 2106 invenit,
894 2067 1063 2108 quomodo
1090 2068 1178 2098 lianc
1206 2078 1342 2099 crucem
1369 2067 1521 2108 effugiat,
1544 2076 1603 2102 ant

145 2107 356 2149 Babylonem
373 2109 465 2139 illuni
482 2108 639 2140 retineat.
664 2110 740 2149 Rip.
766 2110 958 2150 Distinguit
974 2111 1075 2141 Both.
1119 2111 1185 2149 Ego
1201 2110 1341 2150 tepidus!
1356 2111 1424 2142 ineo
1438 2113 1602 2151 gratiam!

142 2150 331 2183 duhel—17
356 2151 475 2183 Torsit
491 2152 546 2183 hic
563 2161 678 2183 versus
697 2153 787 2183 viros
804 2152 968 2184 eruditos.
1016 2153 1171 2193 Gnyetus
1189 2154 1314 2184 nodum
1332 2154 1446 2194 gladio
1469 2165 1603 2194 secans,

146 2194 230 2224 dnos
246 2194 347 2226 hosce
363 2205 479 2225 versus
493 2195 670 2235 expungit,
694 2205 758 2226 nec
775 2201 941 2235 exputare
958 2196 1060 2234 valet,
1082 2197 1133 2227 cui
1161 2202 1195 2227 et
1221 2206 1239 2226 a
1262 2207 1328 2237 quo
1345 2198 1599 2230 dinumerandae

144 2237 214 2268 sint
230 2237 349 2278 viginti
365 2238 476 2270 minae.
506 2237 548 2268 In
564 2238 676 2278 priore
693 2238 797 2269 habet
814 2239 875 2269 sibi
894 2239 1137 2279 obsequentem
1154 2240 1361 2271 Boecleruni.
1391 2241 1479 2271 Dae.
1497 2241 1599 2282 legit:

145 2279 330 2311 Dinumeret
345 2281 407 2311 illis
426 2280 544 2321 Babylo
560 2280 675 2320 viginti
691 2281 800 2312 minas.
845 2281 923 2313 Joh.
941 2282 1106 2320 Clericus,
1129 2283 1193 2312 Vir
1210 2282 1261 2314 Cl.
1280 2281 1367 2314 Arte
1387 2283 1526 2323 Crhica,
1545 2294 1599 2316 111.

146 2324 176 2354 1.
191 2325 221 2354 6.
235 2325 291 2355 24.
316 2323 400 2364 legit
416 2334 424 2354 τ
451 2324 624 2354 Numerent
650 2324 713 2354 illis
736 2323 774 2353 ab
794 2324 859 2363 illo,
883 2334 1023 2365 quornm
1042 2325 1220 2355 verborum
1239 2326 1304 2355 vini
1322 2331 1356 2357 et
1374 2336 1514 2357 acumen
1532 2337 1600 2358 non

144 2365 227 2397 satis
244 2366 353 2407 capio.
399 2367 554 2398 Nannius
571 2366 674 2407 igitur
690 2366 839 2399 Miscell.
855 2376 896 2398 11.
915 2370 967 2400 12.
982 2367 1018 2398 τὸ
1031 2367 1153 2408 Babylo
1167 2368 1417 2409 supposititium
1436 2376 1549 2410 vocat,
1566 2376 1602 2402 et

800 2459 944 2491 NOTAE

186 2524 208 2553 9
246 2521 461 2563 Hymenoemn,
499 2522 620 2563 turbas,
667 2523 839 2564 lampadas]
896 2524 1052 2564 patrimis
1075 2529 1110 2555 et
1127 2525 1303 2564 mati-imis,
1320 2525 1368 2567 (id
1387 2530 1450 2563 est,
1467 2526 1524 2566 qni
1542 2535 1600 2566 pa-

144 2572 281 2613 Hymen
318 2579 354 2604 et
385 2573 604 2614 HymenaeuS,
635 2575 778 2605 Veneris
807 2579 843 2606 et
898 2579 985 2606 trem
1003 2581 1037 2605 et
1056 2581 1198 2606 matrem
1217 2576 1386 2606 viventem
1403 2576 1601 2615 liabebant‚)

142 2622 270 2655 Bacchi
283 2623 382 2664 filins,
397 2624 590 2665 nuptiarum
608 2625 752 2665 Praeses,
766 2625 843 2656 ideo
896 2624 1094 2657 ferebantur
1110 2626 1142 2657 in
1162 2627 1318 2658 ducenda
1339 2637 1465 2668 sponsa
1491 2628 1524 2658 in
1541 2627 1599 2658 do-

143 2673 233 2713 apud
259 2674 402 2706 Graecos
428 2675 667 2716 invocabatur,
686 2682 724 2707 ut
752 2675 842 2717 apud
897 2686 986 2707 mum
1005 2678 1137 2717 mariti3
1159 2684 1195 2709 et
1221 2678 1364 2710 tibicina
1388 2688 1522 2720 quoqne
1543 2688 1606 2708 ca·-

142 2723 313 2756 Romanos
326 2726 510 2760 Thalassio.
897 2727 1012 2759 nebat.

186 2774 376 2817 Lampadas]
404 2777 512 2810 Faces
528 2776 675 2819 qninqne
693 2787 712 2808 a
728 2777 842 2818 pueris
941 2780 979 2808 17
1005 2778 1192 2810 Dinumeret
1217 2779 1266 2811 illi
1294 2778 1432 2819 Babylo]
1467 2777 1597 2819 Argen-
