1966 3302
505 240 851 273 ADELPHORUM
886 237 1084 269 Ac‘1·.1v.
1118 236 1187 266 sc.
1212 235 1277 265 lv.
1543 222 1628 263 '747

178 340 461 393 Quapropter
481 340 522 377 te
541 336 688 390 ipsum
708 346 892 388 purgare
912 332 1024 386 ipsis
1046 343 1207 379 coram,
1227 326 1493 382 placabilius
1515 330 1600 366 est.

180 407 266 448 M1.
296 406 353 447 Et
375 410 507 454 recte,
530 407 573 444 et
592 415 743 444 verum
765 401 893 441 dicis.
954 399 1051 440 HE.
1083 398 1276 450 Sequere
1307 407 1376 435 me
1411 406 1512 446 ergo
1547 392 1630 434 hac

348 474 478 514 intro.
539 471 625 512 M1.
659 470 890 510 Maxume.

176 597 303 634 propter
327 593 355 624 si
376 601 510 634 praesens
525 601 592 622 eam
617 591 806 632 alloquendo,
822 592 853 619 te
879 588 1082 627 excusaveris,
1097 586 1201 625 magis
1218 586 1359 617 idoneum
1375 584 1409 615 id
1437 583 1497 615 erit
1512 583 1552 613 ad
1568 591 1635 613 eam

175 637 368 676 placandam.
411 635 478 666 Μῐ.
504 635 547 665 Et
574 638 689 665 rectum
713 637 742 664 el
768 641 875 663 verum
901 634 957 669 est,
971 632 1049 670 quod
1075 631 1196 662 suades.
1242 629 1311 660 HE.
1335 627 1468 668 Sequere
1489 635 1536 656 me
1560 635 1634 664 ergo

179 678 235 710 Ιιαι·
250 680 300 710 via
315 680 355 709 ad
369 680 491 710 domum
505 677 589 708 intro
606 677 769 708 Sostratae.
814 675 880 705 Mx.
906 675 1032 704 Eamus.

784 766 1024 780 ooaeeaesseeaeee

179 821 320 860 dixerit,
343 820 463 862 quibus
478 820 586 861 magis
602 820 745 851 loedimur
762 828 862 859 quarn
886 818 1033 848 ludimur.
1078 816 1123 846 Et
1151 815 1218 845 laesz'
1242 812 1396 854 placandi
1416 816 1493 843 sunt
1511 820 1635 852 purga-

180 864 285 895 tione.
309 864 386 904 Rip.
402 874 478 904 quae
495 863 554 894 dat
569 863 688 893 laedier.
711 862 812 892 Both.
830 861 889 891 dat
905 870 936 890 se
952 861 1079 890 credunt
1095 857 1393 888 irztercludier·.-17
1410 855 1463 886 Ita
1480 854 1636 894 expressi

180 917 223 937 ex
242 907 360 938 Leidd.
376 906 537 947 quinque,
556 905 729 945 Lipsiano,
747 904 869 935 Boend.
892 904 951 933 Tr.
969 902 1067 933 Bodl.
1083 900 1141 932 sed
1157 906 1192 931 et
1213 899 1286 931 EA.
1312 899 1384 929 ΕΡ.
1398 898 1496 930 Junt.
1513 897 1587 928 EV.
1602 899 1636 928 3.

179 949 227 981 St.
244 951 396 980 Davent.
412 949 571 988 Venetis,
593 948 665 980 ET.
685 947 769 987 Arg.
786 947 875 977 Pict.
891 946 1045 983 Fabrini‚
1063 942 1300 983 Antesignani,
1324 940 1524 977 Basileensi,
1546 940 1636 979 Lug-

179 992 386 1023 dunensibus
402 992 546 1031 duabus,
569 1000 731 1022 annorum
751 992 846 1021 1511.
863 995 898 1019 et
915 992 1008 1020 1520.
1021 987 1253 1024 Flaminiana,
1270 985 1343 1016 aliis
1359 996 1365 1014 z
1389 993 1472 1025 quos
1489 982 1635 1014 Codices

180 1035 375 1073 singillatim
392 1035 542 1074 nomino,
565 1044 607 1065 ne
624 1043 713 1074 aegre
730 1032 842 1064 ferant
860 1032 979 1071 nuperi
997 1031 1160 1069 editores,
1178 1028 1266 1069 quod
1283 1037 1396 1059 secum
1414 1035 1480 1057 non
1495 1026 1558 1066 ipsi
1578 1035 1636 1056 ex-

180 1078 374 1118 presserim.
421 1079 466 1109 Et
483 1078 516 1108 iu
535 1087 599 1108 nno
618 1076 715 1107 Leid.
732 1075 999 1116 suprascriptum
1021 1073 1146 1113 reperi,
1171 1072 1179 1088 ‘
1192 1072 1349 1102 Sostrata
1365 1075 1400 1101 et
1417 1068 1508 1100 filia!
1552 1068 1638 1099 Tum

182 1122 359 1152 Donatum
377 1121 497 1159 legisse
511 1120 599 1159 ipsis,
614 1120 737 1160 liquet,
753 1118 830 1159 quia
844 1119 852 1134 ‘
868 1127 980 1148 corani
998 1115 1225 1158 praesentibus
1238 1113 1246 1127 ’
1267 1115 1524 1153 interpretatur.
1566 1111 1638 1142 Ne·

180 1174 247 1204 que
264 1164 351 1194 enim
368 1163 471 1194 matri
495 1167 640 1199 tantuin,
664 1161 723 1192 sed
750 1166 785 1192 et
811 1160 999 1200 Pamphilae
1024 1157 1222 1200 purgandus
1239 1162 1314 1187 erat
1330 1156 1518 1188 AEschinus.
1545 1154 1640 1186 West.

181 1206 278 1238 Idem
295 1206 381 1237 liber
393 1206 454 1246 ipsi
466 1214 588 1236 coram.-
614 1209 651 1235 ut
667 1204 711 1235 sit
728 1204 824 1243 ordo,
841 1212 987 1243 purgare
1004 1202 1083 1243 ipsi,
1097 1202 1129 1232 id
1147 1205 1214 1240 est,
1231 1199 1352 1238 matri;
1377 1207 1503 1237 coram,
1519 1197 1554 1228 id
1570 1201 1638 1236 est,

181 1254 386 1290 praesentem
403 1248 576 1290 praesenti.
621 1247 719 1279 Quod
739 1252 853 1278 autem
871 1255 1017 1286 purgare
1033 1254 1070 1276 se
1086 1244 1198 1282 matri,
1213 1252 1277 1274 nec
1294 1243 1354 1274 ulli
1371 1241 1427 1272 alii
1443 1240 1637 1280 intelligen-

183 1292 261 1324 dum
291 1292 346 1329 sit,
369 1301 410 1322 ex
438 1291 491 1330 iis,
515 1301 589 1331 qua?
616 1300 719 1330 supra
743 1289 842 1329 dixit,
864 1293 1032 1329 apparet:
1057 1288 1066 1305 ‘
1083 1287 1151 1319 Sed
1177 1296 1293 1327 quaeso
1310 1290 1347 1316 ut
1362 1293 1430 1316 una
1443 1292 1578 1314 mecum
1594 1283 1638 1313 ad

181 1340 323 1366 matrem
342 1334 480 1374 virginis
506 1343 563 1364 eas
587 1333 706 1364 Micio.
738 1332 850 1373 Atque
869 1332 965 1362 istaec
979 1330 1111 1367 eadem,
1138 1340 1211 1372 quae
1234 1328 1314 1360 mihi
1339 1327 1438 1366 dixti,
1452 1330 1527 1357 tute
1543 1325 1638 1357 dicas

174 1376 337 1408 -mulieri.’
356 1377 413 1408 Fa.
452 1376 519 1417 Ipsi
533 1375 649 1416 coram]
672 1376 778 1407 Immo
795 1385 870 1406 cum
887 1374 960 1406 aliis
975 1374 1130 1405 omnibns
1148 1372 1285 1412 scriptis
1303 1376 1339 1403 et
1356 1370 1443 1402 Edd.
1459 1373 1546 1400 vett.
1559 1369 1638 1409 lege

179 1421 257 1461 ipsis
271 1429 397 1456 corum,-
419 1420 481 1451 hoc
496 1425 561 1458 est,
576 1424 684 1450 matre
702 1425 734 1449 et
753 1418 895 1457 virgine.
940 1418 1022 1458 Ipsis
1038 1417 1140 1448 etiam
1167 1415 1257 1456 apud
1284 1415 1345 1445 Pr.
1375 1423 1408 1454 p.
1425 1415 1519 1445 1130.
1536 1415 1572 1443 et
1587 1412 1638 1443 sic

180 1469 328 1537 ῧιιῗζῑιιοιη
355 1462 400 1493 ibi
426 1462 576 1494 codices.
599 1462 696 1495 Bent.
742 1462 811 1503 Ipsi
839 1461 957 1502 legunt
985 1460 1025 1492 Z.
1052 1459 1179 1501 Delpli.
1207 1458 1286 1499 Bip.
1312 1457 1493 1488 Perl.-—18
1514 1455 1550 1489 J.
1570 1464 1638 1486 non

205 1516 223 1537 a
251 1511 285 1538 et
300 1515 386 1545 ergo.

559 1768 762 1811 ACTUS
797 1768 881 1811 IV.
940 1766 1148 1810 SCENA
1179 1765 1263 1809 IV.

770 1899 1047 1931 AESGHINUS.

185 1972 498 2013 Discnncmss
534 1969 693 2011 animi:
724 1968 911 2010 hoccine
945 1968 1000 2009 de
1035 1966 1280 2021 improviso
1306 1964 1411 2007 mali
1431 1965 1540 2008 mihi
1561 1967 1638 2009 ob-

345 2037 430 2091 jici

229 2125 324 2158 Curis
338 2125 496 2157 distrahor
510 2127 602 2166 atque
617 2124 715 2156 animi
729 2134 846 2163 angor.-
870 2126 1030 2155 tantumne
1053 2123 1258 2161 infortunium
1272 2132 1321 2154 me
1340 2121 1499 2164 inopinato
1514 2121 1642 2163 invasit,

789 2221 868 2232 ΜΝ
870 2220 987 2233 eeeeee
989 2220 1029 2232 Ν

219 2292 244 2323 ⁷1
267 2288 443 2330 Nusquam
459 2288 621 2328 majorem
637 2287 692 2319 vel
710 2286 904 2323 Librorum,
931 2287 984 2318 vel
1008 2285 1242 2325 Interpretnm
1260 2280 1505 2314 dissensionem
1521 2279 1554 2311 in
1571 2280 1640 2312 col-

182 2332 333 2364 locandis
349 2331 504 2363 versibus
520 2330 683 2372 reperias,
705 2340 804 2371 quam
831 2331 865 2362 in
890 2331 953 2361 hac
976 2330 1097 2361 Scena.
1142 2326 1243 2358 Unde
1271 2325 1437 2364 Faernus,
1458 2328 1641 2365 postquam

181 2375 346 2416 expedire
361 2375 440 2416 quid
459 2379 638 2413 tentasset,
652 2373 848 2414 subjungit:
873 2374 882 2390 ‘
895 2372 961 2404 Sed
979 2373 1090 2403 verius
1107 2375 1173 2408 est,
1194 2370 1256 2399 hos
1272 2377 1389 2399 omnes
1405 2376 1534 2406 versus,
1552 2376 1641 2407 prae-

181 2423 236 2449 ter
251 2418 335 2449 duos
349 2418 489 2458 primos,
505 2426 577 2448 esse
593 2418 724 2457 generis
741 2417 825 2457 ejus,
840 2416 928 2457 quod
955 2416 964 2432 ‘
976 2414 1151 2446 confusum
1163 2413 1171 2425 '
1194 2410 1376 2443 vocamus.'
1419 2411 1506 2441 Dae.
1523 2410 1556 2440 in
1574 2409 1640 2440 alia

181 2461 295 2492 omnia
311 2461 393 2492 abit.
441 2460 527 2500 Ego,
551 2464 590 2491 ut
616 2460 724 2501 potui,
750 2459 903 2490 ordinavi
929 2468 971 2489 ex
987 2457 1236 2496 Antesignan0‚
1263 2455 1414 2493 Mureto,
1439 2459 1475 2484 et
1500 2453 1541 2483 R.
1567 2453 1640 2482 Ste-

182 2503 304 2543 phano.
348 2503 384 2534 Si
401 2512 482 2534 vero
500 2502 552 2532 vel
569 2503 618 2533 ita
639 2512 704 2533 non
722 2503 804 2532 satis
821 2501 980 2542 expedivi
998 2510 1081 2539 rem,
1096 2503 1208 2530 certus
1226 2507 1311 2537 sum,
1325 2506 1344 2527 e
1359 2497 1451 2536 vulg.
1474 2496 1554 2526 lect.
1570 2504 1639 2526 non

182 2546 258 2586 plus
274 2545 355 2577 boni
372 2545 470 2576 metri
486 2545 563 2576 elici
582 2555 690 2585 posse.
735 2545 826 2585 Guy.
853 2545 886 2575 in
913 2542 1084 2574 ἆνεκδότοις
1109 2542 1156 2572 ita
1181 2540 1351 2571 dimensus
1370 2545 1421 2570 est
1439 2547 1557 2569 versus
1573 2538 1641 2568 sin-

183 2589 291 2629 gulos,
308 2593 352 2620 ‚ut
368 2589 422 2619 vel
438 2588 510 2628 ipse
527 2588 626 2627 solim,
649 2588 702 2618 vel
721 2587 840 2628 reliqui
864 2596 979 2618 omnes
1003 2585 1137 2616 ridiculi
1161 2584 1241 2615 sint.
1285 2584 1403 2623 Usque
1421 2581 1506 2612 adeo
1523 2589 1641 2611 verum

183 2636 248 2671 est,
273 2630 362 2672 quod
381 2631 468 2662 dixit
484 2630 616 2670 Cicero,
633 2630 781 2661 Oratore
806 2640 881 2669 cap.
899 2633 952 2660 55.
976 2632 984 2646 ‘
997 2627 1045 2659 At
1062 2628 1277 2659 Comicorum
1302 2624 1425 2656 senarii
1442 2627 1584 2664 propter
1599 2622 1642 2652 si-

181 2673 404 2705 militudinem
420 2673 583 2704 sermonis
601 2673 648 2704 sic
673 2683 766 2713 saepe
795 2677 875 2704 sunt
900 2671 1038 2711 abjecti,
1065 2677 1101 2703 ut
1125 2678 1374 2709 nonnunquam⁴
1391 2667 1447 2697 vix
1464 2667 1498 2697 in
1514 2666 1565 2696 his
1581 2674 1641 2695 nu-

183 2725 293 2747 merus
307 2719 342 2748 et
357 2726 474 2748 versus
490 2715 636 2756 intelligi
653 2714 783 2756 possit.¹
829 2714 932 2754 Quid,
957 2715 985 2745 si
1008 2713 1187 2745 Terentius
1213 2712 1294 2743 data
1316 2720 1421 2751 opera
1443 2708 1640 2740 AEscliinum

183 2763 274 2790 metu
291 2758 470 2792 confusum
485 2759 586 2791 etiam
600 2757 751 2790 confusis
768 2758 918 2790 versibus
934 2757 1026 2799 loqui
1044 2756 1173 2788 voluit?
1196 2755 1238 2787 Id
1256 2763 1336 2786 vero
1352 2752 1431 2784 milii
1448 2752 1638 2793 proximum
