1966 3302
706 239 1038 271 ARGUMENTA.
1220 268 1227 273 ,
1511 232 1592 272 071

146 335 186 372 lii
200 333 336 372 Pauli:
366 333 574 385 agentibus
591 333 634 371 L.
650 334 828 371 Ambivio
848 340 886 372 et
914 334 955 371 L.
977 334 1171 384 Turpione
1191 347 1200 372 ε
1223 335 1287 385 qui
1308 348 1398 374 euin
1418 335 1497 373 suis
1515 350 1601 386 gre-

148 398 262 450 gibus
297 397 411 435 etiam
445 400 528 434 tum
561 398 758 447 personati
795 399 981 449 agebant.
1039 398 1249 437 Modulata
1268 407 1329 437 est
1349 407 1477 437 autem
1500 401 1601 437 tibiis

147 461 310 509 dextris,
339 461 380 499 id
400 467 472 508 est,
493 460 639 512 Lydiis,
660 462 708 498 ob
732 461 871 499 seriam
901 462 1144 513 gravitatem,
1166 476 1243 513 qua
1264 463 1343 501 fere
1364 463 1404 500 in
1425 464 1603 501 omnibus

147 520 359 564 Comoediis
389 525 510 563 utitur
540 525 604 563 hie
634 525 771 564 Poeta.
829 527 943 577 Saepe
975 534 1122 573 tamen,
1153 528 1311 565 mutatis
1345 541 1412 578 per
1446 541 1603 564 scenam

146 589 289 635 modis,
317 589 470 626 cantica
499 590 703 626 mutavit:⁴
731 589 837 639 quod
877 590 1072 640 significat
1101 591 1238 629 titulus
1274 605 1417 636 scenae,
1455 592 1603 630 habens

147 654 344 705 subjectas
359 656 536 707 personis
558 655 705 701 literas,
727 655 784 694 M.
805 656 862 693 M.
886 656 932 692 C.
991 656 1087 694 Item
1110 657 1295 695 Diverbia
1329 659 1377 695 ab
1403 658 1605 696 histrioni-

145 719 219 756 bus
246 720 380 758 crebro
413 720 666 770 pronuntiata
691 726 794 765 sunt,
830 733 918 769 quae
954 719 1222 770 significantur
1244 722 1294 758 D.
1318 729 1356 759 et
1377 721 1450 758 Μ.5
1483 722 1604 758 literis

145 782 362 821 secundum
384 796 635 835 personarum
656 784 814 821 nomina
834 783 1087 835 praes'criptiS,
1108 785 1146 822 in
1175 798 1222 823 eo
1256 785 1343 824 loco
1377 786 1442 824 ubi
1473 786 1606 836 incipit

144 855 279 885 scena.
334 847 618 885 Annotandum
640 861 749 895 sane,
765 848 872 899 quod
892 848 978 886 haec
999 848 1148 886 Fabula
1169 851 1389 898 προτατικὸν
1407 852 1604 898 πρόσωπον

145 923 224 948 non
243 911 377 959 habet,
397 911 472 949 hoc
492 919 566 958 est,
586 924 807 963 personam,
825 925 913 962 quae
934 912 985 949 ad
1005 919 1277 963 argumentum
1299 914 1396 951 nihil
1428 914 1603 957 attineat,

140 987 311 1026 quaeque
342 975 393 1013 sit
412 983 586 1014 assumta
606 976 862 1023 extrinsecus,
884 983 928 1015 ut
955 984 1015 1015 est
1034 977 1073 1014 in
1094 978 1279 1016 Axmm
1302 978 1430 1017 Sosia.
1489 978 1604 1015 Hanc

144 1039 283 1077 dicunt
303 1052 351 1078 ex
366 1039 608 1078 Terentianis
632 1039 808 1078 secundo
829 1040 918 1078 loco
939 1047 1080 1087 actam,
1101 1043 1217 1079 etiam
1238 1049 1321 1080 tum
1341 1042 1427 1080 rudi
1447 1043 1604 1080 nomine

144 1103 295 1142 Po'e'tae.
355 1104 491 1155 Itaque
525 1105 581 1142 sic
613 1105 922 1156 pronuntiatam,
943 1106 1168 1143 ADELPHOE
1189 1106 1406 1153 TERENTI,
1427 1120 1503 1144 non
1526 1109 1606 1147 TE-

146 1180 285 1205 RENTI
306 1168 530 1206 ADELPHOE
549 1183 558 1207 2
589 1170 694 1220 quod
722 1169 850 1208 adhuc
871 1171 996 1221 magis
1018 1171 1067 1208 de
1088 1171 1249 1209 Fabulae
1277 1172 1432 1210 nomine
1467 1173 1603 1220 Poeta,

145 1245 262 1283 quam
289 1231 338 1270 de
359 1232 494 1270 Poetae
514 1234 669 1271 nomine
691 1234 841 1272 Fabula
860 1236 1223 1274 commendabatur.
1280 1236 1328 1273 In
1349 1237 1422 1276 hac
1444 1238 1602 1288 quidem

144 1302 344 1348 spectatur
359 1297 454 1347 quid
474 1298 627 1336 intersit
646 1298 746 1336 inter
764 1298 949 1336 rusticam
969 1306 1008 1336 et
1028 1300 1216 1337 urbanam
1237 1300 1355 1338 vitam
1373 1314 1381 1338 ε
1412 1302 1542 1340 mitem
1566 1311 1604 1340 et

145 1373 323 1412 asperam
344 1373 353 1398 ε
386 1360 534 1399 coelibis
563 1368 601 1399 et
633 1362 759 1400 mariti
779 1376 788 1400 :
817 1363 896 1400 veri
918 1363 1037 1414 patris
1059 1373 1098 1401 et
1116 1377 1184 1414 per
1207 1363 1478 1416 adoptionem⁶
1499 1367 1604 1404 facti.

147 1425 300 1469 Quibus
333 1425 544 1476 propositis
577 1425 627 1464 ad
658 1427 894 1477 exemplum,
923 1427 1087 1464 vitanda
1118 1427 1295 1479 perinde,
1324 1428 1605 1480 fugiendaque,

144 1488 348 1527 Terentius
367 1497 605 1538 monstrans,
631 1491 788 1529 artificis
817 1491 951 1530 Poetae
978 1505 1046 1543 per
1076 1498 1200 1531 totam
1230 1493 1421 1531 Fabulam
1456 1495 1607 1532 obtinet

144 1554 317 1594 laudem.

143 1658 410 1734 {qntavit'dhn'
432 1662 568 1691 cantata.
592 1659 754 1692 Lind.—5
780 1660 937 1692 Danielis
960 1660 1037 1693 cod.
1062 1660 1110 1692 D.
1133 1663 1164 1691 et
1185 1660 1222 1693 V.
1246 1660 1364 1692 Id.—u
1388 1660 1455 1693 MS,
1477 1662 1605 1701 adopta-

161 1708 269 1733 zonem.
337 1725 346 1735 .

303 1951 420 1982 AELII
455 1949 647 1982 DONATI
682 1952 1043 1983 ARGUMENTUM
1078 1953 1131 1983 IN
1166 1952 1447 1983 ADELPHOS.

147 2038 200 2070 Ex
226 2038 357 2072 duobus
381 2039 506 2073 Atticis
531 2041 710 2082 fratribus,
732 2043 821 2074 alter
836 2042 987 2084 quidem,
1001 2042 1138 2074 Demea
1154 2042 1303 2083 nomine,
1320 2052 1375 2073 rus
1393 2042 1512 2081 coluit,
1525 2052 1607 2073 uxo-

189 2102 260 2124 rem
287 2093 399 2134 duxit,
426 2094 513 2126 filios
541 2097 694 2137 suscepit
719 2097 817 2138 duos,
844 2096 1041 2128 AEschinum
1070 2101 1106 2127 et
1131 2096 1385 2137 Ctesiphonem.
1440 2095 1487 2126 At
1512 2096 1610 2134 alter,

188 2145 298 2177 Micio
321 2147 471 2188 nomine,
493 2159 636 2181 uxorem
657 2160 724 2181 non
749 2150 870 2190 duxit‚¹
905 2154 941 2180 et
970 2149 1058 2180 filios
1087 2158 1270 2189 procreare
1299 2149 1431 2180 noluit:
1455 2148 1514 2179 sed
1542 2149 1607 2179 sibi

187 2197 294 2231 filium
313 2199 428 2232 fratris
455 2202 649 2234 AEschinum
667 2203 866 2244 adoptavit:
891 2208 995 2244 atque
1025 2202 1075 2233 ita
1102 2202 1323 2243 indulgenter
1349 2201 1471 2233 eduxit
1495 2213 1514 2233 a
1531 2212 1607 2243 pai·-

188 2253 279 2296 vulo,
296 2258 335 2285 ut
347 2253 454 2285 effuse
471 2255 661 2287 luxuriatus
688 2255 888 2287 adolescens
917 2255 960 2287 ad
988 2259 1200 2296 postremum
1224 2255 1335 2286 civem
1365 2254 1518 2286 Atticam
1542 2256 1608 2285 vii·-

188 2305 300 2346 ginem
317 2307 469 2349 vitiaret,
481 2313 603 2350 captus
620 2319 734 2340 amore
751 2308 846 2350 ejus:
873 2318 939 2349 quo
954 2308 1056 2349 facto,
1068 2312 1104 2339 et
1119 2317 1196 2339 cum
1210 2315 1320 2339 matre
1337 2308 1460 2349 puellae
1474 2308 1608 2348 pepigit

186 2360 324 2400 nuptias
349 2361 516 2402 ejusdem,
541 2372 640 2403 quam
669 2362 815 2394 vitiavit.
861 2362 1016 2403 Cumque
1044 2371 1115 2393 rem
1142 2366 1274 2403 gestam
1300 2361 1342 2392 ad
1368 2362 1524 2402 pati·is‚a
1543 2371 1607 2401 quo

188 2411 370 2454 adoptatus
393 2413 520 2455 fuerat,
548 2414 796 2447 conscientiam
818 2415 891 2456 jam
917 2415 1059 2457 jamque
1088 2416 1286 2456 perlaturus
1315 2420 1421 2454 esset,
1448 2415 1607 2455 precibus

189 2465 423 2508 Ctesiphonis,
447 2467 562 2500 fratris
589 2469 654 2507 sui,
671 2469 727 2510 qni
744 2468 836 2509 apud
854 2469 972 2500 durum
989 2474 1121 2510 patrem
1136 2474 1239 2510 atque
1256 2473 1426 2510 agrestem
1443 2468 1607 2499 Demeam

187 2520 322 2560 parcius
338 2527 440 2563 atque
464 2522 591 2553 arctius
608 2522 806 2561 haberetur,
823 2522 986 2562 impulsus
1004 2527 1068 2562 est,
1092 2527 1128 2553 et
1144 2526 1182 2553 ut
1196 2522 1308 2553 eidem
1326 2532 1345 2552 a
1362 2522 1484 2553 lenone
1507 2531 1605 2561 rape-2

186 2579 242 2606 ret
253 2576 487 2607 meretricem:
512 2585 578 2616 quo
591 2574 695 2611 facto,
711 2576 895 2616 multiplici
912 2574 1032 2606 errore*
1054 2576 1252 2616 'completur
1275 2576 1418 2607 Fabula.
1464 2575 1553 2607 Nam
1571 2581 1606 2606 ct

190 2627 325 2660 Demea
341 2638 417 2660 cum
432 2629 494 2660 hoc
510 2629 597 2670 ipso,
613 2628 647 2659 id
662 2634 730 2669 est,
753 2639 829 2660 cum
847 2629 1000 2661 Micioue
1016 2629 1188 2670 litigabat,
1204 2633 1362 2671 tauquam
1382 2638 1458 2661 cum
1481 2638 1522 2660 eo
1549 2629 1607 2669 qui

188 2683 381 2722 corruperit
406 2682 660 2714 adolescentem
693 2682 907 2724 adoptatum,
929 2684 963 2714 in
990 2693 1100 2715 mores
1132 2683 1296 2725 perditos,
1320 2683 1476 2715 nesciens
1508 2692 1605 2714 suurn

189 2769 207 2797 l
232 2765 376 2800 Rectius
396 2768 430 2800 in
456 2769 523 2802 Ms.
548 2779 675 2802 uxorem
689 2770 798 2802 ducere
814 2774 843 2802 et
857 2770 946 2809 filios
959 2780 1121 2811 procreare
1144 2769 1255 2802 noluit,
1283 2768 1450 2801 nium-2
1473 2768 1544 2800 Pro
1568 2770 1604 2800 dc
