1966 3302
321 214 406 255 560
823 223 860 252 P.
893 221 1136 253 TEREN‘rn
1170 223 1285 253 Amr

322 320 379 363 Et
406 320 528 361 illam
566 318 697 360 simul
730 331 830 359 cum
866 319 1019 360 nuntio
1054 318 1133 359 tibi
1166 318 1236 359 hic
1271 331 1352 371 ego
1386 318 1619 360 affuturam
1649 317 1779 361 hodie

494 387 615 428 scio:

323 453 470 498 Proin'
505 460 553 497 tu
591 452 920 496 solicitudinem
955 453 1089 496 istam
1129 453 1305 505 falsam,
1339 467 1438 509 quae
1471 457 1513 495 te
1543 454 1782 505 excruciat,

493 524 652 565 mittas,
1664 539 1669 543 ·

323 593 412 635 CH.
444 591 634 643 Quicum
655 590 849 644 loquitur
870 590 1019 631 filius?

322 660 407 702 CL.
439 661 574 702 Pater
608 658 750 709 adest,
784 671 912 713 quem
948 658 1090 702 volui:
1137 658 1283 701 adibo,
1345 659 1496 708 Pater,
1529 662 1780 712 opportune

493 727 693 770 advenis.
1397 760 1400 762 ,
1753 727 1783 767 5

323 795 411 838 CH.
444 796 566 848 Quid
602 796 648 837 id
688 796 787 837 est?
848 793 932 836 CL.
965 794 1100 836 Hunc
1142 795 1454 837 Menedemum
1476 793 1653 845 nostin’,
1681 806 1782 835 nos-

494 866 607 905 trum
629 863 855 904 vicinum?
917 862 1006 904 CH.
1040 862 1204 905 Probe.

322 932 407 974 CL.
440 931 565 974 Huic
605 932 742 973 filium
782 933 873 973 scis
913 931 1043 972 esse?
1104 929 1191 972 CH.
1235 930 1402 973 Audivi
1437 944 1535 972 esse
1572 929 1617 971 in
1658 929 1782 971 Asia.

495 999 582 1042 CL.
616 999 723 1043 Non
745 1006 827 1050 est,
849 1004 999 1053 pater:

320 1068 454 1124 Apud
478 1082 556 1110 nos
579 1072 658 1110 est.
721 1067 809 1109 CH.
842 1066 963 1118 Quid
992 1067 1079 1109 ais!
1143 1065 1229 1107 CL.
1260 1064 1604 1117 Advenientem,
1629 1079 1653 1107 e
1676 1064 1782 1107 navi

495 1137 805 1190 egredientem,
827 1136 948 1177 illico

318 1205 506 1247 Abduxi
542 1204 597 1246 ad
630 1217 832 1246 coenam:
862 1217 964 1245 nam
1001 1202 1109 1245 mihi
1141 1215 1300 1257 magna
1332 1215 1430 1244 cum
1463 1215 1517 1244 eo
1540 1200 1638 1256 jam
1678 1200 1782 1243 inde

491 1287 631 1328 usque
653 1286 681 1315 a
703 1272 890 1328 pueritia
1244 1263 1246 1267 ’

319 1396 415 1427 etium
426 1396 481 1427 illa
504 1400 535 1427 et
549 1395 668 1427 Dromo
679 1405 797 1433 sert-us,
814 1394 866 1434 qui
876 1395 916 1426 ad
929 1403 996 1425 eam
1010 1394 1223 1425 accersendam
1239 1392 1348 1423 missus
1362 1395 1420 1431 est,
1442 1390 1573 1423 nimium
1587 1391 1642 1422 diu
1662 1401 1784 1423 moran-

321 1443 372 1470 tur
384 1451 394 1477 ;
419 1443 449 1470 et
463 1439 525 1470 scio
540 1439 625 1469 illum
640 1438 730 1469 hodie
745 1438 919 1478 affuturam
933 1437 983 1468 hic
1003 1447 1066 1468 uua
1080 1447 1148 1468 cum
1169 1436 1276 1467 nuntio
1292 1436 1449 1467 Dromone
1460 1445 1470 1465 .-
1493 1435 1560 1466 ideo
1575 1435 1690 1474 depelle
1705 1435 1785 1466 hunc

320 1493 425 1514 curam
443 1481 529 1519 falso
554 1484 741 1522 conceptum,
764 1492 831 1522 quoe
852 1480 944 1520 ungit
965 1480 1102 1511 animum
1123 1483 1221 1510 tunm.
1267 1479 1335 1509 CH.
1362 1478 1460 1513 Quem
1489 1477 1654 1518 alloquitur
1666 1477 1786 1519 filius?

322 1526 382 1556 CL.
408 1526 507 1556 Pater
522 1525 659 1563 advenit,
680 1535 766 1565 quem
792 1523 974 1555 desideravi.
1018 1522 1070 1554 Ad
1085 1533 1152 1553 eum
1167 1522 1227 1554 ibo.
1277 1522 1306 1552 Ο
1324 1521 1433 1559 Pater,
1457 1520 1575 1552 accedis
1599 1521 1786 1560 tempestive.

323 1568 391 1599 CH.
420 1569 504 1604 Quid
526 1569 604 1600 itcnd
629 1571 687 1606 est,
699 1570 826 1608 propter
839 1568 916 1606 quod
932 1566 1109 1607 tempestive
1123 1562 1259 1596 accedo?
1305 1564 1366 1595 CL.
1394 1563 1525 1594 Nostine
1541 1565 1619 1594 hunc
1633 1564 1782 1594 Menede-

321 1621 404 1641 mum
434 1612 571 1642 vicinum
599 1613 761 1642 nostrum?
807 1611 876 1641 (ju.
903 1609 997 1641 Recte
1019 1608 1091 1640 novi
1120 1618 1196 1639 eum.
1244 1608 1304 1639 CL.
1329 1606 1399 1638 Scis
1428 1616 1497 1637 eum
1522 1606 1632 1637 habere
1651 1606 1784 1647 filium?

323 1654 393 1685 CH.
417 1653 536 1686 Audivi
558 1664 626 1684 eum
642 1664 704 1684 esse
717 1653 749 1685 in
768 1652 854 1684 Asiu.
901 1653 961 1683 CL.
990 1653 1019 1683 Ο
1039 1653 1148 1693 Pater,
1163 1661 1223 1682 non
1239 1649 1334 1681 estin
1350 1649 1429 1680 Asia
1440 1660 1451 1686 ;
1474 1649 1508 1680 in
1530 1648 1646 1679 cedibus
1669 1649 1784 1680 nostris

323 1701 379 1728 est.
426 1699 494 1729 CH.
521 1697 605 1733 Quid
621 1697 719 1728 dicis?
765 1696 826 1728 CL.
852 1695 1006 1727 Continuo
1022 1705 1088 1726 eum
1104 1696 1143 1726 ad
1160 1704 1276 1725 coenum
1290 1693 1368 1724 duxi
1390 1695 1551 1724 exeuntem
1566 1702 1582 1724 e
1596 1691 1688 1723 navi:
1713 1703 1786 1724 num

939 1790 1179 1803 eeeeeeeeeeee

367 1872 383 1899 1
410 1869 476 1900 Aut
493 1878 554 1909 pro
568 1869 649 1899 haud
666 1863 782 1898 Gueif.
799 1869 897 1898 2.-2
920 1866 1048 1897 Versus
1074 1865 1128 1896 hic
1158 1873 1278 1895 novem
1302 1862 1428 1903 pedum
1453 1865 1523 1891 est:
1549 1858 1619 1900 qni,
1642 1859 1667 1890 si
1685 1869 1727 1890 ex
1743 1868 1786 1890 eo

323 1911 437 1943 denras
462 1921 648 1952 pronomen
672 1921 740 1950 eg0‚
764 1910 852 1951 qnod
884 1919 992 1950 neque
1026 1909 1058 1939 in
1088 1909 1185 1939 Beni.
1215 1912 1280 1945 est,
1304 1914 1414 1945 neque
1443 1905 1474 1934 in
1503 1903 1671 1943 plerisque
1699 1903 1787 1942 aliis,

322 1955 431 1986 adbuc
452 1961 564 1986 tamen
583 1957 738 1985 remanet
761 1953 956 1993 impeditus,
979 1952 1045 1983 nisi
1069 1950 1128 1982 tibi
1157 1951 1190 1981 iu
1217 1959 1316 1980 unam
1343 1947 1507 1988 syllabam
1526 1946 1721 1984 contrahas,
1739 1951 1787 1985 et,

324 1997 414 2039 quod
443 1997 655 2039 frequentius
682 2001 747 2034 est,
774 1996 805 2026 in
834 1995 985 2026 dictione
1002 1995 1088 2025 illam
1114 1994 1221 2034 prima
1238 1991 1455 2031 corripiatur,
1480 1989 1565 2020 eliso
1590 1998 1654 2019 nno
1671 1989 1701 2019 l.-
1723 1989 1785 2019 boc

323 2041 424 2072 inodo
442 2051 557 2072 versus
572 2041 637 2071 erit
663 2039 858 2070 octonarius
883 2038 1059 2069 iambicus.
1083 2037 1143 2068 Fu.
1188 2037 1197 2053 ‘
1218 2036 1284 2066 Hic
1300 2034 1398 2065 abest
1415 2043 1433 2064 a
1454 2032 1561 2069 Regio
1579 2031 1787 2063 Char-taceo:

323 2089 359 2115 et
387 2095 406 2114 a
431 2090 550 2115 vetere
570 2082 810 2121 Lindvnbrogii
830 2087 1011 2120 utrumque
1029 2082 1139 2118 abest,
1161 2079 1212 2110 hic
1227 2089 1294 2117 ego.
1343 2074 1475 2107 Recte?
1500 2075 1663 2106 mnu-3
1689 2074 1787 2105 Proin

323 2127 496 2167 opinimmn
513 2125 630 2158 Gneif.
648 2128 675 2155 l.
706 2126 783 2160 Qnoe
799 2135 967 2165 quenquam
984 2124 1139 2154 excruciet
1154 2123 1282 2153 omittas
1296 2123 1328 2151 2.
1377 2119 1515 2150 Omittas
1539 2118 1599 2148 Bt.
1623 2115 1739 2148 Guelf.
1759 2120 1787 2148 i.

323 2173 387 2200 —6
412 2170 637 2203 Crediderim,
659 2168 697 2198 τὸ
713 2170 745 2198 id
762 2167 913 2198 additum
941 2166 985 2197 ob
1016 2171 1183 2203 metrnm3
1207 2171 1241 2195 et
1267 2169 1319 2194 est
1348 2164 1380 2192 in
1408 2162 1469 2192 Tr.
1493 2160 1592 2203 deest
1615 2159 1648 2190 in
1678 2159 1785 2190 tribus

325 2212 445 2244 Leidd.
477 2212 576 2244 West.
620 2214 629 2228 ‘
647 2212 811 2242 Meliores
828 2210 934 2241 nostri
951 2214 986 2240 et
1006 2210 1132 2249 plures,
1160 2208 1245 2243 Quid
1267 2207 1300 2238 id
1320 2209 1364 2236 est
1375 2204 1401 2238 ?’
1426 2205 1595 2235 Bent.-7
1619 2201 1739 2233 Audivi
1754 2202 1787 2233 in

323 2256 415 2287 Auia.
461 2255 527 2286 Hie
544 2256 640 2285 deest
660 2255 797 2284 verbnm
814 2264 890 2291 esse,
914 2254 1004 2293 quod
1022 2262 1111 2283 omn.
1128 2251 1208 2282 libb.
1228 2250 1347 2289 script.
1365 2247 1493 2279 habent
1510 2250 1587 2287 post
1603 2245 1785 2276 dictionem

325 2300 417 2337 Asia,
440 2305 567 2338 praeter
582 2298 676 2328 Beni.
690 2298 746 2338 qni
766 2302 841 2336 post
857 2296 985 2327 audivi:
1009 2295 1098 2336 qnod
1113 2303 1253 2325 numero
1272 2292 1377 2331 magis
1395 2289 1549 2332 quadrat.
1574 2289 1633 2320 Fa.
1671 2290 1679 2305 ‘
1700 2288 1785 2319 Nos-

326 2343 369 2372 tri
388 2352 484 2380 paene
510 2351 625 2371 omnes
653 2351 727 2370 vnn»
748 2341 842 2370 Beni.
868 2339 974 2369 audivi
1000 2348 1081 2369 esse.-
1108 2342 1141 2368 et
1162 2341 1239 2376 post
1255 2334 1501 2370 subdistingue,
1528 2331 1574 2363 Η.
1590 2331 1625 2368 s.
1650 2340 1677 2362 s.
1704 2334 1792 2362 esse?

326 2384 445 2416 Audivi
461 2395 544 2415 esse:
568 2385 600 2414 in
618 2383 695 2414 Asin
713 2383 758 2414 N.
774 2394 800 2414 e.
816 2381 859 2422 μ’
882 2382 1053 2412 Bent.—8
1083 2380 1263 2411 Venientem
1288 2388 1304 2409 e
1327 2377 1409 2407 naci.
1445 2376 1524 2406 Om.
1542 2375 1562 2406 l.
1581 2384 1608 2404 s.
1624 2374 1789 2405 advenien-

324 2431 406 2458 tem.-
431 2438 492 2458 nee
512 2437 559 2457 vs,
578 2430 760 2466 repugnat,
785 2425 810 2456 si
829 2435 871 2455 ex
894 2426 988 2465 apud.
1004 2426 1025 2455 d
1043 2423 1196 2463 abjicias.
1224 2422 1348 2453 Fa.—9
1375 2420 1411 2450 ln
1429 2417 1630 2459 quibusdam
1651 2417 1735 2447 Mss.
1754 2421 1789 2448 et

328 2471 406 2501 edd.
439 2471 588 2501 Adduxi.-
612 2469 781 2509 quomodo
807 2473 842 2499 vt
869 2467 928 2497 Pr.
959 2467 1016 2498 lib.
1034 2476 1099 2497 vu.
1118 2465 1221 2503 legit:
1248 2471 1428 2504 quanqnan
1462 2462 1495 2492 in
1523 2459 1685 2490 Prisciani
1703 2460 1788 2490 Mss.

327 2523 401 2543 esse
419 2513 560 2550 Audasi,
585 2513 620 2543 F.
638 2512 675 2543 F.
694 2516 851 2542 testatur.
885 2510 980 2541 West.
1024 2511 1032 2525 ‘
1047 2510 1140 2540 Male
1157 2509 1188 2538 in
1208 2506 1376 2537 nonnullis
1395 2504 1473 2536 edd.
1492 2502 1617 2539 legiun-
1634 2501 1788 2533 Adduxi:

330 2557 368 2587 R.
390 2557 434 2587 1).
479 2558 633 2586 Qnatnor
650 2565 690 2584 ex
709 2553 953 2585 vetustioribus
972 2553 1095 2583 nostris
1112 2561 1177 2582 non
1195 2551 1319 2581 habent
1336 2558 1469 2586 magna:
1496 2552 1611 2576 recte:
1636 2545 1682 2575 sic
1699 2544 1788 2575 enirn

328 2609 443 2630 versus
475 2599 620 2629 rotunde
653 2598 735 2637 exit,
757 2596 888 2628 Abduxi
915 2607 944 2627 α.
970 2606 997 2627 c.
1025 2606 1098 2626 nam
1125 2593 1201 2625 mihi
1231 2604 1257 2624 c.
1285 2603 1312 2623 e.
1338 2591 1368 2630 j.
1397 2591 1420 2622 i.
1445 2601 1474 2622 a.
1501 2600 1533 2630 p.
1557 2593 1593 2620 et
1618 2588 1790 2619 sententia

985 2680 1130 2712 NOTAE

374 2753 387 2780 l
419 2749 510 2779 Nihil
531 2748 630 2779 adhuc
646 2751 704 2786 est,
720 2748 797 2787 quod
814 2757 950 2785 vereare,
969 2746 1035 2776 Cli·
1092 2755 1127 2775 re
1146 2745 1212 2775 ¹sint
1237 2745 1327 2774 inter
1352 2753 1386 2773 se
1413 2741 1518 2774 locuti
1541 2740 1789 2779 adolescentes,

329 2801 396 2842 niu]
424 2800 498 2831 Hoc
515 2799 719 2840 principium
738 2798 881 2836 indicat,
908 2797 952 2828 de
970 2807 1035 2838 qua
1091 2796 1202 2828 Clinia
1215 2801 1250 2827 ct
1262 2794 1424 2835 Clitipho.
