1966 3302
274 228 386 271 1034
777 239 817 267 P.
848 236 1090 268 TERENTH
1124 237 1240 268 Arm

274 334 534 388 Argentum,
556 331 673 386 quod
694 333 846 383 habes,
868 332 1174 373 condonamus
1195 336 1252 373 te.
1313 330 1474 374 PHOR.
1489 335 1492 339 “
1507 331 1670 373 Audio.

276 403 400 454 Quid
420 416 512 451 voe,
533 402 695 442 malum
715 401 723 441 !
756 413 858 453 ergo
879 414 948 441 me
970 400 1035 441 sio
1056 399 1362 449 ludificamini‚
1673 400 1731 441 55

275 471 441 525 Inepti,
461 473 610 510 vostra
628 469 785 523 puerili
807 469 1059 511 sententia?

276 538 414 588 Nolo,
434 537 537 579 volo
555 550 564 578 :
596 536 712 586 volo,
734 536 836 577 nolo
857 548 1053 578 rursum:
1085 536 1214 586 oedO,
1232 549 1359 589 cape.

276 605 411 656 Quod
434 604 611 654 dictum,
631 604 845 646 indictum
867 603 948 658 'st;
985 604 1102 659 quod
1120 604 1253 646 modo
1274 607 1367 646 erat
1387 605 1542 654 ratum,
1561 604 1732 645 irritum

447 677 527 714 est.
1659 706 1662 708 Α

275 741 434 783 CHRE.
452 739 555 790 Quo
577 744 729 794 pacto,
745 745 820 782 aut
839 741 953 782 unde
973 741 1070 782 haec
1090 740 1162 783 hic
1183 740 1399 783 rescivit?
1430 741 1521 783 DE.
1535 740 1731 792 Nesci03

276 808 396 859 Nisi,
415 821 484 849 me
505 808 675 850 dixisse
695 809 874 859 nemini,
895 809 942 850 id
964 815 1087 851 certo
1110 810 1219 850 scio.
1608 814 1611 816 “
1676 805 1734 850 60

275 876 433 918 CHRE.
466 876 678 927 Monstri,
699 878 764 918 ita
796 891 866 918 me
905 878 962 919 Di
984 878 1154 920 ament!
1188 877 1346 919 simile.
1399 876 1559 918 PHOR.
1591 875 1734 930 Injeci

450 945 719 998 scrupulum.
782 945 873 985 DE.
906 944 1048 986 Hem!
1735 947 1737 949 ’

274 1013 465 1054 Hiccine
486 1016 535 1054 ut
554 1025 581 1053 a
601 1013 729 1054 nobis
750 1012 836 1053 hoc
860 1016 1034 1054 tantum
1054 1012 1222 1066 argenti
1243 1011 1431 1062 auferat,

275 1081 390 1121 Tam
413 1084 565 1134 aperte
585 1080 803 1121 irridens?
836 1080 973 1121 emori
994 1079 1143 1121 hercle
1164 1079 1309 1121 satius
1327 1084 1410 1120 est.

277 1148 440 1190 Animo
464 1148 578 1190 virili
597 1147 897 1202 praesentique
919 1152 969 1188 ut
989 1147 1050 1188 sis
1071 1160 1203 1201 para:

276 1216 420 1258 Vides
443 1221 566 1257 tuum
588 1220 822 1270 peccatum
845 1228 945 1257 esse
966 1216 1131 1257 elatum
1151 1215 1299 1266 foras;
1680 1214 1738 1256 (35

275 1361 294 1381 α
320 1350 407 1382 vobis
431 1351 535 1389 habes,
558 1351 616 1382 tibi
642 1351 843 1389 remittimus,
867 1354 897 1382 et
913 1350 1105 1382 concedimus
1120 1349 1332 1380 liberationem
1338 1347 1395 1386 jus
1409 1347 1619 1385 obligationis.
1663 1346 1737 1377 Pu.

275 1394 380 1424 Audio
391 1405 402 1425 .·
426 1396 583 1434 acquiesco
608 1398 717 1425 vestrm
738 1394 899 1425 sententia>
912 1404 922 1425 .·
943 1394 1017 1434 quid
1031 1403 1116 1432 ergo,
1131 1391 1268 1422 malum!
1290 1401 1338 1422 me
1352 1391 1398 1421 sic
1412 1400 1468 1431 per
1483 1390 1642 1421 lascivium
1657 1389 1738 1420 ludi-

275 1441 286 1467 l
292 1438 328 1476 is,
343 1438 446 1476 stulti,
463 1437 589 1477 lctibus,
599 1438 700 1468 instar
714 1447 888 1477 puerorum,
902 1436 1082 1477 promissis?
1108 1436 1191 1474 nolo,
1202 1435 1288 1465 volo.-
1311 1434 1389 1470 volo,
1404 1434 1473 1464 nolo
1489 1443 1613 1464 rursum
1627 1443 1637 1464 .·
1655 1433 1740 1471 cedo,

275 1490 368 1519 cape:
392 1481 472 1519 quod
487 1482 574 1510 modo
588 1480 750 1520 probatum
765 1484 796 1511 et
808 1479 914 1520 fixum
930 1483 1011 1517 erat,
1022 1478 1131 1509 statim
1147 1477 1352 1518 improbatum
1367 1479 1425 1507 est.
1461 1475 1530 1508 CH.
1555 1476 1626 1511 Quo
1640 1476 1742 1514 modo,

275 1526 330 1553 (eut
344 1533 363 1553 α
379 1523 486 1562 quibus
502 1523 585 1553 istud
601 1523 769 1562 inaudivit,
785 1525 813 1553 et
829 1522 908 1553 scire
920 1521 1048 1562 potuit?
1092 1521 1159 1552 DE.
1184 1520 1299 1559 Ignoro
1311 1530 1321 1550 .·
1344 1529 1439 1550 umim
1453 1519 1527 1559 seio,
1547 1519 1627 1549 ‘nulli
1641 1517 1739 1549 homi-

275 1575 350 1595 num
365 1575 411 1595 me
426 1565 480 1596 Ιιυε
494 1565 603 1596 secreti
619 1567 783 1596 detexisse.
829 1565 899 1596 Cn.
925 1565 1028 1604 Istud,
1038 1564 1086 1594 ita
1101 1563 1163 1594 Dii
1177 1563 1254 1594 mihi
1260 1563 1405 1601 faveant,
1415 1561 1556 1602 prodigii
1568 1562 1670 1591 instar
1683 1563 1742 1592 est.

276 1608 350 1638 PH.
376 1607 473 1645 Injeci
500 1609 674 1648 scrupulum
699 1608 883 1640 hominibus.
928 1608 996 1639 DE.
1025 1606 1160 1637 Hoccine
1179 1607 1254 1646 fiet,
1274 1608 1309 1636 ut
1336 1615 1356 1635 α
1377 1605 1466 1636 nobis
1487 1604 1567 1635 hanc
1581 1605 1741 1643 ingentem

275 1660 424 1681 sicininum
450 1652 587 1690 pecuniae
614 1654 819 1691 extorqueat?
840 1649 931 1690 mori,
953 1659 1009 1690 per
1033 1649 1215 1685 Herculem,
1235 1648 1370 1687 omnino,
1393 1647 1496 1688 potius
1523 1650 1594 1678 est:
1615 1647 1741 1677 ostende

275 1702 348 1731 ergo
365 1697 394 1724 te
408 1694 588 1735 αηὶηιοεανη,
602 1697 633 1725 et
642 1695 771 1735 fortem,
786 1693 867 1724 sicut
882 1693 984 1724 virum
998 1693 1096 1723 decet.
1143 1691 1254 1723 Cernis
1268 1692 1388 1732 culpam
1409 1694 1495 1722 tuam
1515 1689 1548 1721 in
1565 1690 1676 1729 vulgus
1691 1689 1745 1719 de·

884 1773 1125 1789 ““““““““

280 1843 397 1874 Guelf.
412 1846 531 1874 2.--54
555 1845 694 1882 Argenta
711 1842 828 1875 Guelf.
846 1846 875 1875 1.
907 1842 968 1874 tibi
985 1841 1101 1874 Guelf.
1118 1845 1149 1873 2.
1165 1844 1284 1873 3.-55
1309 1840 1365 1871 Sic
1390 1849 1438 1871 me
1462 1839 1563 1870 Both.
1579 1838 1741 1870 tacite.—

277 1889 320 1916 56
348 1887 389 1916 Ut
404 1886 526 1926 pueruli
543 1887 729 1917 Boiu—57
756 1886 802 1917 Ο.
818 1885 891 1917 fere
905 1887 928 1917 l.
946 1890 981 1916 ct
999 1885 1087 1917 iniis
1104 1886 1201 1916 Bem-
1218 1894 1304 1924 cape,
1314 1885 1398 1914 cedo.
1423 1882 1482 1912 Fa.
1515 1881 1596 1912 Duo
1608 1885 1741 1912 tanturn

279 1938 322 1959 ex
339 1929 464 1960 nostris
483 1930 578 1969 Cape,
592 1930 674 1960 cedo.
707 1929 830 1960 Placet
847 1933 975 1963 tamen,
994 1928 1073 1969 quia
1089 1928 1137 1958 rei
1155 1932 1261 1968 gestae
1279 1926 1431 1957 ordinem
1447 1927 1574 1955 servat.
1601 1924 1742 1964 Quippe

277 1972 372 2011 prius
390 1971 559 2002 dederant
583 1973 688 2002 minas
707 1972 862 2012 triginta,
879 1981 968 2002 nunc
985 1974 1161 2011 repetunt.
1187 1970 1281 2000 Beni.
1304 1977 1404 2009 quem
1430 1967 1582 2007 sequitur
1601 1966 1744 2007 Bipont.

277 2014 382 2045 Both.
412 2016 505 2053 Cede,
520 2025 592 2054 cape
609 2015 780 2045 (Hm—55
804 2015 924 2045 Ratum
940 2014 1074 2045 omnino
1091 2013 1165 2044 acui
1179 2011 1342 2042 debebat.
1367 2011 1508 2048 Repone
1524 2008 1642 2049 igitur,
1652 2009 1745 2045 Quod

275 2057 405 2096 (lictum,
422 2057 600 2088 imlictumst
613 2068 625 2094 ,·
648 2059 727 2097 quod
743 2058 831 2088 modo
844 2061 947 2088 rutum
960 2060 1041 2095 erat,
1056 2056 1230 2086 inritumst.
1255 2055 1359 2084 Beni.
1405 2053 1501 2082 Modo
1517 2052 1596 2091 quod
1609 2055 1676 2082 erat
1690 2060 1744 2083 ra-

280 2103 347 2129 tum
363 2100 466 2131 Both.
484 2100 588 2130 tacite
604 2110 612 2138 ;
647 2100 681 2130 id
696 2100 824 2131 irritwn
841 2099 928 2130 Bod.
951 2100 1024 2130 ΕΡ.
1041 2099 1191 2129 Br.-5o
1215 2096 1281 2128 Hic
1300 2096 1366 2127 liceo
1385 2096 1488 2126 Both.
1505 2094 1620 2132 tacite,
1635 2098 1671 2125 et
1694 2094 1744 2126 sie

279 2143 340 2174 ΒΓ.
357 2142 441 2173 GM.
467 2143 476 2159 ‘
492 2141 694 2173 invenuste!
719 2143 806 2174 Perl.
851 2141 966 2173 Guelf.
983 2142 1032 2172 hic
1047 2142 1201 2172 hoa—60
1227 2139 1294 2170 Alii
1319 2138 1395 2169 libri
1420 2137 1540 2178 scripti
1555 2136 1745 2175 habent,z·d

279 2185 419 2215 memini.-
444 2185 533 2216 solus
550 2186 647 2216 Bem.
665 2195 731 2216 non
748 2185 853 2216 habet
869 2186 915 2225 id,
930 2185 1019 2225 quod
1042 2189 1076 2215 et
1093 2184 1220 2224 placet,
1243 2187 1280 2213 ut
1305 2190 1347 2212 ex
1375 2179 1606 2221 superioribus
1621 2179 1744 2210 subau-

281 2227 396 2259 diatur
412 2228 486 2259 hoec.
510 2229 568 2259 Fa.
615 2228 690 2258 Duo
707 2238 749 2259 ex
767 2228 890 2259 nostris
905 2237 980 2259 cuin
998 2227 1095 2258 Beni.
1111 2225 1344 2263 consentiunt,
1360 2225 1475 2264 placet
1491 2227 1617 2262 tamen,
1630 2222 1663 2253 id
1677 2232 1744 2253 cer-

281 2274 313 2300 to
329 2271 414 2308 scio;
438 2276 476 2302 ut
501 2271 533 2301 in
559 2271 690 2302 Nemini
710 2271 828 2302 ultima
853 2271 1046 2311 liquescat3
1069 2278 1181 2310 neque
1208 2278 1249 2299 eo
1276 2267 1386 2298 minus
1408 2266 1631 2298 subaudietur
1649 2264 1745 2303 Hac.-

283 2313 388 2344 Bent.
414 2314 451 2344 Id
464 2314 578 2344 nemini
595 2314 680 2345 GM.
692 2315 838 2346 Br.—ol
863 2313 974 2344 Simile
989 2316 1034 2343 est
1048 2313 1194 2343 Br.—o2
1216 2310 1368 2342 Videsne
1383 2309 1513 2341 Tantum
1525 2307 1613 2349 quod
1627 2308 1661 2338 in
1675 2309 1745 2348 pri-

283 2356 346 2386 mis
365 2366 487 2387 acuere
506 2361 625 2387 auctor
640 2356 770 2395 debuit,
786 2357 819 2387 in
832 2356 935 2387 Tliesi
952 2356 1196 2387 conticescere.
1241 2354 1332 2393 Lege
1348 2362 1390 2383 ex
1406 2351 1531 2383 nostris
1548 2349 1622 2382 fere
1638 2350 1746 2381 omni-

283 2398 368 2429 bus:
395 2400 510 2430 Hicine
526 2403 560 2430 ut
576 2410 595 2429 u
609 2399 696 2430 nobis
710 2403 832 2431 tantum
859 2399 914 2430 hoc
936 2399 1061 2438 argenti
1075 2398 1208 2436 auferat.
1232 2397 1333 2426 Bcnt.
1355 2405 1454 2436 quem
1470 2394 1623 2434 sequitur
1642 2393 1744 2423 Both.

284 2441 345 2473 Br.
364 2442 457 2473 Perl.
492 2446 655 2481 argeutum
672 2443 794 2473 omisso
808 2443 863 2473 Ιιοι·
879 2442 994 2474 Guelf.
1012 2444 1043 2472 3.
1075 2441 1130 2471 hoc
1146 2440 1275 2470 omittit
1291 2437 1407 2470 Guelf.
1426 2439 1542 2468 1.—o5
1566 2435 1649 2474 Alii,
1666 2436 1746 2466 Esse

284 2485 428 2515 delutum.
463 2485 515 2515 M.
529 2485 605 2515 Jnm
617 2494 680 2516 esse
696 2487 804 2516 latum.
840 2484 998 2525 Guyetns
1015 2484 1049 2515 in
1065 2482 1205 2514 scholiis
1222 2482 1308 2513 Mss.
1333 2481 1432 2511 Essed
1447 2481 1581 2511 elatum.-
1605 2478 1656 2510 uti
1672 2478 1744 2509 Me-

284 2528 396 2566 ‹lerga,
420 2527 567 2568 aliaque.
598 2528 699 2559 lVest.
745 2528 875 2559 Omnes
891 2528 913 2559 l.
930 2537 955 2559 s.
969 2527 1032 2557 hoc
1048 2525 1169 2557 ordine
1184 2525 1367 2560 collocant,
1392 2526 1552 2563 peccatum
1566 2525 1673 2553 tuum:
1695 2521 1746 2552 ita

285 2578 351 2604 non
369 2574 547 2609 oporteret
572 2579 615 2600 ex
641 2574 738 2611 tuum,
754 2571 934 2611 quicquam
961 2569 1109 2601 elidere:
1145 2568 1247 2608 aliqui
1273 2566 1352 2598 libri
1374 2565 1582 2597 recentiores
1607 2563 1747 2603 habeut,

278 2611 347 2649 jam
373 2622 436 2643 esse
459 2613 590 2643 elatum.-
623 2613 720 2644 Bem.
738 2624 801 2644 esse
817 2614 974 2650 (lelatum‚·
1009 2611 1100 2653 quod
1128 2611 1177 2642 ita
1198 2609 1433 2650 recipiendum
1449 2612 1515 2649 est,
1528 2611 1566 2638 ut
1579 2608 1601 2638 d
1615 2607 1658 2636 sit
1675 2615 1746 2636 inc-

287 2654 379 2684 dium
397 2654 537 2685 (luorum
554 2656 735 2692 vocalium,
751 2660 788 2687 ut
803 2656 836 2686 in
852 2657 921 2687 med
935 2665 1021 2694 ergu-
1046 2655 1105 2685 Fa.
1158 2654 1251 2685 Vides
1263 2655 1421 2693 peccatum
1434 2654 1521 2682 tuum
1535 2659 1598 2681 esse
1611 2649 1747 2680 delatum

278 2697 393 2733 forus:
426 2697 459 2728 D
476 2696 555 2728 addi
580 2698 624 2729 ad
650 2698 776 2730 hiatum
792 2698 1032 2740 supplendum,
1047 2696 1238 2737 praesertim
1256 2698 1332 2736 post
1354 2694 1506 2725 vocalem
1534 2692 1686 2732 brevem,
1711 2697 1748 2723 et

288 2739 450 2770 Terentio
465 2744 499 2771 et
516 2739 646 2771 Faerno
663 2741 838 2781 indignum
855 2745 917 2773 est.
964 2740 1083 2772 Nostri
1101 2738 1250 2770 universi
1265 2747 1328 2769 esse
1344 2738 1480 2772 elatmm
1511 2738 1550 2766 ut
1570 2733 1671 2766 Adel.
1691 2743 1745 2766 lv.

289 2784 319 2813 4.
337 2785 386 2814 15.
408 2782 417 2799 ‘
432 2783 528 2815 Quod
546 2784 694 2816 minume
710 2791 764 2816 est
780 2794 863 2826 opus
881 2793 1024 2825 usquam
1039 2781 1154 2814 efferri
1167 2782 1188 2822 ;'
1212 2782 1276 2814 hoc
1293 2784 1359 2821 est,
1376 2778 1559 2818 Divulgari.
1594 2776 1747 2810 Lucilius
