1966 3302
327 257 412 299 574
827 269 867 298 P.
899 268 1141 299 TERENTH
1175 269 1292 299 AFRI

329 360 462 412 Quae,
480 359 699 416 cujusque
720 360 940 413 ingenium
959 366 1008 402 ut
1027 362 1101 413 sit,
1119 362 1315 404 declarat
1336 376 1568 407 maxume:

325 430 571 471 Texentem
591 429 723 470 telam
742 429 939 470 studiose
960 430 1104 483 ipsam
1125 430 1399 482 offendimus,

326 496 615 538 Mediocriter
635 496 840 538 vestitam
860 501 978 538 veste
999 497 1184 551 lugubri,
1725 500 1784 541 45

324 564 435 618 Ejus
455 564 581 605 anuis
602 576 756 614 causa,
780 564 952 617 opinor,
975 577 1077 618 quae
1100 568 1191 606 erat
1212 570 1413 618 mortua3

324 632 428 673 Sine
449 644 574 682 auro,
596 635 688 672 tum
709 634 920 682 ornatam,
942 632 1008 673 ita
1028 631 1091 673 uti
1112 645 1212 685 quae
1233 637 1439 675 ornantur
1458 631 1569 685 sibi3

322 698 464 742 Nulla
482 698 601 740 mala
619 711 666 739 re
687 710 785 739 esse
805 698 1055 752 expolitam
1077 699 1307 752 muliebri3

321 766 524 822 Capillus
543 779 717 821 passus,
737 767 955 820 prolixus,
977 768 1141 809 circum
1163 770 1302 821 caput

317 887 445 919 suetudo
460 887 594 919 ostendit
608 887 766 928 perspicue
789 888 923 928 qualiter
938 891 1054 920 natura
1078 888 1223 929 cujusque
1237 888 1291 920 sit.
1336 888 1440 929 Ipsam
1446 888 1536 927 forte
1549 887 1721 928 reperimus
1735 891 1778 918 te-

317 930 378 961 lam
396 934 551 962 texentem
565 934 682 962 attente
694 940 706 967 ‚·
728 930 871 962 indutam
892 931 1089 963 mediocriter
1102 935 1186 963 veste
1202 931 1340 971 lugubri,
1352 934 1479 972 propter
1492 940 1597 970 anum,
1612 934 1698 971 pulo,
1713 940 1781 971 quoe

318 977 439 1004 mortua
454 978 520 1005 erat
533 984 545 1010 ;
568 976 683 1004 nudam
698 983 786 1013 auro,
802 983 836 1004 eo
851 976 940 1005 modo
962 985 1020 1014 quo
1041 976 1138 1006 solent
1157 975 1219 1005 2¹11ae
1245 974 1390 1005 mulieres
1412 984 1479 1014 quae
1493 977 1655 1012 ornantur,
1669 977 1704 1004 ut
1717 973 1781 1004 sibi

315 1016 389 1047 solis
409 1017 565 1058 placeant,
579 1027 641 1048 non
655 1017 857 1058 amatoribus,
873 1018 957 1048 nulla
971 1027 1104 1059 cerussa,
1130 1018 1214 1049 nullo
1238 1017 1376 1059 artificio
1388 1027 1487 1057 genas
1492 1017 1638 1057 sucatum
1647 1026 1659 1055 ;
1682 1017 1780 1048 crinis

926 1113 1166 1126 ‘NO‘OO‘UOO'

315 1181 402 1210 -46
425 1177 469 1210 G.
487 1178 560 1209 ΕΡ.
577 1178 657 1210 ΕΜ.
673 1188 763 1210 anus·
811 1177 942 1209 Gellius
959 1178 1025 1209 loc.
1040 1178 1100 1210 cit.
1117 1179 1211 1220 legit,
1225 1189 1293 1219 quse
1308 1182 1354 1211 est
1369 1181 1503 1210 mortua.
1525 1178 1633 1210 West.
1677 1177 1717 1210 V.
1737 1177 1780 1210 C.

315 1232 384 1261 quoe
401 1225 467 1252 tum
482 1224 562 1253 erat.
586 1222 685 1252 Lind.
729 1222 784 1253 Ita
803 1231 937 1262 quoque
954 1220 1073 1252 Guelf.
1089 1225 1207 1253 2.—47
1232 1222 1269 1253 S.
1297 1233 1328 1253 a.
1355 1225 1380 1252 t.
1401 1225 1556 1262 ornatam,
1576 1221 1624 1253 uli
1646 1231 1677 1261 q.
1701 1231 1728 1252 ο.
1751 1230 1778 1253 8.

316 1265 395 1295 Om.
412 1264 496 1295 libb.
521 1264 641 1305 script.
664 1269 794 1305 pr‘aeter
811 1264 908 1296 Beni.
928 1269 1133 1305 praeponunt
1148 1265 1232 1296 dict.
1255 1266 1324 1296 ita.-
1348 1265 1516 1306 quomodo
1539 1264 1642 1295 etiam
1657 1263 1777 1295 melius

314 1307 420 1339 babet
435 1307 598 1339 senarius.
645 1307 713 1339 Sed
738 1307 765 1338 si
792 1308 891 1338 Bem.
915 1317 1105 1349 sequamur,
1129 1317 1194 1339 non
1221 1309 1287 1339 erit
1312 1307 1470 1338 facienda
1485 1307 1616 1339 collisio
1632 1307 1666 1337 in
1681 1316 1774 1338 orna-

311 1354 389 1390 tam,
404 1351 463 1381 uti.
487 1351 547 1382 Fa.
572 1351 581 1367 ‘
600 1349 730 1381 Omnes
748 1351 868 1391 nostri,
882 1360 950 1381 uno
973 1350 1099 1390 demto,
1118 1351 1166 1382 ita
1181 1352 1251 1381 uli.-
1272 1354 1308 1381 et
1325 1350 1482 1391 indignor
1499 1350 1596 1381 unius
1615 1348 1774 1381 Bembini

313 1403 417 1424 causa
434 1403 565 1425 versum
593 1403 612 1424 a
640 1394 700 1424 Fa.
718 1393 1018 1425 contrucidatum.’
1041 1393 1139 1425 Bent.
1183 1394 1193 1410 ⁴
1210 1393 1283 1424 ΕΡ.
1305 1397 1434 1424 ornatur
1456 1392 1528 1425 sibi.
1574 1392 1629 1424 Ita
1653 1397 1687 1424 et
1709 1392 1776 1425 Ms.

313 1437 407 1478 Ixips.
424 1436 482 1467 ubi
497 1436 781 1477 suprascriptum,
803 1437 813 1454 ‘
830 1446 896 1467 non
914 1436 1148 1469 amatoribus!
1192 1436 1269 1469 Quo
1290 1436 1398 1476 magis
1422 1435 1560 1467 inficete
1578 1435 1668 1475 Guy.
1686 1435 1776 1467 hunc

313 1489 361 1511 vs.
379 1479 572 1520 expungit.’
599 1480 696 1510 West.
745 1480 887 1510 Ornatur
913 1480 972 1511 ΒΓ.
996 1480 1005 1497 ‘
1023 1479 1065 1510 V.
1088 1479 1126 1511 C.
1149 1478 1360 1517 formantur!
1385 1479 1570 1510 Lind.—48
1593 1478 1732 1510 Phorm.
1750 1487 1776 1510 1.

311 1525 343 1554 2.
359 1526 412 1554 55.
437 1523 522 1554 Sunt
540 1532 581 1553 ex
598 1521 698 1554 codd.
716 1527 801 1554 vett.
817 1524 874 1563 qui
891 1523 1007 1563 legunt
1021 1533 1028 1553 :
1055 1522 1154 1553 Nulla
1168 1522 1281 1553 malam
1295 1531 1330 1554 re
1345 1522 1514 1563 expolitam
1528 1520 1682 1552 muliebri.
1719 1521 1775 1552 lta

312 1575 398 1596 unus
416 1566 501 1597 Mss.
519 1565 640 1597 Leidd.
656 1565 700 1597 G.
715 1569 751 1597 et
769 1566 836 1597 Ms.
855 1565 950 1605 Lips.
967 1566 1022 1596 cui
1040 1566 1326 1606 suprascriptum,
1342 1565 1352 1582 ‘
1366 1565 1539 1596 maxillam
1555 1563 1672 1595 illius.’
1702 1563 1775 1594 Ita-

308 1618 376 1650 que
392 1608 473 1650 legit
490 1608 742 1649 Calphurnius:
767 1608 826 1640 sed
844 1614 879 1640 et
894 1607 1151 1648 Antesignanns
1169 1609 1217 1638 ita
1232 1608 1353 1646 edidit,
1376 1607 1563 1648 vertitque,
1584 1616 1639 1638 son
1653 1606 1773 1646 tisaige

307 1653 348 1682 de
362 1652 416 1682 nul
432 1652 513 1690 sard
528 1653 566 1683 de
584 1651 704 1688 semme
725 1653 818 1692 poly:
842 1656 878 1682 et
895 1652 964 1683 ET.
981 1650 1061 1682 EM.
1107 1651 1240 1681 Dubito
1255 1655 1381 1690 autem,
1399 1660 1441 1682 an
1455 1650 1536 1681 satis
1552 1654 1660 1680 recte.
1697 1649 1773 1681 Ma-

309 1694 368 1724 lim
384 1695 509 1734 igitur:
535 1695 633 1726 Nulla
647 1695 729 1725 mala
753 1704 787 1725 re
811 1695 979 1735 expolitam
996 1693 1153 1732 muliebri,
1176 1693 1291 1724 deleto
1307 1703 1382 1726 esse.
1428 1693 1530 1724 Hanc
1546 1692 1637 1724 enim
1656 1701 1773 1723 vocem

311 1738 337 1767 si
368 1738 512 1768 maxime
540 1742 684 1768 metrum
714 1737 879 1777 admittit,
909 1737 1076 1768 Latinitas
1100 1745 1166 1766 non
1193 1736 1354 1768 admittit.
1400 1736 1485 1768 Quis
1513 1735 1602 1766 enim
1628 1735 1772 1767 dixerit:

312 1780 510 1821 Offendimus
534 1780 693 1811 mulierem
713 1780 850 1811 studiose
863 1783 1019 1810 texentem
1033 1779 1351 1818 telam,‚mediocriter
1365 1779 1523 1818 vestitam,
1537 1778 1596 1808 sibi
1619 1782 1774 1818 ornatam,

309 1824 393 1854 mala
415 1833 449 1854 re
464 1823 606 1854 muliebri
632 1833 693 1854 non
717 1833 781 1854 esse
805 1823 995 1863 expolitam?
1037 1822 1121 1853 Tum
1148 1831 1260 1863 neque
1287 1821 1408 1857 Aldus,
1435 1830 1548 1862 neque
1571 1821 1690 1853 Juntae
1716 1831 1774 1861 ag-

309 1872 454 1897 noscunt
470 1865 507 1896 τὸ
521 1875 595 1905 esse,
617 1875 729 1906 neque
746 1865 796 1896 his
810 1866 1021 1907 antiquiores
1040 1864 1141 1896 codd.
1158 1865 1325 1906 impressi.
1364 1864 1421 1895 Fr.
1439 1865 1478 1896 F.
1498 1863 1600 1904 legit:
1625 1863 1723 1894 Nulla
1739 1874 1773 1894 re

307 1910 407 1939 malas
422 1909 561 1949 expolita
576 1909 731 1940 muliebri.
757 1909 863 1940 West.
909 1910 917 1926 ‘
932 1908 1025 1939 Libri
1044 1917 1173 1947 omnes,
1195 1911 1361 1949 quotquot
1377 1912 1468 1946 sunt,
1493 1911 1572 1947 post
1588 1915 1703 1937 vocem
1727 1916 1773 1945 re,

307 1952 438 1983 habent
455 1952 595 1983 verbum
613 1962 686 1983 esse.
710 1952 743 1982 in
771 1951 910 1992 reliquis
933 1951 1030 1983 Beni.
1058 1960 1136 1982 cum
1164 1952 1301 1990 vulgata
1325 1950 1476 1981 lectione
1492 1949 1686 1980 consentit:
1713 1949 1770 1980 alii

309 2004 390 2026 vero
423 2004 539 2026 omnes
571 2005 632 2035 pro
662 1995 756 2033 mala,
779 1995 908 2026 habent
938 1995 1074 2031 malam;
1105 2003 1181 2025 cum
1213 1993 1430 2033 expositione
1460 1991 1591 2032 addita,
1617 1991 1681 2023 ‘id
1708 1997 1772 2031 est,

308 2037 514 2070 maxillam?
538 2038 628 2079 quod
659 2047 760 2079 quam
797 2038 952 2079 ineptum
985 2037 1030 2068 sit
1068 2045 1185 2068 omnes
1216 2036 1356 2067 vident:
1392 2035 1482 2075 quod
1512 2035 1538 2066 si
1569 2034 1624 2065 cui
1654 2039 1771 2066 tamen

307 2081 382 2112 haec
411 2091 532 2112 recens
560 2080 664 2112 lectio
691 2081 839 2121 placeat,
863 2089 924 2110 nos
954 2080 1127 2121 antiquam
1158 2077 1362 2121 sequemur.’
1395 2079 1456 2109 Fa.
1516 2078 1525 2095 ‘
1552 2077 1620 2108 Sex
1638 2086 1680 2108 ex
1713 2086 1770 2108 ve-

308 2124 509 2156 tustioribus
538 2124 663 2155 nostris
690 2124 823 2155 malam:
857 2123 923 2154 duo
955 2132 1032 2153 cum
1069 2126 1156 2153 vett.
1196 2122 1275 2153 edd.
1306 2130 1373 2153 non
1401 2121 1530 2152 habent
1566 2129 1652 2152 esse:
1687 2129 1772 2150 unus

306 2167 427 2199 ordine
468 2167 605 2198 inverso
640 2167 810 2206 expolitam
842 2175 915 2197 esse.
974 2165 1089 2196 Etiam
1125 2164 1180 2196 hic
1216 2174 1334 2196 versus
1362 2163 1608 2205 Magistrorum
1639 2172 1771 2202 ungnes

307 2219 426 2251 passus
443 2214 509 2241 est.
553 2209 643 2250 Guy.
659 2219 720 2239 suo
743 2218 849 2249 more,
873 2218 949 2240 cum
977 2218 1044 2239 non
1078 2212 1233 2249 caperet,
1257 2208 1410 2248 ineptum
1442 2210 1478 2238 et
1506 2206 1658 2247 spurium
1693 2215 1771 2246 pro-

307 2253 453 2284 nuntiat.
501 2252 592 2284 Quid
618 2252 644 2283 si
671 2251 784 2293 poe'tae
811 2261 946 2282 manum
965 2250 1198 2283 restituimus?
1242 2249 1377 2291 Ecquid
1393 2249 1460 2281 erit
1475 2249 1625 2290 praemii?
1670 2248 1771 2279 Prin-

307 2296 411 2337 cipio,
438 2295 521 2326 illud
547 2304 610 2326 esse
636 2294 781 2325 absurde
807 2295 863 2325 hic
891 2295 1038 2334 positum
1069 2299 1133 2333 est,
1167 2293 1209 2324 ad
1234 2302 1367 2324 versum
1398 2291 1680 2323 sustentandum:
1707 2300 1771 2322 esse

307 2340 435 2370 nullum
451 2337 507 2368 hic
523 2338 633 2368 locum
652 2337 766 2369 habet.
813 2337 956 2379 Repone
973 2337 1019 2378 id,
1044 2337 1134 2378 quod
1159 2336 1320 2376 Magistri
1347 2335 1537 2376 ejecerunt,
1561 2334 1606 2365 N.
1630 2333 1711 2365 naula
1736 2343 1770 2365 re

305 2382 526 2422 interpolatam
541 2380 695 2412 muliebri.
719 2381 819 2411 Bent.
866 2383 874 2396 ‘
891 2381 990 2419 Vulg.
1014 2380 1060 2411 N.
1083 2380 1166 2410 mala
1179 2389 1213 2409 re
1228 2388 1292 2409 esse
1313 2388 1384 2418 exp.
1410 2388 1450 2409 m.
1494 2376 1562 2408 Sed
1578 2386 1641 2408 esse
1656 2385 1698 2407 ex
1716 2385 1768 2406 se-

306 2429 433 2466 quente
448 2434 530 2455 ex—
547 2428 663 2454 natum
678 2432 765 2463 esse,
779 2433 855 2453 cum
868 2422 922 2453 hic
939 2422 1179 2453 alienissimum
1197 2420 1252 2459 sit,
1267 2422 1382 2452 statim
1398 2420 1570 2459 colligitur
1580 2419 1670 2460 :jam
1687 2428 1770 2450 vero

305 2467 439 2499 laborat
457 2475 582 2505 versus,
605 2466 699 2506 atqui
726 2466 826 2496 codd.
858 2467 962 2496 nostri
991 2474 1120 2502 omnes,
1145 2464 1228 2495 item
1255 2463 1438 2494 Fae'rniani
1463 2467 1593 2502 praeter
1616 2461 1715 2493 Bem.
1733 2466 1769 2494 et

306 2510 456 2542 Bentleii
475 2518 548 2548 sex,
563 2509 689 2546 malam,
706 2517 771 2538 non
788 2510 886 2539 mala:
912 2508 964 2538 hic
980 2508 1084 2547 igitur
1101 2507 1232 2538 latebat
1249 2506 1379 2537 vitium.
1425 2506 1435 2522 ‘
1452 2505 1627 2544 Matacus:
1641 2507 1650 2521 ⁴
1665 2505 1769 2535 mala-

306 2563 382 2584 cum
411 2551 575 2594 pallium,'
605 2550 871 2589 ‘malacissare‚’
894 2551 1050 2582 Plautus.
1087 2550 1240 2580 Verbum
1268 2549 1416 2589 ignotius
1442 2548 1511 2579 cito
1541 2547 1768 2588 depravatum

307 2595 398 2627 fuit!
421 2595 519 2626 Both.
544 2594 600 2634 qui
618 2593 722 2633 igitur
738 2593 818 2624 dat:
846 2593 1004 2633 Nullaque
1019 2593 1138 2624 malaca
1152 2602 1187 2623 re
1202 2602 1274 2632 exp.
1296 2602 1338 2622 m.
1363 2591 1449 2622 GM.
1466 2590 1540 2622 GC.
1556 2590 1617 2622 ΒΓ.
1640 2591 1765 2621 malam.

307 2638 353 2669 Et
380 2642 458 2678 post
483 2637 579 2668 Nulla
606 2635 723 2666 Guelf.
751 2639 782 2666 3.
829 2636 908 2666 Non
937 2636 1014 2666 hab.
1041 2645 1104 2666 esse
1130 2638 1163 2666 2.
1211 2634 1307 2666 Nulla
1333 2635 1414 2664 mula
1441 2643 1475 2664 re
1490 2633 1708 2673 interpolatam
1723 2641 1766 2662 m.

306 2680 475 2722 Rip-49
498 2680 578 2711 Par.
599 2680 637 2710 C.
653 2688 778 2719 sparsus
794 2688 844 2719 pr.
862 2688 931 2710 var.
956 2679 1043 2710 Perl.
1082 2679 1091 2696 ‘
1109 2677 1179 2708 Pro
1199 2677 1340 2718 Capillus
1352 2685 1474 2717 passus,
1495 2679 1566 2706 tres
1582 2683 1625 2706 ex
1641 2674 1769 2707 nostris

961 2758 1101 2790 NOTAE

427 2822 471 2852 46
499 2818 574 2857 Ejus
584 2817 674 2850 anuis
686 2816 791 2857 causa]
815 2818 824 2836 ‘
842 2817 974 2857 Anni&
991 2817 1161 2857 genitivus
1177 2826 1288 2858 casus,
1305 2815 1426 2856 priscis
1444 2818 1636 2855 usurpatus.
