1966 3302
497 215 917 246 HEAU‘l'ON'mMOR.
951 215 1059 244 Ac'r.
1094 214 1146 243 ιι.
1179 214 1247 245 sc,
1284 213 1331 242 11.
1563 203 1649 246 567

592 374 796 417 ACTUS
830 375 892 416 II.
945 371 1152 416 SCENA
1183 373 1249 414 ΙΙ.

681 510 874 539 CLINIA.
907 509 1159 539 CLlTlPHO·

191 579 332 621 CLIN.
365 578 414 620 Sl
437 574 546 618 mihi
568 576 777 620 secundae
799 589 867 617 res
887 576 940 617 de
968 589 1116 617 amore
1151 587 1249 616 meo
1280 576 1443 623 essent,
1472 573 1645 627 jamdu-

360 646 476 695 dum,
499 644 607 695 scio,

187 714 429 763 Venissent
447 727 456 754 :
489 713 567 754 sed
589 723 752 761 vereor,
777 724 831 752 ne
852 711 1020 760 mulier,
1041 722 1109 750 me
1123 710 1321 758 absente,
1346 709 1417 750 hic
1434 711 1644 763 corrupta

359 783 428 823 sit.

188 844 469 892 Concurrunt
489 849 636 890 multae
658 847 908 902 opiniones,
923 860 1024 900 quae
1040 845 1147 887 mihi
1163 846 1356 887 animum
1370 848 1616 897 exaugeant
1634 858 1643 895 ;

187 918 352 968 Locus,
374 917 567 967 occasio,
589 920 716 964 aetas,
745 919 901 965 mater,
924 914 1051 968 cujus
1073 914 1155 954 sub
1175 913 1360 968 imperio
1383 911 1452 963 'st,
1472 912 1615 965 mala;

189 985 276 1027 Cui
315 985 423 1027 nihil
456 984 552 1038 jam
585 986 746 1037 praeter
779 983 969 1037 pretium
1001 981 1128 1023 dulce
1163 980 1232 1024 ’st.
1293 980 1432 1022 CLIT.
1479 978 1642 1022 Clinia.

359 1051 500 1095 ΟΜΝ.
538 1052 631 1093 Hei
653 1051 815 1092 misero
835 1050 940 1091 mihi
959 1050 968 1091 !
1616 1050 1644 1090 5

187 1121 324 1165 ΟΜΤ.
355 1121 502 1163 Etiam
525 1132 673 1170 cave-S,
705 1132 757 1159 ne
789 1118 938 1160 videat
965 1117 1075 1159 forte
1097 1117 1196 1159 hinc
1219 1121 1261 1158 te
1284 1130 1311 1158 a
1332 1122 1457 1172 patre
1479 1117 1643 1172 aliquis

358 1190 511 1231 exiens
528 1189 546 1228 l

228 1290 288 1322 CL.
311 1288 349 1320 Si
369 1299 431 1325 res,
456 1297 524 1328 quoe
547 1287 587 1318 ad
613 1296 747 1318 amorem
773 1296 871 1317 meum
896 1288 1046 1326 spectant,
1068 1293 1212 1325 prospere
1235 1293 1267 1314 se
1293 1282 1449 1320 haberent,
1464 1291 1523 1313 non
1537 1282 1643 1313 dubito

183 1334 259 1374 quin
265 1332 456 1372 jampridem
471 1331 648 1372 Antiphila,
666 1333 697 1361 et
711 1329 793 1361 servi
809 1329 862 1370 qui
877 1339 944 1360 eam
958 1329 1196 1363 accersiverunt,
1220 1326 1376 1358 venissent
1390 1337 1399 1356 :
1422 1327 1475 1356 sed
1490 1329 1589 1356 metuo
1605 1336 1643 1357 ne

182 1376 349 1417 Antiphila
361 1374 560 1415 pecuniarum
577 1373 745 1413 largitione
760 1376 940 1412 expugnata
955 1372 1050 1402 alium
1075 1374 1243 1401 amatorem
1265 1369 1429 1409 acceperit,
1449 1369 1521 1399 dum
1536 1368 1643 1400 absens

175 1419 240 1458 sui.
287 1418 401 1449 Multa·
416 1416 600 1458 suspiciones
622 1417 714 1447 simul
738 1416 770 1446 in
792 1419 923 1446 mentem
943 1415 1085 1454 veniunt,
1100 1424 1168 1454 quae
1180 1423 1227 1444 me
1242 1413 1391 1444 inducunt
1406 1413 1446 1443 ad
1461 1412 1643 1442 credendum

181 1462 227 1493 sic
241 1471 325 1493 esse:
347 1461 429 1492 locus
443 1461 476 1491 in
492 1470 550 1499 quo
565 1462 623 1499 est,
635 1459 686 1490 ubi
698 1468 797 1499 prava
814 1458 901 1489 habet
917 1459 1057 1498 exempla
1070 1456 1252 1497 petulantia>
1264 1467 1276 1493 ;
1298 1454 1511 1495 opportunitas
1524 1457 1558 1485 ut
1575 1464 1642 1485 cor-

181 1508 356 1546 rumpatur,
378 1503 450 1544 quia
465 1503 607 1542 formosa
632 1505 690 1541 est,
707 1505 737 1533 et
751 1504 825 1532 nota
840 1512 852 1538 ;
879 1501 1095 1542 aetasflorida,
1112 1510 1180 1541 quoe
1191 1500 1369 1540 plerumque
1384 1497 1522 1533 lubrica,-
1544 1501 1643 1528 mater

182 1548 331 1588 improba,
347 1547 403 1578 sub
417 1546 505 1584 eujus
517 1549 670 1587 potestate
686 1548 744 1581 est,
759 1545 809 1575 cuz·
824 1544 903 1575 nihil
916 1544 1044 1574 suavius
1067 1546 1111 1574 est
1132 1543 1261 1583 pecunia
1276 1545 1305 1573 et
1322 1541 1468 1572 mercede.
1514 1541 1592 1573 CLr.
1613 1541 1642 1570 Ο

184 1590 301 1623 Clinia.
345 1590 406 1622 CL.
430 1589 487 1620 Me
502 1588 676 1620 miserum!
721 1588 796 1619 Cu.
826 1587 903 1619 Vide
918 1597 956 1617 ue
971 1587 1040 1627 quis
1061 1596 1101 1618 esc
1123 1586 1241 1617 oedibus
1263 1585 1365 1626 patris
1388 1584 1550 1624 egrediens
1555 1584 1643 1622 sorte

788 1683 1030 1697 eeeeeeeeee

222 1742 312 1775 Haec
329 1741 494 1772 Goveano
510 1743 546 1771 et
569 1740 710 1771 Mureto
728 1744 781 1772 est
803 1740 914 1772 Scena
935 1749 959 1772 1.
974 1738 1033 1770 sed
1048 1748 1148 1780 quam
1164 1737 1346 1777 immerito,
1365 1737 1471 1769 Boecl.
1491 1736 1640 1769 disserit.

181 1785 320 1827 Guyeto
336 1784 369 1816 in
386 1784 505 1823 glossis
522 1783 607 1815 Mss.
625 1788 677 1814 est
694 1783 774 1814 Act.
789 1793 813 1814 r.
840 1783 894 1815 Sc.
913 1792 962 1814 IV.
990 1783 1090 1815 West.
1136 1781 1176 1812 In
1201 1782 1300 1813 Both.
1319 1785 1372 1812 est
1387 1780 1468 1812 Act.
1489 1789 1530 1811 11.
1544 1779 1600 1811 Sc.
1616 1788 1639 1811 r.

180 1833 217 1861 et
232 1827 366 1869 incipit,
382 1827 532 1859 Secundae
541 1827 570 1857 εἰ
581 1827 618 1857 de
629 1836 732 1857 amore
748 1836 812 1857 meo
829 1836 879 1858 res
888 1826 930 1857 mi
946 1829 1058 1864 essent,
1067 1825 1268 1864 jamdudum,
1284 1824 1425 1855 seim—2
1441 1824 1511 1854 Pro
1530 1823 1641 1855 Venis-

178 1875 247 1903 sent
264 1879 392 1912 repone
412 1870 554 1902 Venisset
569 1880 579 1899 .·
603 1874 641 1900 ut
667 1868 728 1900 inf.
758 1872 853 1900 vs.9.
875 1873 883 1886 ‘
897 1868 1055 1900 adesset.’
1080 1868 1177 1899 Bene.
1225 1868 1233 1883 ‘
1248 1868 1299 1898 Ne
1314 1878 1360 1899 me
1382 1866 1508 1897 absente
1528 1866 1640 1897 mulier

177 1917 325 1955 corrupta
345 1913 399 1946 sit.
439 1912 539 1943 Libb.
558 1913 678 1952 script.
694 1912 751 1943 alii
769 1912 834 1943 alia
851 1912 1101 1950 collocatione·,
1117 1920 1233 1942 omnes
1253 1909 1503 1941 tamenhabent
1519 1908 1641 1940 adver·

180 1958 272 1989 bium
288 1955 360 1988 hic!
391 1956 450 1988 Fa.
473 1957 482 1973 ‘
501 1955 663 1995 Vulgum
675 1959 822 1995 corrupta
837 1955 893 1994 sit,
910 1955 1018 1986 minus
1035 1953 1172 1996 quidem
1186 1952 1338 1985 usitate)
1360 1953 1456 1984 Both.
1469 1952 1526 1993 qui
1543 1952 1638 1992 legit,

185 2001 324 2032 Venisset
337 2009 348 2036 ,·
364 2003 411 2030 set
433 2009 464 2031 v.
479 2009 511 2029 n.
526 1998 650 2035 mulier,
664 2008 710 2029 me
723 1998 846 2029 absente
860 1998 945 2038 hinc,
967 2008 991 2028 c.
1005 2000 1094 2029 s.-—3
1120 1997 1312 2028 Palmerins
1329 2000 1364 2027 et
1381 1995 1436 2026 alii
1451 1999 1638 2034 exaugeam.

182 2044 246 2075 Est
261 2047 376 2074 autem
393 2044 569 2081 exaugeam
586 2041 619 2071 in
641 2041 739 2072 Bodl.
751 2042 808 2072 Tr.
824 2041 870 2073 G.
883 2046 918 2072 et
935 2041 1044 2072 tribus
1062 2039 1181 2072 Leidd.
1197 2040 1298 2071 Bent.
1317 2039 1550 2080 reponendum
1565 2047 1637 2069 mo-

176 2091 247 2126 net,
261 2086 299 2117 C.
311 2082 356 2117 'm.
373 2084 545 2125 opinionem
560 2083 637 2115 hanc
655 2093 723 2124 quae
739 2083 815 2115 mihi
839 2084 942 2114 animo
966 2085 1154 2123 exaugeam.
1200 2087 1208 2100 ⁸
1226 2083 1330 2114 Bent.
1349 2082 1502 2123 reposuit
1518 2081 1636 2121 opinio-

176 2129 328 2168 ⁷1em‚&c.
352 2127 439 2159 bene
464 2127 614 2168 quidem,
638 2126 728 2167 quod
753 2127 937 2167 opinionem,
962 2127 1070 2157 minus
1086 2126 1184 2164 bene,
1205 2125 1294 2166 quod
1318 2125 1442 2163 animo5
1466 2134 1543 2155 nam
1570 2124 1635 2156 hoc

177 2171 314 2213 quidem
326 2168 599 2211 frigidiusculum
615 2170 695 2200 mihi
712 2169 860 2201 videtur.
905 2170 1021 2201 Facile
1038 2170 1081 2200 mi
1092 2179 1150 2200 auc
1165 2168 1256 2210 (nam
1273 2169 1293 2199 Ιι
1316 2168 1430 2207 litera,
1444 2167 1635 2208 praesertim

177 2214 221 2245 ab
237 2213 348 2252 Italis,
363 2212 476 2244 omitti
492 2211 597 2253 solet)
611 2213 740 2243 nimium
756 2212 892 2243 transiit
904 2212 939 2243 in
960 2212 1036 2243 mihi
1052 2213 1202 2250 animum,
1219 2221 1281 2242 nec
1304 2220 1380 2242 raro
1403 2211 1412 2228 ‘
1429 2211 1552 2241 nimius
1565 2209 1574 2222 ’
1598 2215 1635 2242 et

173 2257 183 2274 ‘
197 2257 329 2288 animus
342 2255 351 2270 '
366 2256 455 2287 inter
471 2264 508 2286 se
523 2255 796 2286 commutantur?
820 2255 918 2286 Both.
931 2255 989 2296 qui
1006 2255 1108 2295 igitur
1120 2254 1400 2296 legit‚opinionem
1415 2264 1483 2294 quae
1498 2254 1542 2285 mi
1556 2252 1635 2285 hanc

175 2300 308 2331 nimium
330 2301 517 2339 exaugeam.
563 2297 687 2329 Editor
704 2299 783 2338 Bip.
800 2298 834 2328 in
858 2298 1041 2329 lectionem
1065 2298 1168 2329 Bent.
1191 2302 1309 2329 notat:
1331 2299 1339 2314 ‘
1353 2297 1490 2328 Mollius
1512 2295 1634 2328 fuisset

174 2343 218 2374 mi
231 2343 265 2374 in
277 2343 391 2374 animo.
437 2340 505 2372 Sed
523 2340 693 2372 facessant
716 2341 788 2373 haec
801 2341 822 2372 :’
844 2344 879 2371 et
896 2341 1003 2380 addit,
1021 2341 1031 2358 ‘
1044 2340 1140 2372 Leid.
1159 2343 1188 2372 l.
1203 2341 1277 2371 voci
1296 2349 1408 2379 exaug.
1424 2339 1634 2380 superscrip-

176 2390 246 2417 tum
263 2384 369 2416 habet
385 2384 573 2423 diminuant,
597 2388 756 2425 tanquam
784 2394 825 2414 ex
850 2389 943 2415 esset
960 2384 1177 2425 privativum.
1222 2383 1345 2422 Nobis,
1371 2383 1398 2413 si
1423 2382 1503 2423 quid
1519 2391 1632 2413 emen-

177 2427 325 2460 dandum
339 2428 394 2466 sit,
410 2427 562 2467 placeret
577 2430 692 2458 metum
709 2436 768 2467 pro
783 2426 929 2459 animum.
975 2427 1042 2459 Sed
1057 2425 1206 2458 feramus
1231 2425 1395 2466 vnlg.'—4
1419 2425 1475 2457 ΑΙ.
1494 2426 1634 2464 Occasio,

174 2472 257 2503 locus
272 2494 281 2503 .
297 2493 305 2503 .
323 2492 332 2503 .
347 2470 403 2502 sub
417 2469 546 2510 imperio
562 2469 648 2509 cujus
661 2473 719 2510 est,
734 2473 840 2503 m.—6
864 2471 914 2502 M.
933 2469 977 2502 G.
995 2479 1071 2501 cum
1085 2470 1156 2502 ET.
1172 2473 1208 2500 et
1225 2469 1305 2501 EM.
1319 2478 1402 2500 cave.
1447 2469 1506 2500 ΒΓ.
1521 2476 1610 2499 caree
1621 2477 1632 2499 .·

815 2555 959 2587 NOTAE

217 2624 236 2653 3
260 2621 449 2660 Exaugeant
473 2619 682 2660 [exaugeam]
716 2620 798 2660 Pro,
813 2630 871 2651 ex-
926 2619 1016 2659 Tibi,
1032 2618 1112 2650 dum
1127 2617 1265 2657 vivebo,
1281 2616 1392 2649 fidelis
1407 2616 1488 2649 ero?
1512 2616 1628 2649 Idem:

173 2677 311 2712 angant.
360 2671 418 2703 Sic
452 2671 598 2702 Veteres
631 2671 871 2713 loquebantur.
924 2671 933 2689 ‘
947 2671 1100 2702 Primum
1113 2670 1202 2712 quod
1219 2669 1486 2709 dicebo‚recte:
1510 2679 1628 2702 secun·

172 2725 181 2741 ⁴
197 2721 371 2761 Cinnano?
388 2732 461 2763 pre,
473 2722 614 2762 claudo;
637 2723 646 2740 ‘
660 2722 780 2763 viveo‚’
799 2732 872 2763 pro,
926 2721 1004 2753 dum
1023 2721 1113 2764 quod
1131 2721 1264 2763 dicebo,
1279 2731 1318 2754 eo
1335 2719 1480 2753 melius.’

173 2774 271 2813 viv03
297 2774 305 2790 ‘
324 2771 445 2813 diceo,'
467 2782 542 2814 pru,
568 2773 657 2805 dico.
705 2772 867 2805 Naevius:
