1966 3302
326 245 412 289 638
821 260 862 291 P.
896 260 1138 292 TERENTH
1174 263 1290 294 Arm

328 351 508 395 Erravi:
540 353 603 394 sic
623 365 691 394 res
712 358 813 396 acta
833 354 888 396 'st
907 368 917 397 t
949 359 1114 410 quanta
1135 371 1215 412 spe
1238 358 1410 401 decidi!

329 420 418 462 CH.
450 421 591 462 Immo
611 421 707 462 haec
729 422 921 475 quidem,
942 437 1040 477 quae
1061 425 1176 478 apud
1199 430 1242 466 te
1264 431 1345 476 est,
1369 424 1637 480 Clitiphonis
1656 430 1723 470 est

326 487 504 530 Amica.
564 489 660 530 ΜΕ.
693 490 764 531 Ita
780 491 918 532 aiunt.
979 491 1068 534 CH.
1101 492 1159 534 Et
1175 503 1223 534 tu
1240 493 1412 534 credis?
1474 493 1572 534 ΜΕ.
1603 493 1779 537 Omnia.

328 555 425 597 CH.
452 555 510 596 Et
531 556 651 597 illum
674 557 798 598 aiunt
817 559 931 600 velle
952 572 1152 611 uxorem,
1173 565 1234 611 ut,
1259 573 1359 602 cum
1382 560 1704 614 desponderim,

329 624 438 673 Des,
455 624 532 677 qui
553 637 709 665 aurum
731 638 784 666 ao
805 633 988 678 vestem,
1007 631 1140 681 atque
1161 628 1263 679 alia,
1283 641 1382 682 quae
1400 640 1512 682 opus
1527 633 1642 679 sunt,
1659 643 1780 671 com-

498 698 639 745 paret.
1723 698 1781 739 15

328 759 425 800 ME.
457 758 511 800 Id
533 763 600 801 est
617 760 844 814 profecto!
875 761 920 803 id
941 762 1097 804 amicae
1120 762 1309 804 dabitur.
1369 762 1458 804 CH.
1491 762 1678 805 Scilicet

326 899 374 921 res
389 894 459 921 acta
475 894 531 929 est,
555 896 590 923 ut
614 892 763 933 decipiar.
811 893 938 928 Quanta
959 903 1011 934 spe
1031 894 1174 934 prii-utus
1195 898 1283 926 sum?
1328 894 1397 927 Cn.
1418 895 1518 926 Immo
1543 895 1608 926 hoec
1631 894 1779 934 Bacchis,

325 944 393 973 quae
416 937 461 964 est
486 934 519 964 z'u
545 934 661 965 cedibus
688 935 763 975 tuis,
789 940 835 966 est
859 938 959 968 amica
986 937 1182 976 Clitiphonis.
1227 938 1300 969 ΜΕ.
1323 937 1377 968 Sic
1403 938 1511 969 dicunt
1530 938 1623 979 filius
1637 941 1669 968 et
1683 938 1778 969 servi.

327 977 395 1007 Cn.
421 977 465 1007 Et
481 980 515 1007 tu
529 978 651 1008 credis?
695 978 768 1010 ΜΕ.
795 979 905 1011 Credo.
950 980 1018 1011 CH.
1047 980 1088 1010 Et
1102 980 1151 1011 illi
1166 981 1247 1012 servi
1262 981 1370 1012 dicunt
1384 980 1471 1011 illum
1484 980 1592 1021 filium
1607 983 1694 1011 tuum
1711 980 1778 1011 Cli-

325 1019 411 1049 niam
424 1022 528 1059 petere
542 1021 602 1051 silai
616 1030 766 1058 uxorem;
788 1026 835 1062 ut,
862 1022 916 1053 ubi
932 1022 1039 1063 filium
1053 1033 1152 1054 meam
1166 1023 1201 1054 in
1216 1023 1446 1054 matrimonium
1460 1023 1511 1054 ilci
1522 1023 1730 1064 promiserim,
1750 1023 1780 1054 ei

325 1064 430 1093 tradas
441 1063 613 1102 pecuniam,
635 1073 694 1104 qua
709 1064 824 1095 coemat
845 1069 1022 1097 ornamenta
1038 1075 1142 1101 aurea,
1159 1076 1194 1097 ac
1208 1066 1402 1106 vestimenta,
1416 1069 1510 1106 atque
1523 1066 1620 1097 alium
1635 1069 1779 1097 ornatum

324 1106 378 1144 qui
403 1106 443 1136 ud
467 1106 593 1147 nuptias
617 1106 810 1147 requiritur?
853 1108 926 1139 ΜΕ.
954 1109 1046 1139 Certe
1068 1108 1114 1140 ita
1142 1117 1192 1139 res
1220 1118 1252 1140 se
1275 1108 1386 1140 habet.-
1407 1109 1441 1139 id
1464 1111 1628 1149 argeutum
1653 1108 1780 1140 dabitur

933 1192 1068 1204 eet-etet
1073 1192 1169 1205 ”eoo

324 1249 393 1276 acta
410 1244 461 1276 ’st.
478 1245 528 1276 M.
546 1250 661 1286 quanta
674 1256 725 1286 spe
741 1246 843 1278 decidi
857 1245 873 1278 !
893 1245 962 1278 Alii
980 1247 1140 1278 omittunt
1155 1246 1193 1278 τὸ
1207 1246 1263 1278 sic.
1308 1248 1369 1279 Tr.
1388 1247 1467 1284 Quae
1482 1257 1557 1288 opus
1577 1250 1636 1280 est.
1668 1247 1778 1279 West.

327 1289 361 1319 M
369 1297 400 1321 Ε.
426 1289 510 1324 Quid
524 1289 608 1319 dixti
625 1289 768 1329 Chreme]
790 1290 887 1320 Bem.
903 1290 979 1330 quid
1003 1300 1123 1321 narras.
1169 1290 1235 1322 Sed
1252 1291 1315 1321 hoc
1331 1300 1397 1321 non
1413 1291 1526 1331 magni
1541 1289 1668 1322 refertz
1690 1289 1776 1322 issud

326 1331 461 1372 majoris
477 1332 640 1363 momenti
654 1337 708 1363 est
727 1342 769 1363 ex
786 1341 887 1363 versu
900 1332 955 1373 qui
973 1333 1126 1375 sequitur
1144 1344 1153 1367 ς
1187 1333 1320 1365 Erravi:
1342 1334 1387 1365 sic
1411 1340 1461 1364 res
1485 1337 1555 1364 acta
1570 1337 1638 1365 est:
1661 1337 1777 1374 quanta

324 1385 377 1414 spe
402 1374 524 1405 decidi:
549 1375 582 1405 in
600 1380 762 1406 contextu
779 1375 856 1406 libri
882 1384 916 1407 v.
941 1385 1005 1406 uon
1029 1385 1104 1407 esse
1120 1377 1183 1407 nisi
1212 1376 1353 1416 primam
1374 1375 1558 1407 dictionem
1575 1377 1716 1407 Erravi:
1739 1376 1774 1407 in

325 1417 422 1447 Rem.
441 1427 520 1448 vero
536 1417 627 1448 illum
647 1427 780 1449 versum
805 1418 939 1449 omnino
956 1427 1021 1449 nou
1038 1428 1132 1452 esse:
1169 1423 1205 1450 et
1221 1428 1300 1450 sane
1317 1428 1395 1450 eum
1411 1428 1486 1450 esse
1503 1419 1717 1450 subdititium
1733 1429 1776 1450 ex

324 1460 580 1501 insequentibus
599 1466 706 1501 patet.
739 1462 851 1493 Quare
864 1470 939 1492 eum
953 1470 1084 1492 versum
1100 1463 1234 1492 omnino
1250 1461 1430 1493 delendum
1447 1461 1652 1492 arbitramur
1668 1472 1677 1492 ε
1701 1471 1777 1502 quae

325 1513 406 1533 vero
431 1510 629 1543 sequuntur,
644 1514 684 1535 ea
708 1513 749 1534 ex
778 1504 875 1535 Bem.
896 1513 1051 1544 personae
1068 1504 1263 1536 Menedemi
1281 1504 1498 1535 attribuimus
1517 1515 1525 1535 :
1560 1505 1610 1535 Εα
1633 1513 1683 1535 res
1696 1514 1778 1535 nunc

323 1547 431 1583 agitur
446 1546 522 1586 ipsa.
568 1547 641 1582 ΜΕ.
666 1546 741 1587 quid
755 1557 865 1578 narras
883 1547 1010 1578 Chreme
1023 1545 1038 1578 ‚7
1062 1547 1161 1578 Immo
1181 1547 1245 1578 hoec
1259 1548 1390 1588 quidem,
1405 1557 1472 1588 quoe
1487 1550 1561 1588 aput
1575 1557 1621 1579 me
1634 1550 1693 1586 est,
1711 1547 1777 1577 Cli-

325 1588 461 1629 tiphonis
475 1593 521 1619 est
545 1589 665 1621 Amica.
682 1590 728 1620 ita
752 1589 852 1628 ajunt.
900 1590 969 1621 CH.
992 1593 1023 1620 et
1047 1593 1081 1621 tu.
1110 1591 1228 1622 credis?
1272 1590 1343 1622 ΜΕ.
1366 1589 1480 1621 omnia.
1526 1589 1596 1621 CH.
1621 1590 1665 1620 Et
1688 1589 1776 1620 illum

323 1632 412 1669 ajunt
427 1633 504 1663 velle
519 1641 656 1668 uxorem,
672 1636 707 1664 ut
722 1643 790 1663 cum
811 1633 1019 1673 desponderis,
1045 1633 1111 1664 Des
1134 1633 1187 1674 qui
1211 1643 1331 1673 aurum,
1354 1643 1390 1664 ac
1415 1635 1542 1671 vestem,
1565 1635 1596 1663 et
1617 1633 1682 1663 acia
1707 1642 1778 1673 quae

324 1685 398 1713 opus
422 1678 504 1714 sunt,
529 1679 692 1716 comparet.
738 1676 810 1706 ME.
834 1675 873 1706 Id
899 1679 945 1706 est
970 1675 1120 1716 profecto.
1148 1677 1204 1707 Fa.
1250 1678 1259 1693 ‘
1277 1676 1393 1707 Nostri
1424 1685 1538 1706 omnes
1565 1674 1661 1706 dixti.
1703 1674 1775 1706 Soli

326 1717 492 1749 Bembino
509 1717 687 1755 debemus,
712 1718 802 1759 qnod
819 1718 952 1758 spurius
970 1728 1086 1750 versus
1102 1719 1179 1749 hinc
1205 1718 1387 1759 ejiciatur3
1420 1718 1476 1759 qui
1492 1717 1593 1748 fictus
1609 1722 1663 1749 est
1678 1727 1720 1749 ex
1734 1726 1776 1749 11.

326 1763 356 1791 3.
371 1764 402 1792 9.
425 1761 434 1776 ‘
448 1761 508 1791 Vae
527 1761 648 1792 misero
665 1761 756 1801 mihi,
771 1767 897 1802 quanta
913 1761 956 1792 de
974 1770 1033 1802 spe
1058 1760 1194 1792 decidi!
1240 1762 1285 1793 Et
1300 1761 1379 1792 inde
1405 1761 1507 1792 etiam
1522 1760 1697 1800 habemus,
1712 1760 1777 1791 Im-

326 1813 372 1833 mo
383 1803 447 1834 hoec
463 1804 584 1844 quidem
599 1814 665 1845 quoe
680 1808 753 1845 aput
768 1814 815 1835 me
828 1807 894 1835 est:
919 1813 994 1835 eum
1012 1805 1118 1835 nostri
1136 1813 1314 1845 perperam
1340 1803 1502 1842 habeant,
1521 1804 1563 1835 Et
1576 1803 1696 1844 quidem
1712 1803 1777 1834 hac

325 1857 392 1886 quoe
408 1848 488 1886 apud
504 1850 533 1877 te
550 1850 606 1878 est.
651 1848 778 1878 Tamen
797 1856 839 1877 ex
863 1847 987 1878 nostris
1003 1847 1155 1878 omnibus
1182 1847 1409 1888 Desponderz'm
1431 1847 1586 1886 legimus,
1616 1855 1682 1877 non
1714 1846 1776 1876 De-

323 1891 493 1928 sponda-is.
540 1890 597 1929 Et,
623 1889 676 1921 Ita
706 1890 813 1929 ajunt.-
849 1893 879 1920 et
905 1896 939 1920 tu
970 1889 1070 1921 credis
1100 1890 1223 1921 omm'a:
1268 1890 1330 1920 soli
1363 1889 1536 1920 Chremeti
1573 1888 1776 1920 tribuimus!

329 1932 422 1963 Bent.
482 1934 490 1949 ‘
518 1933 588 1963 Nos
618 1942 694 1964 cum
719 1934 779 1965 Ea.
801 1933 903 1964 Bent.
947 1933 1097 1972 Millero‚
1131 1932 1331 1963 Bembinum
1365 1932 1534 1973 sequimur
1565 1935 1601 1962 et
1634 1931 1683 1963 sic
1705 1930 1776 1962 edi-

324 1984 398 2005 mus
422 1975 484 2006 hoc
508 1984 607 2006 versu
631 1985 741 2006 narras
763 1984 824 2016 pro
858 1975 954 2016 dixti,
976 1975 1064 2016 quod
1089 1975 1145 2006 alii
1181 1974 1330 2006 habent!
1362 1975 1438 2015 Bip.
1482 1975 1491 1991 ‘
1511 1973 1642 2014 Erravi]
1680 1973 1774 2005 Edit.

325 2017 404 2048 add.
427 2028 476 2048 res
489 2021 559 2048 acta
572 2022 686 2058 quanta
710 2018 747 2050 de
761 2027 813 2059 spe
827 2018 940 2050 decidi.
984 2018 1183 2059 Quanquam
1207 2018 1279 2049 haec
1298 2017 1402 2048 verba
1419 2018 1450 2048 in
1466 2021 1629 2048 contextu
1646 2015 1774 2047 codicis

326 2061 458 2101 desunt,
471 2062 632 2102 leguntur
648 2066 761 2092 tamen
778 2066 940 2102 tanquam
964 2061 1076 2101 glossa
1092 2061 1132 2091 ad
1157 2065 1166 2078 ‘
1183 2061 1233 2091 Ea
1249 2070 1302 2092 res
1317 2059 1432 2100 nunc,’
1447 2059 1524 2091 &c.’
1547 2059 1665 2090 Bruns.
1711 2059 1775 2090 Er·

324 2104 413 2135 ravi:
430 2113 561 2135 versum
576 2104 664 2135 hunc
683 2103 896 2135 subdititium
915 2113 988 2134 esse
1008 2109 1127 2135 censet
1144 2104 1245 2134 Both.
1272 2102 1368 2134 addit
1385 2108 1497 2134 tamen
1512 2113 1519 2134 ι
1535 2103 1544 2119 ‘
1560 2101 1675 2133 Erravz’
1703 2102 1775 2142 qui·

326 2147 401 2177 dem
416 2148 582 2186 glossema
598 2147 755 2178 existimo
778 2147 834 2178 τοῦ
855 2148 864 2163 ‘
881 2146 970 2179 Quid
997 2156 1113 2178 narras
1125 2145 1148 2176 ?'
1174 2147 1277 2177 verba
1301 2155 1396 2183 vero,
1418 2145 1473 2176 Sic
1494 2154 1544 2175 res
1564 2147 1633 2175 acta
1647 2147 1693 2175 est
1707 2144 1774 2185 (ita

325 2190 414 2220 enim
430 2189 503 2220 fere
525 2189 623 2220 codd.
649 2194 683 2221 et
709 2194 794 2221 vett.
814 2188 908 2231 edd.)
935 2190 1077 2220 istorum
1102 2193 1110 2206 ‘
1128 2189 1177 2220 Ea
1199 2198 1252 2220 res
1277 2189 1391 2229 agitur
1406 2188 1426 2227 ;’
1455 2188 1596 2228 reliqua,
1616 2191 1775 2218 monente

325 2232 426 2263 Bent.
445 2242 486 2262 ex
503 2241 543 2263 11.
557 2234 587 2263 3.
603 2235 634 2263 9.
651 2232 806 2263 desumta
822 2237 911 2272 sunt,
937 2232 1010 2262 vitii
1027 2241 1151 2272 genere
1169 2241 1235 2262 non
1253 2231 1475 2272 infrequenti.
1519 2230 1555 2261 Si
1571 2230 1644 2271 quis
1660 2233 1775 2261 tamen

325 2279 390 2313 est,
406 2275 462 2316 qui
478 2278 596 2306 contra
611 2274 712 2306 fidem
729 2275 932 2316 optimorum
956 2275 1121 2306 librorum
1135 2275 1199 2306 hoc
1216 2273 1379 2316 quIcquid
1392 2278 1446 2306 est
1463 2272 1618 2304 versiculi
1635 2281 1774 2303 servare

324 2318 387 2348 sibi
406 2318 536 2358 cupiat,
552 2318 579 2349 is
597 2319 645 2349 sic
663 2318 880 2349 emendabit:
904 2317 1070 2350 Errarin'?
1116 2318 1182 2349 CH.
1198 2317 1253 2349 Sic
1269 2327 1318 2348 res
1335 2317 1407 2348 ΜΕ.
1451 2315 1566 2347 Actum
1581 2312 1652 2346 est?
1673 2316 1712 2346 de
1722 2324 1774 2354 spe
1811 2325 1813 2327 ·

325 2361 426 2391 decidi
437 2358 462 2392 Τ
477 2360 487 2378 ⁴
501 2361 624 2391 Sensus
640 2360 742 2392 facile
760 2360 893 2402 probat,
909 2361 995 2402 quod
1009 2360 1199 2398 ssenueius,
1215 2364 1390 2401 praeeunte
1400 2357 1542 2397 Fa'erno‚
1554 2366 1774 2398 personarum

326 2404 492 2435 rationem
516 2403 563 2434 sic
590 2403 750 2434 ordinat:
777 2404 828 2434 M.
855 2404 940 2439 Quid
954 2413 1074 2440 narrem,
1100 2403 1251 2434 Chreme?
1276 2403 1375 2433 Immo
1390 2403 1453 2433 hoec
1468 2401 1590 2441 quidem
1611 2410 1679 2440 quoe
1693 2401 1775 2442 apud

325 2456 372 2477 me
388 2450 445 2484 est,
463 2445 652 2486 Clitiphonis
667 2450 712 2477 est
727 2446 849 2477 Amica.
897 2447 937 2477 C.
954 2446 1006 2476 Ita
1022 2446 1132 2476 aiunt:
1153 2448 1183 2476 et
1204 2449 1239 2476 tu
1261 2445 1362 2476 credis
1377 2444 1480 2475 omnia
1491 2456 1501 2474 .-
1529 2444 1569 2474 Et
1584 2443 1671 2474 illam
1685 2443 1776 2473 aiunt

324 2490 398 2519 telle
412 2499 552 2527 uxorem,
569 2493 601 2519 ut
618 2499 684 2519 cum
700 2488 923 2529 dewouderim,
944 2489 1017 2528 Des,
1039 2488 1102 2529 qui,
1128 2487 1205 2519 &c.’
1229 2488 1328 2519 Zeun.
1374 2487 1484 2518 Abest
1505 2486 1574 2527 ipsa
1599 2484 1715 2517 Guelf.
1742 2488 1774 2516 2.

328 2532 453 2562 Narras
475 2531 534 2562 dat
555 2532 732 2563 Perl.—ll
764 2532 892 2572 Delph.
917 2531 1034 2562 Erraui
1053 2542 1063 2562 .·
1096 2541 1148 2561 res
1171 2534 1241 2561 acta
1266 2534 1333 2561 est.-
1361 2533 1476 2571 quanta
1505 2530 1542 2560 de
1568 2538 1622 2568 spe
1652 2528 1776 2559 decidi?

327 2574 442 2605 Guelf.
474 2577 503 2605 l.
551 2575 617 2605 CH.
640 2574 757 2604 Errat-z·
785 2584 834 2605 res
861 2577 930 2604 ueta
953 2577 1011 2605 est.
1056 2574 1128 2604 ME.
1155 2573 1280 2613 Quanta
1303 2574 1340 2604 de
1365 2583 1416 2613 spe
1442 2571 1552 2603 decidi.
1577 2571 1615 2602 Z.
1641 2571 1777 2601 Erravi:

325 2627 375 2647 res
391 2620 480 2648 acta:
503 2620 617 2659 quanta
639 2617 676 2646 ‹le
697 2626 749 2656 spe
765 2616 892 2649 decidi!
936 2616 1028 2647 Peri.
1055 2616 1172 2647 Erravi
1189 2638 1366 2647 .........
1371 2617 1454 2645 -12
1478 2615 1524 2645 Et
1544 2613 1666 2654 quidem
1688 2614 1776 2644 ἰδίως

326 2670 355 2699 q.
381 2658 498 2690 Guelf.
517 2663 545 2690 1.
591 2659 698 2689 Etiam
720 2669 780 2700 pro
806 2660 902 2689 Immo
918 2661 948 2689 3.
994 2659 1061 2690 Ms.
1090 2658 1132 2689 R.
1158 2659 1200 2689 Et
1223 2659 1361 2699 quidem:
1384 2656 1508 2688 deinde
1540 2658 1574 2686 in
1604 2660 1686 2687 vett.
1717 2655 1775 2687 lib.

326 2701 393 2732 ἀντὶ
419 2702 475 2732 τοῦ
497 2703 572 2740 hoec,
595 2702 717 2741 legitur
742 2701 859 2732 isthoec.
886 2701 982 2733 Lind.
999 2702 1057 2732 ΒΓ.
1085 2701 1238 2742 Equidem
1262 2701 1326 2732 hoec
1341 2710 1406 2741 quoe
1421 2700 1502 2740 apud
1525 2702 1556 2729 te
1580 2701 1637 2729 est.
1683 2698 1776 2738 Apud

326 2755 374 2775 me
404 2745 488 2775 dant
518 2745 610 2775 Peri.
647 2745 684 2774 Z.
716 2744 790 2784 Rip.
823 2744 1010 2775 notu—13
1044 2745 1105 2775 Est
1133 2744 1232 2774 umicn
1263 2744 1320 2774 ΒΓ.
1353 2743 1409 2784 qui
1439 2742 1542 2773 etiam
1572 2740 1669 2781 legit,
1704 2740 1775 2772 CH.

327 2788 370 2817 Ia't
395 2790 429 2818 lu
454 2788 554 2818 credis
582 2786 707 2819 omniu?
742 2787 826 2817 duos
856 2796 926 2827 seq.
957 2796 1024 2817 vss.
1049 2786 1151 2817 etiam
1174 2785 1345 2816 Chremeti
1374 2784 1624 2816 t1·ibnens.—14
1647 2783 1776 2822 Legen-

327 2831 405 2860 dum
445 2836 558 2861 monet
596 2831 698 2860 Bent.
729 2829 828 2866 illum,
865 2829 953 2867 quod
991 2828 1135 2869 probant
1171 2829 1262 2859 Peri.
1298 2828 1402 2858 Roth.
1460 2826 1667 2867 Desponueris
1684 2825 1776 2865 Rip.

329 2873 541 2913 Deum—15
566 2873 626 2904 ΒΥ.
649 2875 678 2903 ct
704 2876 826 2903 restem.
874 2872 971 2902 Both.
995 2871 1123 2903 omittit
1149 2873 1319 2902 szmt.—16
1344 2870 1403 2901 ΒΓ.
1436 2870 1473 2901 Iu
1495 2872 1541 2901 est
1564 2868 1720 2910 profecto?
1742 2868 1776 2898 id
