1966 3302
326 227 413 270 (310
829 240 865 269 P.
902 238 1142 270 TERENTH
1176 241 1293 272 ΛΡΜ

331 335 442 376 Eum
475 348 586 377 esse.
646 334 724 376 So.
756 333 819 376 At
846 338 894 375 ut
929 334 1045 376 satis
1072 335 1368 390 contemplata
1400 336 1536 378 modo
1570 336 1651 388 sis,
1685 350 1784 380 mea

341 449 344 452 ,
502 403 682 444 Nutrix.
747 403 842 443 ΝΗ.
872 401 1007 443 Satis.

328 472 407 514 So.
452 470 541 513 Abi
563 471 660 526 jam
689 483 806 512 nunc
835 470 963 520 intr0‚
995 473 1144 524 atque,
1173 469 1252 512 illa
1284 471 1325 512 si
1350 470 1446 525 jam
1476 470 1650 522 laverit,
1676 470 1785 513 mihi

506 539 684 580 nunfia:
1755 539 1785 579 5

328 605 420 648 Hic
455 619 535 660 ego
565 606 708 647 virum
737 605 904 646 interea
933 605 1179 658 opperibor.
1239 605 1323 647 SY.
1365 605 1432 647 Te
1463 605 1586 648 volt:
1614 605 1783 656 videas,

498 673 604 728 quid
625 673 745 714 velit.

326 741 509 793 Nescio,
533 741 640 796 quid
662 741 802 782 tristis
823 746 918 783 est:
949 753 1039 782 non
1059 745 1226 782 temere
1248 740 1305 783 ’st
1324 754 1334 783 :
1366 745 1535 792 metuo,
1555 740 1662 795 quid
1682 740 1783 784 siet.

497 809 584 850 CH.
618 807 738 859 Quid
761 808 872 850 siet!

327 877 430 927 Nae,
451 877 542 918 ista
563 876 708 917 hercle
729 889 890 929 magno
913 875 1009 930 jam
1029 880 1191 917 conatu
1211 888 1394 929 magnas
1415 887 1553 929 nugas
1575 875 1755 917 dixerit.

324 945 402 985 So.
434 945 596 986 Ehem!
628 945 688 985 mi
709 945 789 985 vir.
865 944 954 985 CH.
987 944 1151 985 Ehem!
1182 957 1281 985 mea
1302 956 1428 984 uxor.
1503 943 1585 985 So.
1629 943 1697 984 Te
1715 944 1784 998 ip-

496 1026 593 1053 sum
615 1025 786 1066 quaero.
848 1011 937 1053 CH.
969 1012 1188 1065 Loquere,
1210 1011 1314 1065 quid
1336 1011 1463 1053 velis.

323 1081 401 1123 So.
434 1080 632 1121 Primum
654 1081 736 1121 hoo
758 1083 799 1121 te
824 1093 917 1130 oro,
941 1094 996 1121 ne
1018 1079 1126 1135 quid
1148 1079 1301 1121 credas
1317 1092 1388 1120 me
1406 1078 1642 1120 advorsum
1663 1076 1784 1119 edic-

496 1152 586 1189 tum
608 1151 730 1188 tuum
1076 1155 1080 1158 ⁴
1727 1145 1784 1186 10

325 1216 489 1258 Facere
510 1228 607 1256 esse
630 1228 799 1256 ausam.
859 1213 949 1256 CH.
981 1211 1085 1255 Vin’
1116 1226 1188 1254 me
1217 1213 1333 1255 istuc
1365 1212 1459 1264 tibi,
1489 1212 1573 1255 etsi
1593 1212 1783 1255 incredi—

494 1284 582 1324 bile
604 1282 675 1333 'st‚
699 1282 874 1324 credere
892 1283 911 1323 ’ἒ

324 1350 479 1392 Credo.
541 1349 623 1391 SY.
657 1349 828 1390 Nescio
850 1349 956 1403 quid
977 1349 1155 1402 peccati
1170 1351 1317 1403 portet
1335 1347 1432 1390 haec
1450 1347 1668 1402 purgatio.

323 1420 400 1460 So.
435 1417 722 1459 Meministin'
743 1431 812 1458 me
833 1430 931 1458 esse
954 1417 1199 1470 gravidam,
1221 1421 1265 1458 et
1281 1416 1388 1467 mihi
1406 1420 1448 1457 te
1465 1429 1782 1471 maxumopere

494 1485 658 1534 dicere,

321 1600 494 1632 ostendisti.
537 1602 597 1633 So.
619 1602 842 1641 Atdiligenter
852 1603 934 1640 vide,
946 1605 981 1633 ut
995 1612 1064 1633 eum
1078 1601 1157 1633 salis
1171 1603 1258 1633 modo
1273 1602 1510 1639 intuitafuerz's.
1533 1602 1603 1634 Nu.
1614 1601 1705 1633 Satis
1713 1610 1782 1633 eum

323 1643 439 1673 intuita
450 1654 528 1675 sum.
563 1646 618 1676 So.
631 1647 706 1676 Jam
718 1646 770 1676 abi
782 1647 865 1676 intro
881 1647 1015 1682 domum,
1034 1648 1063 1676 et
1083 1645 1161 1676 mihi
1176 1645 1270 1684 refer,
1285 1647 1314 1676 si
1329 1646 1384 1676 illa
1399 1644 1644 1685 Antiphilajam
1658 1644 1780 1675 laverit.

325 1685 451 1716 Interea
465 1687 515 1717 hic
531 1688 696 1728 erpectabo
712 1689 870 1719 maritum.
915 1688 977 1718 SY.
1005 1688 1146 1727 Chreme,
1155 1697 1234 1718 uxor
1244 1692 1297 1719 tua
1311 1691 1340 1719 te
1352 1688 1477 1728 quoerz't,
1487 1689 1597 1719 videas
1607 1687 1681 1728 quid
1695 1686 1782 1718 velit.

324 1727 439 1765 Ignoro
452 1740 511 1769 qua
527 1731 565 1760 de
578 1741 670 1761 causa
686 1734 793 1762 moesta
805 1731 859 1762 sit.
895 1731 969 1761 Non
980 1731 1046 1761 sine
1055 1740 1147 1761 causa
1163 1730 1195 1761 id
1210 1731 1377 1769 contingit.
1416 1731 1524 1762 Metuo
1535 1731 1608 1770 quid
1619 1730 1672 1761 sit.
1711 1729 1780 1761 Cn.

325 1770 409 1806 Qum
418 1772 480 1802 sit?
497 1772 698 1811 Ista-themna
712 1783 898 1814 summopere
907 1783 940 1804 se
942 1773 1113 1812 fatigabit,
1128 1773 1161 1803 in
1176 1773 1270 1812 nugis
1284 1773 1484 1813 proferendis.
1529 1774 1588 1804 So.
1609 1773 1720 1812 Ehem,
1736 1772 1781 1802 mi

321 1814 382 1843 vir.
409 1814 475 1844 CH.
489 1815 599 1852 Ehem,
612 1826 677 1846 mea
687 1826 777 1847 uxor.
813 1817 871 1847 So.
889 1816 1004 1851 Quoero
1021 1815 1162 1855 teipsum.
1202 1816 1268 1846 Cn.
1283 1816 1348 1846 Dic
1359 1815 1432 1855 quid
1444 1819 1501 1853 est,
1512 1816 1591 1856 quod
1601 1815 1689 1847 velis.
1722 1815 1780 1846 SO.

324 1856 363 1886 In
377 1856 485 1895 primis
510 1858 563 1888 hoc
587 1869 606 1888 α
627 1861 657 1888 te
678 1859 810 1898 postulo,
834 1868 872 1889 ne
897 1868 943 1889 me
965 1859 1073 1888 credas
1087 1868 1196 1889 ausam.
1210 1868 1274 1889 esse
1290 1858 1411 1898 aliquid
1417 1857 1527 1895 facere
1542 1860 1651 1888 contra
1657 1857 1780 1897 jussum

323 1901 420 1929 tuum.
467 1900 534 1931 CH.
565 1900 657 1931 Visne
671 1911 718 1932 me
733 1903 856 1932 credere
871 1901 956 1932 istud
973 1898 1056 1932 tibi?
1079 1902 1180 1938 cnedo,
1195 1900 1335 1940 quumvis
1346 1911 1406 1931 non
1420 1901 1603 1932 credendum
1617 1900 1672 1931 sit.
1717 1900 1779 1931 SY.

324 1941 436 1972 Nescio
451 1942 523 1983 quid
537 1943 731 1984 culpaeferat
746 1945 810 1975 hcec
824 1944 991 1976 excusatio.
1035 1943 1095 1974 So.
1121 1943 1347 1975 Recordarisne
1369 1953 1438 1975 cum
1461 1952 1559 1975 essem
1577 1942 1727 1983 gravida,
1749 1946 1780 1974 te

933 2037 1169 2053 erecte-aecer»

322 2100 395 2131 haec
411 2101 519 2133 oratio
531 2100 553 2133 ?'
599 2102 744 2134 Codices
761 2113 840 2134 vero
857 2112 986 2142 omnes,
1009 2114 1093 2145 quos
1111 2103 1192 2142 vidi,
1216 2103 1371 2135 tribuunt
1387 2104 1566 2135 Sostratae.
1610 2102 1700 2144 Guy.
1723 2112 1782 2134 ex-

323 2144 446 2184 punxit
461 2145 494 2175 in
512 2154 573 2176 suo
588 2145 707 2176 codice
722 2144 760 2176 τὸ
775 2147 863 2184 mihi,
888 2147 976 2187 quod
994 2147 1097 2177 estin
1122 2147 1292 2188 plerisque
1318 2146 1472 2178 omnibus
1500 2146 1584 2177 Mss.
1616 2150 1653 2178 et
1679 2145 1781 2178 editis

322 2187 479 2218 vetustis.
504 2188 601 2219 Idem.
646 2189 724 2219 Esse
742 2195 820 2228 post
834 2190 957 2220 ridetur·
974 2188 1207 2221 Guelf.1.—4
1231 2190 1316 2220 Mss.
1333 2194 1369 2220 et
1393 2188 1478 2220 editi
1503 2188 1640 2229 quidam
1665 2186 1779 2220 vetus-

322 2229 455 2267 tissimi,
477 2230 523 2260 At
539 2231 619 2269 vide,
642 2235 676 2261 ut
692 2233 780 2262 satis.
804 2232 914 2262 XVest.
958 2233 1059 2263 Bent.
1075 2232 1224 2273 reponit,
1251 2233 1296 2263 At
1318 2231 1397 2263 satis
1417 2235 1528 2262 ute-5
1553 2231 1682 2262 Omnes
1697 2231 1782 2263 libb.

324 2281 351 2302 s.
369 2281 424 2311 ap.
441 2272 500 2303 Fa.
517 2277 552 2303 et
568 2272 672 2304 Bcnt.
684 2273 748 2304 Abi
761 2273 927 2313 nuncjam.
972 2274 1027 2305 Ita
1043 2279 1080 2306 et
1097 2275 1154 2305 ΒΓ.
1172 2275 1274 2306 Both.
1292 2274 1434 2314 Bip.—⁷
1459 2274 1504 2305 Ο.
1521 2274 1544 2304 1.
1561 2283 1589 2305 s.
1614 2273 1690 2313 quia
1715 2274 1781 2306 sit:

323 2314 372 2345 ita
389 2314 475 2345 bene
492 2324 608 2346 versus
625 2317 802 2355 procedit:
826 2317 886 2347 sed
904 2317 966 2348 hoc
981 2318 1124 2356 amplius
1142 2318 1241 2348 Bem.
1258 2323 1294 2348 et
1310 2317 1365 2348 Vi.
1389 2326 1450 2357 pro
1473 2319 1586 2357 metuo,
1606 2316 1701 2347 timeo
1725 2318 1781 2348 ha-

323 2356 418 2388 bent.
445 2357 503 2388 Fu.
547 2358 556 2375 ‘
571 2358 687 2389 Nostri
703 2368 819 2390 omnes
835 2362 946 2398 metuo,
971 2366 1005 2391 ct
1019 2359 1085 2390 sit.‘
1109 2361 1212 2392 Bent.
1248 2360 1359 2391 Metuo
1371 2359 1445 2399 quid
1459 2359 1502 2389 sit
1518 2359 1576 2391 ΒΓ.
1592 2358 1687 2390 Peri.
1703 2359 1782 2399 Bip.

323 2399 426 2431 Both.
446 2400 636 2439 Delph.—-8
660 2401 731 2431 EP.
748 2411 814 2432 non
831 2402 986 2442 agnoscit
1001 2402 1193 2440 &joma—9
1216 2403 1301 2434 Mss.
1327 2401 1462 2442 quidam
1481 2401 1565 2432 Hem
1590 2410 1651 2441 pro
1672 2401 1780 2433 Ehem.

323 2445 408 2473 —10
425 2443 492 2474 Ms.
509 2443 551 2473 R.
566 2442 608 2474 P.
625 2443 681 2473 hoc
696 2453 759 2474 oro.
792 2443 909 2475 Guelf.
924 2447 954 2475 2.
971 2445 1035 2476 hoec
1049 2448 1084 2476 et
1096 2446 1340 2476 adversus.——ll
1358 2444 1416 2475 ΒΓ.
1434 2444 1501 2475 Vis.
1533 2444 1629 2475 Bem.
1641 2446 1671 2474 et
1682 2444 1781 2476 incre-

324 2484 418 2515 dibile
431 2487 574 2516 est.—l2
599 2485 727 2516 Omnes
745 2485 817 2517 fere
845 2487 864 2517 Ι.
890 2497 916 2518 s.
945 2488 1033 2518 inter
1058 2497 1141 2529 quos
1168 2488 1266 2519 Bem.
1294 2491 1330 2518 et
1349 2486 1405 2518 aiii
1421 2486 1564 2528 antiqui,
1585 2489 1701 2526 portat.
1723 2486 1781 2519 Fa.

319 2527 328 2544 ‘
347 2527 464 2558 Nostri
494 2537 628 2568 quoque
656 2528 783 2568 portat?
818 2529 921 2561 Bent.
967 2530 1081 2561 Pon-tat
1110 2531 1169 2562 ΒΓ.
1200 2530 1294 2561 Peri.
1323 2529 1401 2570 Bip.
1432 2529 1535 2561 Both.
1563 2528 1778 2569 Delph.-13

326 2569 449 2601 Dicere.
494 2570 563 2600 Pro
580 2580 620 2601 eo
639 2571 720 2602 Mss.
740 2571 922 2602 Leidenses
939 2579 1093 2613 quatuor,
1110 2572 1232 2604 Boend.
1249 2573 1309 2603 Tr.
1326 2577 1361 2603 et
1377 2571 1477 2603 Bodi.
1494 2570 1555 2603 sed
1571 2576 1608 2602 et
1623 2580 1666 2602 ex
1679 2570 1782 2602 editis

324 2617 451 2651 praeter
468 2612 540 2643 EP.
559 2618 594 2643 et
612 2612 685 2644 EA.
704 2614 806 2644 etiam
824 2615 964 2653 Veneti,
986 2615 1181 2654 Juntarum,
1206 2615 1292 2646 Rob.
1307 2614 1485 2654 Stephani,
1512 2613 1607 2652 Aidi,
1632 2613 1781 2645 Davent.

327 2653 562 2695 Antesignani‚
579 2655 730 2693 aliorum,
746 2657 863 2696 legunt
878 2657 1131 2688 interminatum:
1153 2667 1228 2698 quae
1247 2658 1358 2698 glossa
1374 2657 1509 2687 videtur
1525 2656 1581 2687 τοῦ
1595 2657 1604 2673 ‘
1619 2655 1781 2687 edicere!

330 2696 428 2727 IVest.
476 2698 618 2728 Maximo
633 2708 722 2738 opere
737 2699 973 2730 interrrzinatum
990 2701 1034 2732 G.
1060 2701 1146 2731 Idem
1160 2701 1195 2731 in
1211 2701 1294 2731 Add.
1339 2699 1446 2730 ‘Mihi
1468 2702 1499 2730 ee
1525 2707 1707 2739 magnopere
1731 2699 1781 2730 in·

323 2739 535 2770 terminatum.
580 2741 710 2771 Omnes
727 2747 893 2783 quotquot
909 2747 987 2774 sunt
1014 2743 1035 2774 Ι.
1064 2753 1089 2774 s.
1116 2743 1323 2783 maximopere
1346 2742 1407 2772 int.
1453 2740 1520 2772 Soli
1548 2741 1644 2772 Bem.
1670 2745 1706 2772 et
1721 2741 1779 2773 Vi.

323 2791 465 2813 maxumo
480 2791 569 2822 opere
583 2783 701 2814 dicere.-
726 2793 826 2824 quam
839 2785 1013 2825 antiquam
1029 2791 1066 2817 et
1083 2795 1196 2817 verani
1216 2795 1290 2816 esse
1313 2785 1394 2816 lect.
1413 2783 1520 2825 puto.'
1544 2784 1604 2816 Fa.
1649 2783 1659 2800 ‘
1674 2784 1778 2824 Lege,
