1966 3302
297 214 383 258 520
792 230 833 258 P.
863 227 1102 258 ‘rennnrn
1138 228 1253 258 Arm

298 319 372 361 An
391 320 437 361 in
463 319 575 362 Astu
593 321 710 362 venit
728 321 747 361 ‘l
780 321 900 362 aliud
924 334 983 363 ex
1006 322 1098 363 alio
1117 322 1294 363 malum.

299 388 386 428 PA.
419 387 554 438 Here,
577 401 630 428 ne
652 401 719 429 me
738 393 912 440 spectes
930 402 939 430 :
971 402 1038 430 me
1059 389 1298 443 impulsore
1320 390 1414 432 haec
1435 403 1521 433 non
1540 391 1662 434 facit.

299 455 385 496 LA.
418 455 583 496 Omitte
604 455 657 496 de
679 460 721 496 te
745 456 914 497 dicere:
946 470 1028 509 ego
1050 461 1109 506 te,
1131 457 1322 507 furcifer,

299 522 347 563 Si
370 522 471 564 vivo
489 524 498 565 !
530 522 609 564 sed
631 524 758 573 istuc,
784 524 993 578 quicquid
1015 528 1097 574 est,
1119 524 1310 578 primum
1331 526 1508 580 expedi.
1693 525 1751 568 20

298 589 387 630 ΡΑ.
418 590 465 630 Is
487 603 567 643 pro
589 590 664 630 illo
688 589 900 631 Eunucho
924 591 980 631 ad
1000 590 1215 632 Thaidem
1238 592 1454 633 deductus
1477 597 1558 634 est.

298 657 386 698 LA.
420 658 508 698 Pro
528 656 807 699 Eunuchon'!
851 658 940 699 ΡΑ.
963 658 1037 699 Sic
1052 664 1143 700 est:
1175 659 1289 701 hunc
1306 673 1387 713 pro
1403 660 1578 702 moecho
1592 664 1752 715 postea

299 724 676 779 Comprehendere
697 725 830 773 intus,
854 729 898 766 et
917 727 1233 768 constrinxere.
1295 727 1381 767 LA.
1413 726 1587 769 Occidi.

299 793 388 834 ΡΑ.
419 792 667 834 Audaciam
687 794 961 835 meretricum
983 798 1155 848 specta.
1216 794 1301 835 LA.
1333 794 1563 849 Numquid
1584 800 1652 839 est

297 861 434 902 Aliud
455 861 558 902 mali
578 861 796 912 damnive,
820 862 938 915 quod
959 875 1047 902 non
1069 862 1254 912 dixeris,
1697 865 1755 907 25

296 1007 349 1038 Αη
364 1008 396 1038 in
413 1012 484 1039 astu
500 1007 547 1048 (in
565 1007 686 1047 urbem)
702 1019 741 1039 ex
758 1007 878 1038 Pirceeo
899 1008 1005 1039 venit?
1027 1008 1124 1039 Aliud
1138 1018 1178 1039 ex
1201 1008 1262 1040 alio
1281 1010 1395 1040 malum
1409 1009 1521 1041 oritur.
1565 1008 1633 1041 ΡΑ.
1655 1010 1754 1051 Here,

297 1060 335 1080 ‘ne
351 1061 396 1081 me
412 1052 580 1082 minacibus
593 1052 688 1083 oculis
703 1051 854 1081 intuearis
865 1061 877 1088 ;
894 1061 952 1081 nou
965 1060 1020 1089 ego
1036 1061 1103 1082 eum
1118 1052 1158 1081 ad
1174 1052 1228 1082 hoc
1234 1051 1415 1089 faciendum
1429 1052 1549 1094 impuli.
1596 1054 1658 1085 LA.
1683 1054 1757 1084 De-

295 1094 363 1124 sine
379 1095 415 1124 de
430 1097 460 1124 te
477 1095 566 1124 rerba
583 1095 696 1131 facere
712 1105 722 1130 ;
745 1104 800 1133 ego
815 1097 856 1131 te,
873 1093 1020 1131 furcifer,
1044 1094 1072 1124 si
1095 1094 1191 1124 vitam
1208 1095 1269 1125 Dii
1290 1098 1466 1135 prorogent,
1488 1096 1566 1127 male
1592 1095 1727 1127 mulcabo
1742 1106 1754 1126 .·

296 1137 349 1166 sed
365 1137 459 1175 istud,
475 1139 680 1177 quodcumque
705 1141 761 1176 est,
783 1137 890 1176 paucis
911 1136 1013 1168 verbis
1035 1146 1158 1168 enarra.
1206 1137 1272 1168 PA.
1296 1137 1330 1169 Is
1353 1137 1518 1179 (Chaerea)
1529 1148 1587 1179 pro
1605 1138 1753 1170 Eunucho

299 1179 411 1210 Thaidi
435 1182 570 1211 traditus
595 1184 652 1210 est.
699 1180 762 1210 LA.
787 1179 839 1209 An
863 1189 919 1219 pro
955 1180 1121 1210 Eunucho?
1165 1180 1232 1211 ΡΑ.
1262 1180 1316 1211 Sic
1345 1185 1411 1212 est:
1435 1181 1514 1212 hunc
1541 1185 1645 1222 postea
1667 1181 1754 1212 intus

296 1224 589 1263 cnmprehendermzt
619 1226 650 1254 et
679 1223 910 1260 colligat-erunt.
957 1223 1019 1253 LA.
1044 1223 1169 1253 Interii.
1216 1223 1283 1253 ΡΑ.
1310 1223 1526 1255 Temeritatem
1554 1225 1752 1255 meretricum

233 1296 236 1301 ,
296 1266 464 1296 considera.
511 1267 572 1296 LA.
596 1266 650 1296 An
676 1265 760 1295 aliud
783 1264 870 1305 mali,
893 1265 1049 1304 damnive,
1072 1267 1151 1305 quod
1174 1275 1234 1296 non
1260 1267 1391 1307 dixeris,
1405 1267 1504 1298 adhuc
1517 1267 1575 1298 tibi
1590 1267 1753 1299 dicendum

905 1367 1141 1379 eeeeeeeeeee

297 1453 335 1473 an
351 1443 408 1474 scit
417 1443 486 1480 jam
508 1444 560 1474 ille
573 1443 647 1482 quid
663 1442 815 1474 meretrix
829 1441 904 1482 siet]
937 1441 1044 1472 Vides
1061 1445 1158 1480 amat,
1182 1441 1272 1483 quod
1291 1441 1483 1481 presertim
1499 1441 1532 1472 in
1549 1441 1756 1482 repetitione

298 1487 373 1516 acui
391 1486 554 1524 debebat,
579 1486 613 1516 in
635 1487 735 1516 Thesi
752 1487 871 1516 latere.
918 1486 1010 1524 Ergo
1035 1485 1044 1502 ‘
1062 1485 1151 1516 Hem
1165 1484 1174 1497 ’
1201 1485 1304 1525 priori
1326 1484 1436 1515 versui
1453 1494 1600 1526 appone,
1615 1489 1650 1515 et
1665 1486 1755 1526 iege,

300 1527 410 1564 Quid?
433 1533 536 1560 amat?
559 1529 679 1567 anjam
694 1529 752 1560 scit
768 1530 819 1559 ille
842 1529 914 1568 quid
942 1528 1092 1559 meretrix
1114 1526 1196 1559 siet?
1229 1528 1427 1558 Priscianus
1452 1537 1484 1566 p.
1517 1531 1612 1559 1012.
1657 1528 1756 1568 Hem,

298 1572 516 1611 anumquid‘!
538 1582 576 1603 an
590 1573 647 1602 scit
665 1573 736 1602 ille:
760 1571 977 1609 omissojam:
996 1571 1043 1600 sic
1062 1571 1107 1601 ibi
1125 1575 1161 1601 et
1177 1574 1273 1600 vetus
1288 1570 1411 1601 codex.
1440 1570 1533 1602 Eent.
1560 1570 1661 1610 Quid]
1677 1571 1757 1602 Mu-

299 1619 407 1645 tatum
432 1616 462 1645 iu
481 1617 570 1656 quod.
597 1615 719 1645 Bruns.
765 1615 961 1645 Bentleium
978 1614 1131 1654 sequitur
1148 1614 1335 1644 Burin—17
1362 1614 1427 1644 Ms.
1446 1614 1539 1653 Lips.
1564 1614 1616 1644 An
1631 1613 1665 1644 in
1676 1613 1758 1646 Astu

300 1659 384 1688 venit
401 1659 486 1689 aliud
509 1669 547 1688 ex
569 1659 630 1688 alio
646 1656 784 1689 malum?
810 1657 920 1689 Eand.
938 1658 1015 1687 lect.
1034 1665 1075 1687 ex
1104 1656 1198 1687 libris
1224 1657 1308 1687 Mss.
1327 1661 1361 1687 et
1378 1656 1480 1687 editis
1498 1656 1594 1692 citat,
1610 1655 1670 1687 sed
1696 1655 1757 1687 im-

299 1701 421 1740 probat
439 1701 566 1732 Rivius.
613 1701 703 1731 Vide
721 1701 903 1731 Donatum.
931 1700 1118 1731 West.—-18
1143 1699 1214 1729 Hoc
1227 1699 1276 1730 M.
1301 1700 1435 1730 Id.—21
1463 1699 1530 1730 Ms.
1548 1699 1640 1739 Lips.
1659 1698 1757 1739 [Bru]

299 1749 334 1774 et
352 1744 394 1774 G.
418 1745 458 1774 ad
477 1744 635 1776 Tlulianc.
660 1743 712 1775 Id.
748 1743 801 1774 Ad
820 1743 966 1774 Thaidem
982 1741 1076 1781 lianc]
1100 1742 1193 1772 Hanc
1208 1751 1273 1772 non
1291 1747 1344 1772 est
1362 1742 1393 1772 in
1415 1742 1593 1779 Bembino,
1610 1747 1646 1773 et
1661 1746 1757 1773 certe

298 1785 486 1826 superfluit,
514 1797 589 1818 cum
610 1787 682 1828 jam
708 1796 810 1826 supra
839 1786 973 1821 dixerit,
1001 1789 1008 1802 ‘
1026 1786 1103 1815 huic
1132 1784 1275 1816 Thaidi!
1300 1785 1359 1815 Fa.
1405 1784 1523 1815 Nostri
1547 1793 1757 1823 olllueS‚1lno

298 1834 456 1869 excepto,
479 1830 576 1861 hanc.-
613 1835 649 1860 et
665 1839 746 1859 sane
763 1834 853 1859 amat
878 1827 1058 1859 Terentius
1083 1827 1229 1868 syllabas
1247 1827 1382 1858 ultimas
1400 1826 1620 1868 liquefacere.
1666 1827 1757 1867 Lege

299 1881 389 1910 vero,
415 1872 449 1902 Is
468 1882 522 1912 pro
538 1874 590 1903 illo
614 1872 763 1903 Eunucho
779 1873 818 1902 ad
847 1872 993 1902 Thaidem
1019 1870 1077 1901 huc
1099 1871 1245 1901 deductus
1273 1873 1333 1900 est.
1377 1871 1486 1910 Supra
1503 1879 1543 1900 n.
1559 1872 1591 1901 3.
1609 1872 1662 1901 60.
1681 1870 1758 1911 ipse

299 1914 383 1945 dicit
400 1915 589 1947 Parmeno:
614 1918 623 1933 ‘
643 1916 718 1946 Huc
734 1914 916 1946 deductast
934 1913 976 1945 ad
994 1913 1208 1944 meretricem
1234 1913 1418 1943 Thaidem:
1454 1913 1485 1943 ei
1510 1912 1598 1943 douo
1621 1911 1760 1944 datast!

300 1957 345 1988 Et
361 1965 451 1996 noia,
475 1968 550 1989 eum
570 1964 638 1990 tam
666 1958 718 1988 hic
743 1967 842 1998 quam
868 1958 935 1988 illic
967 1962 1046 1987 ante
1075 1957 1195 1986 ostium
1222 1956 1358 1986 Thaidis
1387 1955 1536 1987 stetisse.
1564 1956 1657 1986 Bent.
1701 1955 1761 1986 Se-

298 2007 448 2041 quuntur
464 2002 565 2034 Both.
594 2001 771 2032 Perl.-23
797 2000 1024 2040 Comprendere
1041 1999 1230 2030 Both-*24
1253 1999 1376 2030 Totum
1395 2007 1441 2029 vs.
1463 1998 1523 2030 dat
1536 1998 1759 2030 Lachissoth-

961 2094 989 2126 N
1000 2094 1103 2126 OTAE

343 2175 382 2203 17
406 2173 458 2204 An
483 2173 516 2202 in
543 2172 626 2204 Astu
649 2171 748 2212 venit]
773 2171 1000 2203 Athenienses
1055 2170 1227 2211 lioresque
1245 2170 1330 2201 Astu
1347 2170 1548 2202 incolerent.
1593 2169 1761 2211 Apotiori

300 2223 417 2254 urbem
435 2233 527 2253 suam
546 2222 632 2253 Astu
652 2222 835 2253 vocabant.
881 2222 1001 2253 Cicero
1057 2221 1160 2261 igitur
1187 2225 1285 2261 parte
1310 2221 1404 2252 etad
1434 2226 1550 2261 portus
1575 2220 1761 2252 discrimen

301 2274 411 2314 primo
438 2273 480 2304 de
515 2272 687 2313 Legibus:
711 2273 719 2289 ‘
749 2272 925 2311 Theseus,’
955 2273 1002 2302 in·
1051 2272 1152 2303 Ἂστυ
1170 2278 1204 2303 et
1221 2270 1616 2311 ’Aarmobstnominabant
1629 2270 1759 2302 Urbem

300 2324 386 2364 quit,
400 2324 409 2339 ‘
422 2322 558 2353 eosdem
575 2323 721 2362 migrare
738 2332 780 2353 ex
799 2322 899 2362 agris,
917 2327 952 2353 et
969 2322 1001 2353 in
1058 2327 1093 2353 et
1110 2322 1279 2353 Urbanos.

301 2373 402 2411 Astu,
417 2374 504 2415 quod
523 2374 729 2414 appellatur,
744 2382 858 2403 omnes
875 2382 910 2403 se
924 2382 1003 2403 cou-
1103 2375 1142 2403 19
1169 2371 1327 2411 Furcifer]
1349 2371 1541 2402 Dicebatur
1561 2380 1689 2410 servus,
1703 2371 1761 2412 qui

302 2423 529 2464 ferrejussit.’
566 2422 674 2453 ’‘Ac-ru
690 2423 813 2454 Graece
830 2421 1004 2461 significat
1058 2422 1100 2453 ol)
1117 2423 1192 2453 leve
1209 2422 1368 2453 delictum
1387 2421 1575 2461 cogebatur
1591 2431 1609 2451 a
1625 2421 1760 2453 domino

301 2473 431 2504 urbem.
466 2473 626 2504 Ceterum
645 2472 790 2503 Athenae
806 2472 839 2502 in
855 2472 938 2502 duas
956 2472 1004 2502 di·
1059 2472 1251 2513 ignomiuiae
1268 2472 1385 2511 magis,
1399 2481 1498 2513 quam
1512 2471 1669 2512 supplicii
1683 2481 1761 2503 cau-

304 2523 382 2554 visoe
397 2528 494 2554 erant
510 2527 646 2563 partes3
671 2523 803 2561 urbem,
820 2533 896 2564 quae
912 2523 1005 2554 dicta
1059 2533 1107 2561 sa,
1123 2523 1155 2553 in
1183 2522 1305 2553 vicinia
1333 2521 1465 2553 furcam
1490 2522 1521 2552 in
1544 2522 1631 2553 collo
1658 2520 1763 2561 ferre,

300 2576 410 2613 Ἀστυ,
423 2579 458 2604 et
472 2578 620 2613 portum,
633 2572 852 2614 ηιιίΠειραιεὺς
864 2580 1003 2605 vocatus
1058 2574 1239 2614 subligatis
1258 2574 1298 2604 ad
1315 2583 1389 2604 eam
1407 2573 1572 2611 manibus,
1586 2577 1620 2603 et
1637 2571 1760 2612 praedt-

302 2629 376 2655 est:
402 2634 459 2655 eas
476 2629 587 2654 autem
606 2628 721 2663 partes
734 2633 818 2653 unus
836 2624 1005 2663 complec—
1059 2634 1138 2655 care
1153 2629 1331 2664 peccatum
1349 2623 1635 2663 suum,simulque
1647 2631 1761 2653 mone-

302 2674 442 2706 tabamr
466 2674 633 2712 ambitus;
656 2673 714 2704 sed
742 2674 790 2704 ita
813 2678 851 2704 ut
878 2674 1006 2713 plebeii
1061 2685 1096 2705 re
1121 2681 1254 2706 ceteros
1284 2683 1326 2705 ne
1350 2673 1459 2705 simile
1490 2672 1572 2715 quid
1602 2672 1761 2704 admitte-

304 2730 340 2756 et
370 2724 586 2755 democratiae
623 2722 774 2754 fautores
805 2724 837 2754 in
868 2724 1005 2763 regione
1060 2732 1148 2757 rent.

305 2777 430 2809 Piraeei
465 2780 626 2817 agerent3
654 2775 883 2816 elegantiores
915 2774 1006 2806 uobi-
