<?xml version="1.0" encoding="UTF-8"?>
<!DOCTYPE html PUBLIC "-//W3C//DTD XHTML 1.0 Transitional//EN"
    "http://www.w3.org/TR/xhtml1/DTD/xhtml1-transitional.dtd">
<html xmlns="http://www.w3.org/1999/xhtml" xml:lang="en" lang="en">
 <head>
  <title>
</title>
<meta http-equiv="Content-Type" content="text/html;charset=utf-8" />
  <meta name='ocr-system' content='tesseract 3.04.00' />
  <meta name='ocr-capabilities' content='ocr_page ocr_carea ocr_par ocr_line ocrx_word'/>
</head>
<body>
  <div class='ocr_page' id='page_1' title='image "./pubterentiiafric02tereuoft/pubterentiiafric02tereuoft_0253.png"; bbox 0 0 1966 3302; ppageno 0'>
   <div class='ocr_carea' id='block_1_1' title="bbox 516 193 1626 237">
    <p class='ocr_par' dir='ltr' id='par_1_1' title="bbox 516 193 1626 237">
     <span class='ocr_line' id='line_1_1' title="bbox 516 193 1626 237; baseline 0 -2"><span class='ocrx_word' id='word_1_1' title='bbox 516 205 864 236; x_wconf 73' lang='lat' dir='ltr'>ADELPHORUM</span> <span class='ocrx_word' id='word_1_2' title='bbox 900 203 1097 234; x_wconf 78' lang='lat' dir='ltr'><strong>AGT.1V.</strong></span> <span class='ocrx_word' id='word_1_3' title='bbox 1130 204 1200 234; x_wconf 86' lang='lat' dir='ltr'>sc.</span> <span class='ocrx_word' id='word_1_4' title='bbox 1226 204 1280 234; x_wconf 86' lang='lat'>11.</span> <span class='ocrx_word' id='word_1_5' title='bbox 1540 193 1626 237; x_wconf 84' lang='grc'>743</span> 
     </span>
    </p>
   </div>
   <div class='ocr_carea' id='block_1_2' title="bbox 172 285 1625 831">
    <p class='ocr_par' dir='ltr' id='par_1_2' title="bbox 173 285 1624 412">
     <span class='ocr_line' id='line_1_2' title="bbox 173 285 1624 354; baseline -0.006 -9"><span class='ocrx_word' id='word_1_6' title='bbox 173 304 256 345; x_wconf 84' lang='lat' dir='ltr'>SY.</span> <span class='ocrx_word' id='word_1_7' title='bbox 286 300 310 343; x_wconf 97' lang='lat' dir='ltr'>I</span> <span class='ocrx_word' id='word_1_8' title='bbox 332 313 455 344; x_wconf 88' lang='lat' dir='ltr'>sane.</span> <span class='ocrx_word' id='word_1_9' title='bbox 513 301 609 354; x_wconf 84' lang='lat' dir='ltr'>Ego</span> <span class='ocrx_word' id='word_1_10' title='bbox 641 306 685 341; x_wconf 83' lang='lat' dir='ltr'>te</span> <span class='ocrx_word' id='word_1_11' title='bbox 716 300 933 341; x_wconf 83' lang='lat' dir='ltr'>exercebo</span> <span class='ocrx_word' id='word_1_12' title='bbox 952 298 1100 348; x_wconf 90' lang='lat' dir='ltr'>hodie,</span> <span class='ocrx_word' id='word_1_13' title='bbox 1121 302 1170 339; x_wconf 83' lang='lat' dir='ltr'>ut</span> <span class='ocrx_word' id='word_1_14' title='bbox 1189 297 1346 351; x_wconf 86' lang='lat' dir='ltr'>dignus</span> <span class='ocrx_word' id='word_1_15' title='bbox 1367 310 1431 347; x_wconf 85' lang='lat' dir='ltr'>es,</span> <span class='ocrx_word' id='word_1_16' title='bbox 1461 285 1624 353; x_wconf 57' lang='lat' dir='ltr'>{ilicet-</span> 
     </span>
     <span class='ocr_line' id='line_1_3' title="bbox 340 355 1581 412; baseline -0.007 -1"><span class='ocrx_word' id='word_1_17' title='bbox 340 371 471 412; x_wconf 90' lang='lat' dir='ltr'>nium.</span> <span class='ocrx_word' id='word_1_18' title='bbox 1569 355 1581 360; x_wconf 65' lang='grc'><strong>“</strong></span> 
     </span>
    </p>

    <p class='ocr_par' dir='ltr' id='par_1_3' title="bbox 172 433 1372 490">
     <span class='ocr_line' id='line_1_4' title="bbox 172 433 1372 490; baseline -0.007 -9"><span class='ocrx_word' id='word_1_19' title='bbox 172 439 411 481; x_wconf 85' lang='lat' dir='ltr'>AEschinus</span> <span class='ocrx_word' id='word_1_20' title='bbox 431 437 586 479; x_wconf 90' lang='lat' dir='ltr'>odiose</span> <span class='ocrx_word' id='word_1_21' title='bbox 608 441 777 477; x_wconf 85' lang='lat' dir='ltr'>cessat:</span> <span class='ocrx_word' id='word_1_22' title='bbox 809 435 1046 490; x_wconf 84' lang='lat' dir='ltr'>prandium</span> <span class='ocrx_word' id='word_1_23' title='bbox 1068 433 1372 487; x_wconf 87' lang='lat' dir='ltr'><strong>corrumpitur.</strong></span> 
     </span>
    </p>

    <p class='ocr_par' dir='ltr' id='par_1_4' title="bbox 173 501 1623 614">
     <span class='ocr_line' id='line_1_5' title="bbox 173 501 1623 561; baseline -0.005 -14"><span class='ocrx_word' id='word_1_24' title='bbox 173 505 384 561; x_wconf 85' lang='lat' dir='ltr'>Ctesipho</span> <span class='ocrx_word' id='word_1_25' title='bbox 405 511 550 546; x_wconf 84' lang='lat' dir='ltr'>autem</span> <span class='ocrx_word' id='word_1_26' title='bbox 571 504 616 544; x_wconf 91' lang='lat' dir='ltr'>in</span> <span class='ocrx_word' id='word_1_27' title='bbox 646 516 791 544; x_wconf 90' lang='lat' dir='ltr'>amore</span> <span class='ocrx_word' id='word_1_28' title='bbox 821 506 887 543; x_wconf 90' lang='lat' dir='ltr'>est</span> <span class='ocrx_word' id='word_1_29' title='bbox 921 508 1052 543; x_wconf 78' lang='lat' dir='ltr'>totus.</span> <span class='ocrx_word' id='word_1_30' title='bbox 1112 501 1206 555; x_wconf 85' lang='lat' dir='ltr'>Ego</span> <span class='ocrx_word' id='word_1_31' title='bbox 1230 502 1323 556; x_wconf 74' lang='lat' dir='ltr'>Jam</span> <span class='ocrx_word' id='word_1_32' title='bbox 1357 501 1623 554; x_wconf 85' lang='lat' dir='ltr'>prospiciam</span> 
     </span>
     <span class='ocr_line' id='line_1_6' title="bbox 341 571 1623 614; baseline -0.003 -1"><span class='ocrx_word' id='word_1_33' title='bbox 341 572 470 614; x_wconf 90' lang='lat' dir='ltr'>mihi:</span> <span class='ocrx_word' id='word_1_34' title='bbox 1566 571 1623 610; x_wconf 83' lang='lat'>50</span> 
     </span>
    </p>

    <p class='ocr_par' dir='ltr' id='par_1_5' title="bbox 174 636 1625 756">
     <span class='ocr_line' id='line_1_7' title="bbox 174 636 1625 695; baseline -0.004 -12"><span class='ocrx_word' id='word_1_35' title='bbox 174 640 293 683; x_wconf 89' lang='lat' dir='ltr'>Nam</span> <span class='ocrx_word' id='word_1_36' title='bbox 319 641 413 695; x_wconf 87' lang='lat' dir='ltr'>jam</span> <span class='ocrx_word' id='word_1_37' title='bbox 443 639 591 689; x_wconf 85' lang='lat' dir='ltr'>adibo,</span> <span class='ocrx_word' id='word_1_38' title='bbox 621 642 754 692; x_wconf 89' lang='lat' dir='ltr'>atque</span> <span class='ocrx_word' id='word_1_39' title='bbox 790 637 1153 691; x_wconf 88' lang='lat' dir='ltr'>unumquodque,</span> <span class='ocrx_word' id='word_1_40' title='bbox 1184 636 1301 691; x_wconf 92' lang='lat' dir='ltr'>quod</span> <span class='ocrx_word' id='word_1_41' title='bbox 1331 636 1508 690; x_wconf 88' lang='lat' dir='ltr'>quidem</span> <span class='ocrx_word' id='word_1_42' title='bbox 1540 637 1625 677; x_wconf 85' lang='lat' dir='ltr'>erit</span> 
     </span>
     <span class='ocr_line' id='line_1_8' title="bbox 341 708 650 756; baseline -0.006 -7"><span class='ocrx_word' id='word_1_43' title='bbox 341 708 650 756; x_wconf 81' lang='lat' dir='ltr'>bellissimum,</span> 
     </span>
    </p>

    <p class='ocr_par' dir='ltr' id='par_1_6' title="bbox 172 770 1623 831">
     <span class='ocr_line' id='line_1_9' title="bbox 172 770 1623 831; baseline -0.006 -12"><span class='ocrx_word' id='word_1_44' title='bbox 172 776 391 831; x_wconf 82' lang='lat' dir='ltr'>Carpam3</span> <span class='ocrx_word' id='word_1_45' title='bbox 423 780 480 825; x_wconf 87' lang='lat' dir='ltr'>et,</span> <span class='ocrx_word' id='word_1_46' title='bbox 515 776 696 830; x_wconf 84' lang='lat' dir='ltr'>cyathos</span> <span class='ocrx_word' id='word_1_47' title='bbox 719 773 973 824; x_wconf 85' lang='lat' dir='ltr'>sorbillans,</span> <span class='ocrx_word' id='word_1_48' title='bbox 1007 772 1224 827; x_wconf 84' lang='lat' dir='ltr'>paulatim</span> <span class='ocrx_word' id='word_1_49' title='bbox 1246 771 1357 812; x_wconf 91' lang='lat' dir='ltr'>hunc</span> <span class='ocrx_word' id='word_1_50' title='bbox 1378 770 1623 825; x_wconf 80' lang='lat' dir='ltr'>producam</span> 
     </span>
    </p>
   </div>
   <div class='ocr_carea' id='block_1_3' title="bbox 339 843 910 891">
    <p class='ocr_par' dir='ltr' id='par_1_7' title="bbox 339 843 910 891">
     <span class='ocr_line' id='line_1_10' title="bbox 339 843 910 891; baseline -0.011 -6"><span class='ocrx_word' id='word_1_51' title='bbox 339 844 469 891; x_wconf 82' lang='lat' dir='ltr'>diem.</span> <span class='ocrx_word' id='word_1_52' title='bbox 857 843 910 852; x_wconf 48' lang='lat'>„-</span> 
     </span>
    </p>
   </div>
   <div class='ocr_carea' id='block_1_4' title="bbox 169 968 1625 1180">
    <p class='ocr_par' dir='ltr' id='par_1_8' title="bbox 169 968 1625 1180">
     <span class='ocr_line' id='line_1_11' title="bbox 171 968 1622 1017; baseline -0.006 -10"><span class='ocrx_word' id='word_1_53' title='bbox 171 976 292 1016; x_wconf 82' lang='lat' dir='ltr'>quidem</span> <span class='ocrx_word' id='word_1_54' title='bbox 304 988 316 1009; x_wconf 84' lang='lat'>.·</span> <span class='ocrx_word' id='word_1_55' title='bbox 340 986 397 1017; x_wconf 84' lang='lat' dir='ltr'>ego</span> <span class='ocrx_word' id='word_1_56' title='bbox 423 980 453 1008; x_wconf 85' lang='lat' dir='ltr'>te</span> <span class='ocrx_word' id='word_1_57' title='bbox 475 974 626 1014; x_wconf 80' lang='lat' dir='ltr'>tractabo,</span> <span class='ocrx_word' id='word_1_58' title='bbox 636 974 783 1014; x_wconf 81' lang='lat' dir='ltr'>fatigabo</span> <span class='ocrx_word' id='word_1_59' title='bbox 801 974 901 1014; x_wconf 82' lang='lat' dir='ltr'>hodie,</span> <span class='ocrx_word' id='word_1_60' title='bbox 916 978 951 1005; x_wconf 83' lang='lat' dir='ltr'>ut</span> <span class='ocrx_word' id='word_1_61' title='bbox 966 974 1095 1004; x_wconf 83' lang='lat' dir='ltr'>meritus</span> <span class='ocrx_word' id='word_1_62' title='bbox 1110 983 1141 1004; x_wconf 85' lang='lat' dir='ltr'>es</span> <span class='ocrx_word' id='word_1_63' title='bbox 1161 972 1317 1014; x_wconf 81' lang='lat' dir='ltr'>capularis</span> <span class='ocrx_word' id='word_1_64' title='bbox 1340 981 1436 1003; x_wconf 84' lang='lat' dir='ltr'>senex</span> <span class='ocrx_word' id='word_1_65' title='bbox 1459 968 1622 1010; x_wconf 81' lang='lat' dir='ltr'>decrepite.</span> 
     </span>
     <span class='ocr_line' id='line_1_12' title="bbox 170 1014 1624 1059; baseline -0.007 -8"><span class='ocrx_word' id='word_1_66' title='bbox 170 1020 338 1051; x_wconf 80' lang='lat' dir='ltr'>AEschinus</span> <span class='ocrx_word' id='word_1_67' title='bbox 362 1021 487 1051; x_wconf 84' lang='lat' dir='ltr'>moleste</span> <span class='ocrx_word' id='word_1_68' title='bbox 508 1020 624 1057; x_wconf 76' lang='lat' dir='ltr'>tardat,</span> <span class='ocrx_word' id='word_1_69' title='bbox 649 1018 813 1059; x_wconf 83' lang='lat' dir='ltr'>prandium</span> <span class='ocrx_word' id='word_1_70' title='bbox 839 1017 1060 1057; x_wconf 79' lang='lat' dir='ltr'>corrumpitur,</span> <span class='ocrx_word' id='word_1_71' title='bbox 1076 1016 1220 1057; x_wconf 78' lang='lat' dir='ltr'>Ctesipho</span> <span class='ocrx_word' id='word_1_72' title='bbox 1246 1019 1349 1046; x_wconf 80' lang='lat' dir='ltr'>autem</span> <span class='ocrx_word' id='word_1_73' title='bbox 1371 1014 1478 1045; x_wconf 84' lang='lat' dir='ltr'>amicae</span> <span class='ocrx_word' id='word_1_74' title='bbox 1501 1021 1624 1054; x_wconf 79' lang='lat' dir='ltr'>operam</span> 
     </span>
     <span class='ocr_line' id='line_1_13' title="bbox 169 1055 1623 1102; baseline -0.006 -10"><span class='ocrx_word' id='word_1_75' title='bbox 169 1071 288 1094; x_wconf 84' lang='lat' dir='ltr'>onmem</span> <span class='ocrx_word' id='word_1_76' title='bbox 301 1063 355 1094; x_wconf 83' lang='lat' dir='ltr'>dat</span> <span class='ocrx_word' id='word_1_77' title='bbox 367 1073 455 1094; x_wconf 84' lang='lat' dir='ltr'>suam</span> <span class='ocrx_word' id='word_1_78' title='bbox 464 1073 476 1099; x_wconf 88' lang='lat'>,·</span> <span class='ocrx_word' id='word_1_79' title='bbox 498 1065 614 1102; x_wconf 77' lang='lat' dir='ltr'>tempus</span> <span class='ocrx_word' id='word_1_80' title='bbox 625 1061 694 1100; x_wconf 71' lang='lat' dir='ltr'>jam</span> <span class='ocrx_word' id='word_1_81' title='bbox 710 1065 768 1100; x_wconf 86' lang='lat' dir='ltr'>est,</span> <span class='ocrx_word' id='word_1_82' title='bbox 783 1064 817 1091; x_wconf 84' lang='lat' dir='ltr'>ut</span> <span class='ocrx_word' id='word_1_83' title='bbox 832 1060 908 1091; x_wconf 78' lang='lat' dir='ltr'>mihi</span> <span class='ocrx_word' id='word_1_84' title='bbox 923 1061 1076 1091; x_wconf 79' lang='lat' dir='ltr'>consulam</span> <span class='ocrx_word' id='word_1_85' title='bbox 1088 1072 1097 1089; x_wconf 89' lang='lat'><em>:</em></span> <span class='ocrx_word' id='word_1_86' title='bbox 1119 1070 1191 1090; x_wconf 76' lang='lat' dir='ltr'>nam</span> <span class='ocrx_word' id='word_1_87' title='bbox 1209 1059 1278 1098; x_wconf 79' lang='lat' dir='ltr'>jam</span> <span class='ocrx_word' id='word_1_88' title='bbox 1301 1058 1479 1097; x_wconf 78' lang='lat' dir='ltr'>aggrediar,</span> <span class='ocrx_word' id='word_1_89' title='bbox 1493 1060 1523 1088; x_wconf 88' lang='lat' dir='ltr'>et</span> <span class='ocrx_word' id='word_1_90' title='bbox 1539 1055 1623 1097; x_wconf 79' lang='lat' dir='ltr'>quic-</span> 
     </span>
     <span class='ocr_line' id='line_1_14' title="bbox 169 1099 1625 1145; baseline -0.005 -10"><span class='ocrx_word' id='word_1_91' title='bbox 169 1105 245 1145; x_wconf 76' lang='lat' dir='ltr'>quid</span> <span class='ocrx_word' id='word_1_92' title='bbox 258 1106 320 1137; x_wconf 79' lang='lat' dir='ltr'>erit</span> <span class='ocrx_word' id='word_1_93' title='bbox 333 1105 549 1137; x_wconf 74' lang='lat' dir='ltr'>suavissimum</span> <span class='ocrx_word' id='word_1_94' title='bbox 573 1105 745 1145; x_wconf 79' lang='lat' dir='ltr'>decerpam,</span> <span class='ocrx_word' id='word_1_95' title='bbox 763 1106 794 1134; x_wconf 82' lang='lat' dir='ltr'>et</span> <span class='ocrx_word' id='word_1_96' title='bbox 808 1103 933 1144; x_wconf 81' lang='lat' dir='ltr'>cyathos</span> <span class='ocrx_word' id='word_1_97' title='bbox 955 1103 1067 1143; x_wconf 83' lang='lat' dir='ltr'>soepz&#39;us</span> <span class='ocrx_word' id='word_1_98' title='bbox 1080 1103 1265 1134; x_wconf 75' lang='lat' dir='ltr'>exhauriens</span> <span class='ocrx_word' id='word_1_99' title='bbox 1286 1101 1398 1132; x_wconf 76' lang='lat' dir='ltr'>sensim</span> <span class='ocrx_word' id='word_1_100' title='bbox 1413 1100 1492 1131; x_wconf 84' lang='lat' dir='ltr'>hunc</span> <span class='ocrx_word' id='word_1_101' title='bbox 1515 1099 1625 1130; x_wconf 80' lang='lat' dir='ltr'>tradu-</span> 
     </span>
     <span class='ocr_line' id='line_1_15' title="bbox 169 1149 344 1180; baseline 0.011 -2"><span class='ocrx_word' id='word_1_102' title='bbox 169 1157 237 1179; x_wconf 85' lang='lat' dir='ltr'>cam</span> <span class='ocrx_word' id='word_1_103' title='bbox 250 1149 344 1180; x_wconf 82' lang='lat' dir='ltr'>diem.</span> 
     </span>
    </p>
   </div>
   <div class='ocr_carea' id='block_1_5' title="bbox 776 1218 1017 1232">
    <p class='ocr_par' dir='ltr' id='par_1_9' title="bbox 776 1218 1017 1232">
     <span class='ocr_line' id='line_1_16' title="bbox 776 1218 1017 1232; baseline -0.008 -1"><span class='ocrx_word' id='word_1_104' title='bbox 776 1218 1017 1232; x_wconf 44' lang='lat' dir='ltr'>“Mese-‘seven</span> 
     </span>
    </p>
   </div>
   <div class='ocr_carea' id='block_1_6' title="bbox 167 1303 1625 1995">
    <p class='ocr_par' dir='ltr' id='par_1_10' title="bbox 167 1303 1625 1995">
     <span class='ocr_line' id='line_1_17' title="bbox 168 1303 1622 1349; baseline -0.006 -6"><span class='ocrx_word' id='word_1_105' title='bbox 168 1311 278 1344; x_wconf 86' lang='lat' dir='ltr'>bunut</span> <span class='ocrx_word' id='word_1_106' title='bbox 289 1311 444 1343; x_wconf 80' lang='lat' dir='ltr'>Demeae.</span> <span class='ocrx_word' id='word_1_107' title='bbox 462 1310 558 1340; x_wconf 86' lang='lat' dir='ltr'>West.</span> <span class='ocrx_word' id='word_1_108' title='bbox 578 1308 638 1340; x_wconf 84' lang='lat' dir='ltr'>Ubi</span> <span class='ocrx_word' id='word_1_109' title='bbox 649 1308 763 1349; x_wconf 83' lang='lat' dir='ltr'>potetis</span> <span class='ocrx_word' id='word_1_110' title='bbox 772 1318 834 1339; x_wconf 78' lang='lat' dir='ltr'>vos.</span> <span class='ocrx_word' id='word_1_111' title='bbox 859 1308 926 1339; x_wconf 69' lang='lat' dir='ltr'>De.</span> <span class='ocrx_word' id='word_1_112' title='bbox 940 1307 1022 1338; x_wconf 83' lang='lat' dir='ltr'>Sane</span> <span class='ocrx_word' id='word_1_113' title='bbox 1036 1307 1122 1348; x_wconf 82' lang='lat' dir='ltr'>bene]</span> <span class='ocrx_word' id='word_1_114' title='bbox 1135 1306 1231 1338; x_wconf 88' lang='lat' dir='ltr'>Idem</span> <span class='ocrx_word' id='word_1_115' title='bbox 1244 1306 1331 1337; x_wconf 86' lang='lat' dir='ltr'>liber</span> <span class='ocrx_word' id='word_1_116' title='bbox 1341 1306 1415 1336; x_wconf 79' lang='lat' dir='ltr'>haec</span> <span class='ocrx_word' id='word_1_117' title='bbox 1427 1303 1540 1335; x_wconf 86' lang='lat' dir='ltr'>omnia</span> <span class='ocrx_word' id='word_1_118' title='bbox 1552 1304 1622 1335; x_wconf 88' lang='lat' dir='ltr'>De-</span> 
     </span>
     <span class='ocr_line' id='line_1_18' title="bbox 169 1347 1625 1392; baseline -0.005 -6"><span class='ocrx_word' id='word_1_119' title='bbox 169 1364 254 1386; x_wconf 86' lang='lat' dir='ltr'>meae</span> <span class='ocrx_word' id='word_1_120' title='bbox 271 1353 451 1385; x_wconf 84' lang='lat' dir='ltr'>attribuit:</span> <span class='ocrx_word' id='word_1_121' title='bbox 477 1352 509 1383; x_wconf 88' lang='lat' dir='ltr'>in</span> <span class='ocrx_word' id='word_1_122' title='bbox 532 1352 630 1392; x_wconf 87' lang='lat' dir='ltr'>cujus</span> <span class='ocrx_word' id='word_1_123' title='bbox 646 1361 791 1392; x_wconf 83' lang='lat' dir='ltr'>persona</span> <span class='ocrx_word' id='word_1_124' title='bbox 805 1350 932 1391; x_wconf 86' lang='lat' dir='ltr'>optime</span> <span class='ocrx_word' id='word_1_125' title='bbox 947 1351 1136 1392; x_wconf 84' lang='lat' dir='ltr'>quadrant:</span> <span class='ocrx_word' id='word_1_126' title='bbox 1163 1354 1201 1380; x_wconf 86' lang='lat' dir='ltr'>ut</span> <span class='ocrx_word' id='word_1_127' title='bbox 1217 1354 1293 1381; x_wconf 83' lang='lat' dir='ltr'>erat</span> <span class='ocrx_word' id='word_1_128' title='bbox 1308 1350 1340 1379; x_wconf 91' lang='lat' dir='ltr'>in</span> <span class='ocrx_word' id='word_1_129' title='bbox 1356 1347 1566 1387; x_wconf 82' lang='lat' dir='ltr'>Victoriano,</span> <span class='ocrx_word' id='word_1_130' title='bbox 1587 1353 1625 1378; x_wconf 86' lang='lat' dir='ltr'>et</span> 
     </span>
     <span class='ocr_line' id='line_1_19' title="bbox 167 1390 1622 1434; baseline -0.006 -5"><span class='ocrx_word' id='word_1_131' title='bbox 167 1398 218 1429; x_wconf 86' lang='lat' dir='ltr'>ita</span> <span class='ocrx_word' id='word_1_132' title='bbox 233 1397 381 1429; x_wconf 85' lang='lat' dir='ltr'>collocat</span> <span class='ocrx_word' id='word_1_133' title='bbox 397 1395 581 1426; x_wconf 89' lang='lat' dir='ltr'>Bembinus</span> <span class='ocrx_word' id='word_1_134' title='bbox 597 1404 672 1426; x_wconf 89' lang='lat' dir='ltr'>cum</span> <span class='ocrx_word' id='word_1_135' title='bbox 695 1393 903 1432; x_wconf 74' lang='lat' dir='ltr'>Basilicam,</span> <span class='ocrx_word' id='word_1_136' title='bbox 925 1394 1014 1425; x_wconf 85' lang='lat' dir='ltr'>Bene</span> <span class='ocrx_word' id='word_1_137' title='bbox 1029 1404 1113 1432; x_wconf 84' lang='lat' dir='ltr'>sane,</span> <span class='ocrx_word' id='word_1_138' title='bbox 1129 1392 1218 1434; x_wconf 87' lang='lat' dir='ltr'>quod</span> <span class='ocrx_word' id='word_1_139' title='bbox 1235 1397 1271 1423; x_wconf 89' lang='lat' dir='ltr'>et</span> <span class='ocrx_word' id='word_1_140' title='bbox 1287 1391 1460 1423; x_wconf 83' lang='lat' dir='ltr'>venustius</span> <span class='ocrx_word' id='word_1_141' title='bbox 1476 1395 1539 1421; x_wconf 84' lang='lat' dir='ltr'>est.</span> <span class='ocrx_word' id='word_1_142' title='bbox 1563 1390 1622 1421; x_wconf 86' lang='lat' dir='ltr'>Fa.</span> 
     </span>
     <span class='ocr_line' id='line_1_20' title="bbox 170 1433 1624 1477; baseline -0.006 -6"><span class='ocrx_word' id='word_1_143' title='bbox 170 1440 259 1471; x_wconf 80' lang='lat' dir='ltr'>Bene</span> <span class='ocrx_word' id='word_1_144' title='bbox 271 1450 355 1477; x_wconf 82' lang='lat' dir='ltr'>sane,</span> <span class='ocrx_word' id='word_1_145' title='bbox 372 1438 478 1470; x_wconf 84' lang='lat' dir='ltr'>nostri</span> <span class='ocrx_word' id='word_1_146' title='bbox 495 1447 624 1469; x_wconf 88' lang='lat' dir='ltr'>omnes.</span> <span class='ocrx_word' id='word_1_147' title='bbox 648 1437 747 1468; x_wconf 80' lang='lat' dir='ltr'>Bent.</span> <span class='ocrx_word' id='word_1_148' title='bbox 792 1437 895 1467; x_wconf 87' lang='lat' dir='ltr'>Bent.</span> <span class='ocrx_word' id='word_1_149' title='bbox 918 1437 1008 1477; x_wconf 86' lang='lat' dir='ltr'>[cnm</span> <span class='ocrx_word' id='word_1_150' title='bbox 1035 1436 1074 1468; x_wconf 90' lang='lat' dir='ltr'>Z.</span> <span class='ocrx_word' id='word_1_151' title='bbox 1099 1441 1135 1467; x_wconf 88' lang='lat' dir='ltr'>et</span> <span class='ocrx_word' id='word_1_152' title='bbox 1162 1435 1258 1475; x_wconf 85' lang='lat' dir='ltr'>Bip.]</span> <span class='ocrx_word' id='word_1_153' title='bbox 1277 1439 1382 1466; x_wconf 85' lang='lat' dir='ltr'>totam</span> <span class='ocrx_word' id='word_1_154' title='bbox 1398 1434 1484 1464; x_wconf 85' lang='lat' dir='ltr'>hanc</span> <span class='ocrx_word' id='word_1_155' title='bbox 1500 1433 1624 1463; x_wconf 87' lang='lat' dir='ltr'>lineam</span> 
     </span>
     <span class='ocr_line' id='line_1_21' title="bbox 168 1475 1625 1521; baseline -0.006 -7"><span class='ocrx_word' id='word_1_156' title='bbox 168 1484 311 1514; x_wconf 80' lang='lat' dir='ltr'>Demeae</span> <span class='ocrx_word' id='word_1_157' title='bbox 330 1481 499 1514; x_wconf 84' lang='lat' dir='ltr'>attribuit.</span> <span class='ocrx_word' id='word_1_158' title='bbox 524 1481 602 1512; x_wconf 89' lang='lat' dir='ltr'>Non</span> <span class='ocrx_word' id='word_1_159' title='bbox 619 1481 743 1521; x_wconf 89' lang='lat' dir='ltr'>placet.</span> <span class='ocrx_word' id='word_1_160' title='bbox 760 1480 846 1511; x_wconf 85' lang='lat' dir='ltr'>Perl.</span> <span class='ocrx_word' id='word_1_161' title='bbox 863 1480 921 1510; x_wconf 83' lang='lat' dir='ltr'>Br.</span> <span class='ocrx_word' id='word_1_162' title='bbox 938 1479 1041 1510; x_wconf 89' lang='lat' dir='ltr'>Bent.</span> <span class='ocrx_word' id='word_1_163' title='bbox 1057 1479 1096 1510; x_wconf 93' lang='lat' dir='ltr'>Z.</span> <span class='ocrx_word' id='word_1_164' title='bbox 1113 1488 1179 1510; x_wconf 88' lang='lat' dir='ltr'>non</span> <span class='ocrx_word' id='word_1_165' title='bbox 1196 1479 1414 1517; x_wconf 81' lang='lat' dir='ltr'>interrogant</span> <span class='ocrx_word' id='word_1_166' title='bbox 1429 1480 1508 1517; x_wconf 86' lang='lat' dir='ltr'>post</span> <span class='ocrx_word' id='word_1_167' title='bbox 1523 1476 1532 1492; x_wconf 91' lang='lat'>‘</span> <span class='ocrx_word' id='word_1_168' title='bbox 1543 1475 1625 1506; x_wconf 69' lang='lat' dir='ltr'>vos!</span> 
     </span>
     <span class='ocr_line' id='line_1_22' title="bbox 168 1520 1622 1566; baseline -0.006 -9"><span class='ocrx_word' id='word_1_169' title='bbox 168 1526 244 1558; x_wconf 84' lang='lat' dir='ltr'>Nec</span> <span class='ocrx_word' id='word_1_170' title='bbox 266 1526 368 1556; x_wconf 87' lang='lat' dir='ltr'>Both.</span> <span class='ocrx_word' id='word_1_171' title='bbox 384 1525 441 1566; x_wconf 89' lang='lat' dir='ltr'>qui</span> <span class='ocrx_word' id='word_1_172' title='bbox 458 1523 518 1554; x_wconf 91' lang='lat' dir='ltr'>dat</span> <span class='ocrx_word' id='word_1_173' title='bbox 538 1523 598 1555; x_wconf 77' lang='lat' dir='ltr'>Ubi</span> <span class='ocrx_word' id='word_1_174' title='bbox 622 1533 654 1563; x_wconf 87' lang='lat' dir='ltr'>p.</span> <span class='ocrx_word' id='word_1_175' title='bbox 669 1532 722 1554; x_wconf 79' lang='lat' dir='ltr'>vos</span> <span class='ocrx_word' id='word_1_176' title='bbox 749 1522 846 1562; x_wconf 80' lang='lat' dir='ltr'>Sym,</span> <span class='ocrx_word' id='word_1_177' title='bbox 864 1526 981 1553; x_wconf 80' lang='lat' dir='ltr'>cetera</span> <span class='ocrx_word' id='word_1_178' title='bbox 999 1523 1150 1553; x_wconf 81' lang='lat' dir='ltr'>Demeae.</span> <span class='ocrx_word' id='word_1_179' title='bbox 1194 1522 1418 1560; x_wconf 83' lang='lat' dir='ltr'>Interrogant</span> <span class='ocrx_word' id='word_1_180' title='bbox 1432 1523 1512 1560; x_wconf 83' lang='lat' dir='ltr'>post</span> <span class='ocrx_word' id='word_1_181' title='bbox 1524 1520 1533 1536; x_wconf 84' lang='lat'>‘</span> <span class='ocrx_word' id='word_1_182' title='bbox 1545 1527 1622 1559; x_wconf 82' lang='lat' dir='ltr'>per-</span> 
     </span>
     <span class='ocr_line' id='line_1_23' title="bbox 170 1563 1624 1609; baseline -0.006 -9"><span class='ocrx_word' id='word_1_183' title='bbox 170 1568 266 1609; x_wconf 85' lang='lat' dir='ltr'>gere&#39;</span> <span class='ocrx_word' id='word_1_184' title='bbox 281 1568 320 1600; x_wconf 91' lang='lat' dir='ltr'>Z.</span> <span class='ocrx_word' id='word_1_185' title='bbox 339 1569 443 1599; x_wconf 84' lang='lat' dir='ltr'>Bent.</span> <span class='ocrx_word' id='word_1_186' title='bbox 460 1567 539 1607; x_wconf 90' lang='lat' dir='ltr'>Bip.</span> <span class='ocrx_word' id='word_1_187' title='bbox 555 1566 659 1597; x_wconf 85' lang='lat' dir='ltr'>Both.</span> <span class='ocrx_word' id='word_1_188' title='bbox 697 1565 765 1597; x_wconf 89' lang='lat' dir='ltr'>Sed</span> <span class='ocrx_word' id='word_1_189' title='bbox 782 1565 886 1596; x_wconf 82' lang='lat' dir='ltr'>Both.</span> <span class='ocrx_word' id='word_1_190' title='bbox 905 1565 936 1595; x_wconf 89' lang='lat' dir='ltr'>in</span> <span class='ocrx_word' id='word_1_191' title='bbox 955 1565 1070 1603; x_wconf 81' lang='lat' dir='ltr'>Notis,</span> <span class='ocrx_word' id='word_1_192' title='bbox 1087 1564 1190 1603; x_wconf 85' lang='lat' dir='ltr'>Dele,</span> <span class='ocrx_word' id='word_1_193' title='bbox 1208 1564 1267 1604; x_wconf 81' lang='lat' dir='ltr'>ait,</span> <span class='ocrx_word' id='word_1_194' title='bbox 1284 1563 1452 1603; x_wconf 79' lang='lat' dir='ltr'>virgulam</span> <span class='ocrx_word' id='word_1_195' title='bbox 1468 1566 1624 1593; x_wconf 81' lang='lat' dir='ltr'>extremo</span> 
     </span>
     <span class='ocr_line' id='line_1_24' title="bbox 170 1604 1621 1648; baseline -0.006 -6"><span class='ocrx_word' id='word_1_196' title='bbox 170 1614 368 1643; x_wconf 58' lang='lat' dir='ltr'>versu—49</span> <span class='ocrx_word' id='word_1_197' title='bbox 389 1610 486 1642; x_wconf 90' lang='lat' dir='ltr'>Unus</span> <span class='ocrx_word' id='word_1_198' title='bbox 503 1619 545 1640; x_wconf 82' lang='lat' dir='ltr'>ex</span> <span class='ocrx_word' id='word_1_199' title='bbox 562 1608 682 1647; x_wconf 70' lang='lat' dir='ltr'>Regiis</span> <span class='ocrx_word' id='word_1_200' title='bbox 708 1609 834 1640; x_wconf 74' lang='lat' dir='ltr'>otiosus.</span> <span class='ocrx_word' id='word_1_201' title='bbox 877 1608 969 1648; x_wconf 84' lang='lat' dir='ltr'>Lege</span> <span class='ocrx_word' id='word_1_202' title='bbox 992 1609 1123 1639; x_wconf 78' lang='lat' dir='ltr'>odiosus.</span> <span class='ocrx_word' id='word_1_203' title='bbox 1148 1607 1249 1638; x_wconf 86' lang='lat' dir='ltr'>Bent.</span> <span class='ocrx_word' id='word_1_204' title='bbox 1296 1607 1406 1637; x_wconf 84' lang='lat' dir='ltr'>Otiose</span> <span class='ocrx_word' id='word_1_205' title='bbox 1429 1610 1514 1636; x_wconf 90' lang='lat' dir='ltr'>vett.</span> <span class='ocrx_word' id='word_1_206' title='bbox 1542 1604 1621 1635; x_wconf 83' lang='lat' dir='ltr'>edd.</span> 
     </span>
     <span class='ocr_line' id='line_1_25' title="bbox 169 1646 1623 1695; baseline -0.004 -10"><span class='ocrx_word' id='word_1_207' title='bbox 169 1654 248 1695; x_wconf 80' lang='lat' dir='ltr'>Rip.</span> <span class='ocrx_word' id='word_1_208' title='bbox 287 1654 394 1685; x_wconf 81' lang='lat' dir='ltr'>Otiose</span> <span class='ocrx_word' id='word_1_209' title='bbox 407 1657 530 1684; x_wconf 87' lang='lat' dir='ltr'>mutat.</span> <span class='ocrx_word' id='word_1_210' title='bbox 546 1652 578 1683; x_wconf 89' lang='lat' dir='ltr'>in</span> <span class='ocrx_word' id='word_1_211' title='bbox 594 1653 695 1682; x_wconf 78' lang='lat' dir='ltr'>odiose</span> <span class='ocrx_word' id='word_1_212' title='bbox 712 1653 745 1682; x_wconf 89' lang='lat' dir='ltr'>in</span> <span class='ocrx_word' id='word_1_213' title='bbox 761 1649 875 1682; x_wconf 88' lang='lat' dir='ltr'>Guelf.</span> <span class='ocrx_word' id='word_1_214' title='bbox 891 1653 920 1682; x_wconf 92' lang='lat'>1.</span> <span class='ocrx_word' id='word_1_215' title='bbox 939 1651 1113 1682; x_wconf 59' lang='lat' dir='ltr'>Pera—50</span> <span class='ocrx_word' id='word_1_216' title='bbox 1131 1650 1207 1681; x_wconf 89' lang='lat' dir='ltr'>Non</span> <span class='ocrx_word' id='word_1_217' title='bbox 1225 1649 1327 1680; x_wconf 88' lang='lat' dir='ltr'>habet</span> <span class='ocrx_word' id='word_1_218' title='bbox 1342 1652 1388 1680; x_wconf 88' lang='lat' dir='ltr'>est</span> <span class='ocrx_word' id='word_1_219' title='bbox 1403 1657 1488 1679; x_wconf 88' lang='lat' dir='ltr'>unus</span> <span class='ocrx_word' id='word_1_220' title='bbox 1506 1646 1623 1679; x_wconf 87' lang='lat' dir='ltr'>Guelf.</span> 
     </span>
     <span class='ocr_line' id='line_1_26' title="bbox 172 1690 1621 1737; baseline -0.005 -9"><span class='ocrx_word' id='word_1_221' title='bbox 172 1698 250 1728; x_wconf 82' lang='lat' dir='ltr'>Tam</span> <span class='ocrx_word' id='word_1_222' title='bbox 275 1705 337 1737; x_wconf 85' lang='lat' dir='ltr'>pro</span> <span class='ocrx_word' id='word_1_223' title='bbox 355 1697 425 1735; x_wconf 72' lang='lat' dir='ltr'>jam</span> <span class='ocrx_word' id='word_1_224' title='bbox 439 1704 639 1734; x_wconf 83' lang='lat' dir='ltr'>expressum</span> <span class='ocrx_word' id='word_1_225' title='bbox 664 1694 766 1725; x_wconf 87' lang='lat' dir='ltr'>habet</span> <span class='ocrx_word' id='word_1_226' title='bbox 783 1693 837 1724; x_wconf 88' lang='lat' dir='ltr'>ed.</span> <span class='ocrx_word' id='word_1_227' title='bbox 854 1693 1043 1724; x_wconf 53' lang='lat' dir='ltr'>Both—51</span> <span class='ocrx_word' id='word_1_228' title='bbox 1070 1693 1160 1733; x_wconf 85' lang='lat' dir='ltr'>Guy.</span> <span class='ocrx_word' id='word_1_229' title='bbox 1176 1694 1262 1723; x_wconf 88' lang='lat' dir='ltr'>male</span> <span class='ocrx_word' id='word_1_230' title='bbox 1280 1692 1379 1723; x_wconf 80' lang='lat' dir='ltr'>abibo.</span> <span class='ocrx_word' id='word_1_231' title='bbox 1424 1691 1521 1722; x_wconf 89' lang='lat' dir='ltr'>Bona</span> <span class='ocrx_word' id='word_1_232' title='bbox 1536 1690 1621 1721; x_wconf 87' lang='lat' dir='ltr'>Mss.</span> 
     </span>
     <span class='ocr_line' id='line_1_27' title="bbox 170 1733 1621 1780; baseline -0.006 -9"><span class='ocrx_word' id='word_1_233' title='bbox 170 1749 262 1780; x_wconf 84' lang='lat' dir='ltr'>pars,</span> <span class='ocrx_word' id='word_1_234' title='bbox 277 1738 526 1780; x_wconf 79' lang='lat' dir='ltr'>unumquicquid.</span> <span class='ocrx_word' id='word_1_235' title='bbox 565 1738 619 1769; x_wconf 87' lang='lat' dir='ltr'>Ita</span> <span class='ocrx_word' id='word_1_236' title='bbox 633 1742 669 1768; x_wconf 89' lang='lat' dir='ltr'>et</span> <span class='ocrx_word' id='word_1_237' title='bbox 683 1737 760 1768; x_wconf 86' lang='lat' dir='ltr'>edd.</span> <span class='ocrx_word' id='word_1_238' title='bbox 774 1736 847 1769; x_wconf 89' lang='grc' dir='ltr'>ΕΡ.</span> <span class='ocrx_word' id='word_1_239' title='bbox 858 1736 954 1768; x_wconf 83' lang='lat' dir='ltr'>Junt.</span> <span class='ocrx_word' id='word_1_240' title='bbox 971 1736 1119 1767; x_wconf 90' lang='lat' dir='ltr'>Davent.</span> <span class='ocrx_word' id='word_1_241' title='bbox 1135 1736 1210 1767; x_wconf 80' lang='lat' dir='ltr'>aiiae</span> <span class='ocrx_word' id='word_1_242' title='bbox 1228 1740 1395 1766; x_wconf 81' lang='lat' dir='ltr'>veterum.</span> <span class='ocrx_word' id='word_1_243' title='bbox 1434 1733 1475 1764; x_wconf 90' lang='lat' dir='ltr'>In</span> <span class='ocrx_word' id='word_1_244' title='bbox 1493 1733 1621 1764; x_wconf 85' lang='lat' dir='ltr'>Codice</span> 
     </span>
     <span class='ocr_line' id='line_1_28' title="bbox 169 1777 1622 1823; baseline -0.006 -9"><span class='ocrx_word' id='word_1_245' title='bbox 169 1782 362 1823; x_wconf 78' lang='lat' dir='ltr'>Argentino</span> <span class='ocrx_word' id='word_1_246' title='bbox 387 1787 462 1813; x_wconf 86' lang='lat' dir='ltr'>est:</span> <span class='ocrx_word' id='word_1_247' title='bbox 484 1781 587 1820; x_wconf 83' lang='lat' dir='ltr'>Atque</span> <span class='ocrx_word' id='word_1_248' title='bbox 612 1789 716 1814; x_wconf 79' lang='lat' dir='ltr'>unum,</span> <span class='ocrx_word' id='word_1_249' title='bbox 740 1781 817 1820; x_wconf 79' lang='lat' dir='ltr'>quod</span> <span class='ocrx_word' id='word_1_250' title='bbox 844 1779 964 1819; x_wconf 79' lang='lat' dir='ltr'>quidem</span> <span class='ocrx_word' id='word_1_251' title='bbox 980 1779 1136 1817; x_wconf 83' lang='lat' dir='ltr'>ferculum</span> <span class='ocrx_word' id='word_1_252' title='bbox 1162 1779 1222 1809; x_wconf 77' lang='lat' dir='ltr'>erit</span> <span class='ocrx_word' id='word_1_253' title='bbox 1250 1777 1458 1814; x_wconf 80' lang='lat' dir='ltr'>bellissimum,</span> <span class='ocrx_word' id='word_1_254' title='bbox 1485 1785 1622 1816; x_wconf 81' lang='lat' dir='ltr'>carpam.</span> 
     </span>
     <span class='ocr_line' id='line_1_29' title="bbox 169 1819 1623 1860; baseline -0.005 -5"><span class='ocrx_word' id='word_1_255' title='bbox 169 1825 278 1857; x_wconf 88' lang='lat' dir='ltr'>West.</span> <span class='ocrx_word' id='word_1_256' title='bbox 321 1825 368 1856; x_wconf 90' lang='lat' dir='ltr'>Et</span> <span class='ocrx_word' id='word_1_257' title='bbox 390 1825 440 1856; x_wconf 88' lang='lat' dir='ltr'>ita</span> <span class='ocrx_word' id='word_1_258' title='bbox 454 1824 535 1855; x_wconf 80' lang='lat' dir='ltr'>dant</span> <span class='ocrx_word' id='word_1_259' title='bbox 553 1824 611 1854; x_wconf 70' lang='grc' dir='ltr'>ΒΓ.</span> <span class='ocrx_word' id='word_1_260' title='bbox 632 1823 734 1854; x_wconf 89' lang='lat' dir='ltr'>Bent.</span> <span class='ocrx_word' id='word_1_261' title='bbox 761 1823 800 1853; x_wconf 88' lang='lat' dir='ltr'>Z.</span> <span class='ocrx_word' id='word_1_262' title='bbox 828 1823 931 1852; x_wconf 80' lang='lat' dir='ltr'>Both.</span> <span class='ocrx_word' id='word_1_263' title='bbox 956 1822 1136 1853; x_wconf 82' lang='lat' dir='ltr'>Perl.—52</span> <span class='ocrx_word' id='word_1_264' title='bbox 1160 1820 1347 1860; x_wconf 70' lang='lat' dir='ltr'>Sor-bilmas]</span> <span class='ocrx_word' id='word_1_265' title='bbox 1371 1820 1426 1850; x_wconf 87' lang='lat' dir='ltr'>Sic</span> <span class='ocrx_word' id='word_1_266' title='bbox 1442 1819 1500 1850; x_wconf 86' lang='lat' dir='ltr'>Fa.</span> <span class='ocrx_word' id='word_1_267' title='bbox 1516 1825 1552 1849; x_wconf 80' lang='lat' dir='ltr'>et</span> <span class='ocrx_word' id='word_1_268' title='bbox 1566 1828 1623 1849; x_wconf 89' lang='lat' dir='ltr'>co-</span> 
     </span>
     <span class='ocr_line' id='line_1_30' title="bbox 170 1861 1622 1909; baseline -0.006 -10"><span class='ocrx_word' id='word_1_269' title='bbox 170 1868 265 1899; x_wconf 84' lang='lat' dir='ltr'>dices</span> <span class='ocrx_word' id='word_1_270' title='bbox 281 1868 458 1909; x_wconf 85' lang='lat' dir='ltr'>plerique:</span> <span class='ocrx_word' id='word_1_271' title='bbox 482 1866 541 1897; x_wconf 81' lang='lat' dir='ltr'>sed</span> <span class='ocrx_word' id='word_1_272' title='bbox 558 1875 644 1897; x_wconf 87' lang='lat' dir='ltr'>unus</span> <span class='ocrx_word' id='word_1_273' title='bbox 660 1875 703 1897; x_wconf 84' lang='lat' dir='ltr'>ex</span> <span class='ocrx_word' id='word_1_274' title='bbox 720 1864 911 1896; x_wconf 81' lang='lat' dir='ltr'>Meadianis</span> <span class='ocrx_word' id='word_1_275' title='bbox 926 1864 1088 1896; x_wconf 79' lang='lat' dir='ltr'>sorbilans.</span> <span class='ocrx_word' id='word_1_276' title='bbox 1136 1865 1256 1903; x_wconf 83' lang='lat' dir='ltr'>Recte,</span> <span class='ocrx_word' id='word_1_277' title='bbox 1282 1862 1430 1894; x_wconf 85' lang='lat' dir='ltr'>secunda</span> <span class='ocrx_word' id='word_1_278' title='bbox 1454 1861 1562 1901; x_wconf 86' lang='lat' dir='ltr'>brevi,</span> <span class='ocrx_word' id='word_1_279' title='bbox 1584 1866 1622 1891; x_wconf 89' lang='lat' dir='ltr'>ut</span> 
     </span>
     <span class='ocr_line' id='line_1_31' title="bbox 167 1904 1621 1949; baseline -0.005 -7"><span class='ocrx_word' id='word_1_280' title='bbox 167 1912 177 1928; x_wconf 91' lang='lat'>‘</span> <span class='ocrx_word' id='word_1_281' title='bbox 194 1910 386 1942; x_wconf 65' lang='lat' dir='ltr'>ventilans!</span> <span class='ocrx_word' id='word_1_282' title='bbox 411 1911 507 1941; x_wconf 84' lang='lat' dir='ltr'>Bent.</span> <span class='ocrx_word' id='word_1_283' title='bbox 550 1908 711 1940; x_wconf 80' lang='lat' dir='ltr'>Sorbilans</span> <span class='ocrx_word' id='word_1_284' title='bbox 736 1918 816 1948; x_wconf 82' lang='lat' dir='ltr'>ergo</span> <span class='ocrx_word' id='word_1_285' title='bbox 844 1908 904 1939; x_wconf 86' lang='lat' dir='ltr'>dat</span> <span class='ocrx_word' id='word_1_286' title='bbox 930 1908 1025 1940; x_wconf 79' lang='lat' dir='ltr'>Peri.</span> <span class='ocrx_word' id='word_1_287' title='bbox 1073 1907 1181 1939; x_wconf 84' lang='lat' dir='ltr'>Ciatos</span> <span class='ocrx_word' id='word_1_288' title='bbox 1205 1917 1266 1949; x_wconf 88' lang='lat' dir='ltr'>pro</span> <span class='ocrx_word' id='word_1_289' title='bbox 1290 1906 1416 1947; x_wconf 79' lang='lat' dir='ltr'>cyathos</span> <span class='ocrx_word' id='word_1_290' title='bbox 1440 1904 1546 1936; x_wconf 86' lang='lat' dir='ltr'>habet</span> <span class='ocrx_word' id='word_1_291' title='bbox 1563 1905 1621 1936; x_wconf 68' lang='grc' dir='ltr'>ΒΓ.</span> 
     </span>
     <span class='ocr_line' id='line_1_32' title="bbox 169 1951 1048 1995; baseline -0.006 -9"><span class='ocrx_word' id='word_1_292' title='bbox 169 1953 340 1986; x_wconf 77' lang='lat' dir='ltr'>Sorbiuans</span> <span class='ocrx_word' id='word_1_293' title='bbox 348 1955 432 1995; x_wconf 83' lang='lat' dir='ltr'>paul.</span> <span class='ocrx_word' id='word_1_294' title='bbox 448 1952 574 1994; x_wconf 82' lang='lat' dir='ltr'>cyathos</span> <span class='ocrx_word' id='word_1_295' title='bbox 585 1961 633 1993; x_wconf 82' lang='lat' dir='ltr'>pr.</span> <span class='ocrx_word' id='word_1_296' title='bbox 646 1952 679 1984; x_wconf 87' lang='lat' dir='ltr'>d.</span> <span class='ocrx_word' id='word_1_297' title='bbox 696 1951 828 1992; x_wconf 79' lang='lat' dir='ltr'>abjecto</span> <span class='ocrx_word' id='word_1_298' title='bbox 841 1951 931 1991; x_wconf 81' lang='lat' dir='ltr'>hunc,</span> <span class='ocrx_word' id='word_1_299' title='bbox 946 1951 1048 1982; x_wconf 87' lang='lat' dir='ltr'>Both.</span> 
     </span>
    </p>
   </div>
   <div class='ocr_carea' id='block_1_7' title="bbox 826 2059 965 2091">
    <p class='ocr_par' dir='ltr' id='par_1_11' title="bbox 826 2059 965 2091">
     <span class='ocr_line' id='line_1_33' title="bbox 826 2059 965 2091; baseline 0 -1"><span class='ocrx_word' id='word_1_300' title='bbox 826 2059 965 2091; x_wconf 79' lang='lat' dir='ltr'>NOTAE</span> 
     </span>
    </p>
   </div>
   <div class='ocr_carea' id='block_1_8' title="bbox 169 2129 1622 2383">
    <p class='ocr_par' dir='ltr' id='par_1_12' title="bbox 169 2129 1622 2383">
     <span class='ocr_line' id='line_1_34' title="bbox 211 2129 1622 2174; baseline -0.006 -6"><span class='ocrx_word' id='word_1_301' title='bbox 211 2139 254 2168; x_wconf 85' lang='grc'>48</span> <span class='ocrx_word' id='word_1_302' title='bbox 271 2134 484 2174; x_wconf 76' lang='lat' dir='ltr'>Silicernium]</span> <span class='ocrx_word' id='word_1_303' title='bbox 495 2132 679 2165; x_wconf 74' lang='lat' dir='ltr'>Terentius</span> <span class='ocrx_word' id='word_1_304' title='bbox 694 2137 795 2164; x_wconf 84' lang='lat' dir='ltr'>vocat</span> <span class='ocrx_word' id='word_1_305' title='bbox 807 2142 866 2163; x_wconf 86' lang='lat' dir='ltr'>ex·</span> <span class='ocrx_word' id='word_1_306' title='bbox 918 2142 985 2164; x_wconf 88' lang='lat' dir='ltr'>nex</span> <span class='ocrx_word' id='word_1_307' title='bbox 999 2132 1007 2146; x_wconf 80' lang='lat'>²</span> <span class='ocrx_word' id='word_1_308' title='bbox 1022 2132 1151 2164; x_wconf 82' lang='lat' dir='ltr'>dicitur</span> <span class='ocrx_word' id='word_1_309' title='bbox 1167 2142 1186 2163; x_wconf 92' lang='lat' dir='ltr'>a</span> <span class='ocrx_word' id='word_1_310' title='bbox 1202 2132 1340 2169; x_wconf 85' lang='lat' dir='ltr'>Plauto,</span> <span class='ocrx_word' id='word_1_311' title='bbox 1356 2135 1392 2162; x_wconf 88' lang='lat' dir='ltr'>et</span> <span class='ocrx_word' id='word_1_312' title='bbox 1406 2131 1415 2148; x_wconf 87' lang='lat'>‘</span> <span class='ocrx_word' id='word_1_313' title='bbox 1427 2130 1540 2171; x_wconf 89' lang='lat' dir='ltr'>capuli</span> <span class='ocrx_word' id='word_1_314' title='bbox 1563 2129 1622 2161; x_wconf 91' lang='lat' dir='ltr'>de-</span> 
     </span>
     <span class='ocr_line' id='line_1_35' title="bbox 171 2179 1621 2223; baseline -0.006 -3"><span class='ocrx_word' id='word_1_315' title='bbox 171 2193 289 2220; x_wconf 77' lang='lat' dir='ltr'>tremae</span> <span class='ocrx_word' id='word_1_316' title='bbox 322 2185 433 2217; x_wconf 81' lang='lat' dir='ltr'>aetatis</span> <span class='ocrx_word' id='word_1_317' title='bbox 466 2194 593 2223; x_wconf 82' lang='lat' dir='ltr'>senem,</span> <span class='ocrx_word' id='word_1_318' title='bbox 630 2192 650 2213; x_wconf 85' lang='lat' dir='ltr'>a</span> <span class='ocrx_word' id='word_1_319' title='bbox 684 2182 868 2222; x_wconf 84' lang='lat' dir='ltr'>silicernio,</span> <span class='ocrx_word' id='word_1_320' title='bbox 919 2181 1001 2223; x_wconf 89' lang='lat' dir='ltr'>cus‚&#39;</span> <span class='ocrx_word' id='word_1_321' title='bbox 1018 2183 1119 2214; x_wconf 83' lang='lat' dir='ltr'>morti</span> <span class='ocrx_word' id='word_1_322' title='bbox 1136 2182 1325 2222; x_wconf 74' lang='lat' dir='ltr'>contiguus,</span> <span class='ocrx_word' id='word_1_323' title='bbox 1340 2181 1460 2222; x_wconf 83' lang='lat' dir='ltr'>capulo</span> <span class='ocrx_word' id='word_1_324' title='bbox 1476 2191 1554 2212; x_wconf 76' lang='lat' dir='ltr'>mox</span> <span class='ocrx_word' id='word_1_325' title='bbox 1571 2179 1621 2211; x_wconf 87' lang='lat' dir='ltr'>ef-</span> 
     </span>
     <span class='ocr_line' id='line_1_36' title="bbox 172 2230 1621 2281; baseline -0.006 -10"><span class='ocrx_word' id='word_1_326' title='bbox 172 2238 262 2281; x_wconf 86' lang='lat' dir='ltr'>qnod</span> <span class='ocrx_word' id='word_1_327' title='bbox 292 2241 346 2269; x_wconf 80' lang='lat' dir='ltr'>est</span> <span class='ocrx_word' id='word_1_328' title='bbox 373 2234 551 2277; x_wconf 84' lang='lat' dir='ltr'>prandium</span> <span class='ocrx_word' id='word_1_329' title='bbox 591 2233 747 2270; x_wconf 84' lang='lat' dir='ltr'>funebre,</span> <span class='ocrx_word' id='word_1_330' title='bbox 777 2233 866 2274; x_wconf 89' lang='lat' dir='ltr'>quod</span> <span class='ocrx_word' id='word_1_331' title='bbox 918 2233 1090 2266; x_wconf 83' lang='lat' dir='ltr'>ferendus.</span> <span class='ocrx_word' id='word_1_332' title='bbox 1133 2233 1285 2273; x_wconf 73' lang='lat' dir='ltr'>Capillus</span> <span class='ocrx_word' id='word_1_333' title='bbox 1309 2236 1422 2262; x_wconf 84' lang='lat' dir='ltr'>autem</span> <span class='ocrx_word' id='word_1_334' title='bbox 1451 2236 1506 2264; x_wconf 89' lang='lat' dir='ltr'>est</span> <span class='ocrx_word' id='word_1_335' title='bbox 1532 2230 1621 2263; x_wconf 81' lang='lat' dir='ltr'>sere·</span> 
     </span>
     <span class='ocr_line' id='line_1_37' title="bbox 169 2282 1441 2326; baseline -0.008 -3"><span class='ocrx_word' id='word_1_336' title='bbox 169 2289 412 2324; x_wconf 84' lang='lat' dir='ltr'>conficiebatur</span> <span class='ocrx_word' id='word_1_337' title='bbox 422 2287 516 2319; x_wconf 87' lang='lat' dir='ltr'>circa</span> <span class='ocrx_word' id='word_1_338' title='bbox 528 2286 669 2326; x_wconf 86' lang='lat' dir='ltr'>silicem,</span> <span class='ocrx_word' id='word_1_339' title='bbox 687 2285 721 2316; x_wconf 89' lang='lat' dir='ltr'>id</span> <span class='ocrx_word' id='word_1_340' title='bbox 737 2289 802 2324; x_wconf 86' lang='lat' dir='ltr'>est,</span> <span class='ocrx_word' id='word_1_341' title='bbox 818 2294 868 2315; x_wconf 89' lang='lat' dir='ltr'>se·</span> <span class='ocrx_word' id='word_1_342' title='bbox 921 2289 1008 2317; x_wconf 81' lang='lat' dir='ltr'>trum</span> <span class='ocrx_word' id='word_1_343' title='bbox 1022 2295 1032 2323; x_wconf 89' lang='lat'>;</span> <span class='ocrx_word' id='word_1_344' title='bbox 1054 2282 1142 2326; x_wconf 90' lang='lat' dir='ltr'>quod</span> <span class='ocrx_word' id='word_1_345' title='bbox 1157 2292 1300 2323; x_wconf 86' lang='lat' dir='ltr'>corpora</span> <span class='ocrx_word' id='word_1_346' title='bbox 1315 2282 1441 2323; x_wconf 84' lang='lat' dir='ltr'>capiat.</span> 
     </span>
     <span class='ocr_line' id='line_1_38' title="bbox 170 2335 866 2383; baseline -0.01 -10"><span class='ocrx_word' id='word_1_347' title='bbox 170 2341 325 2383; x_wconf 80' lang='lat' dir='ltr'>pulcrum</span> <span class='ocrx_word' id='word_1_348' title='bbox 347 2337 493 2371; x_wconf 83' lang='lat' dir='ltr'>mortui:</span> <span class='ocrx_word' id='word_1_349' title='bbox 526 2337 575 2369; x_wconf 85' lang='lat' dir='ltr'>sic</span> <span class='ocrx_word' id='word_1_350' title='bbox 604 2337 613 2354; x_wconf 84' lang='lat'>‘</span> <span class='ocrx_word' id='word_1_351' title='bbox 630 2335 799 2378; x_wconf 80' lang='lat' dir='ltr'>capularis</span> <span class='ocrx_word' id='word_1_352' title='bbox 815 2344 866 2367; x_wconf 88' lang='lat' dir='ltr'>se-</span> 
     </span>
    </p>
   </div>
  </div>
 </body>
</html>
