1966 3302
305 251 390 294 626
802 261 842 289 Ρ.
873 259 1114 289 Tesssswru
1142 260 1267 290 Ami

308 360 492 402 Faciam
513 360 616 401 boni
639 358 720 400 tibi
740 357 911 412 aliquid
939 370 1021 411 pro
1041 357 1132 399 ista
1152 371 1211 408 re,
1233 371 1285 399 ac
1306 357 1475 399 lubens.
1709 356 1764 397 15

308 428 391 470 SY.
421 426 485 469 At
507 428 546 468 si
567 427 703 476 scias,
732 439 865 480 quam
886 425 995 467 scite
1016 426 1058 466 in
1079 430 1266 467 mentem
1290 424 1477 466 venerit!

307 495 399 537 CH.
430 494 561 536 Vah!
593 494 775 547 gloriare
803 494 1005 535 evenisse
1025 506 1083 534 ex
1105 494 1357 534 sententia?

309 562 394 604 SY.
425 561 530 603 Non
550 561 701 602 hercle
721 573 845 602 vero:
878 573 1025 602 verum
1046 560 1159 601 dico.
1221 559 1312 602 CH.
1346 560 1448 609 Dic,
1470 558 1576 612 quid
1597 558 1692 599 est?

309 630 394 671 ΞΥ.
425 629 511 671 Tui
533 629 798 683 Clitiphonis
819 640 919 670 esse
939 627 1128 669 amicam
1149 629 1260 669 hanc
1283 626 1573 676 Bacchidem,

311 697 575 739 Menedemo
596 697 709 740 dixit
728 696 899 748 Clinia3
922 699 967 738 et
987 709 1040 738 ea
1060 696 1198 748 gratia
1708 692 1765 734 20

311 767 477 808 Secum
495 765 752 816 adduxisse,
773 777 827 805 ne
848 767 896 805 tu
915 763 960 804 id
978 764 1331 818 persentisceres.
1580 795 1584 800 .

309 833 401 876 cn.
434 833 592 875 Probe.
644 832 729 875 SY.
761 831 848 874 Dic
868 831 1014 873 sodes.
1068 831 1158 872 CH.
1192 831 1405 881 Nimium,
1425 829 1620 884 inquam.
1681 828 1765 884 Sy.

482 901 625 943 Immo
646 901 684 942 si
706 900 840 942 scias.

311 970 401 1012 Sed
423 983 554 1025 porro
577 969 798 1019 ausculta,
818 968 935 1022 quod
956 973 1158 1022 superest
1178 967 1385 1009 fallaciae.

312 1039 422 1080 Sese
442 1038 541 1092 ipse
562 1037 682 1078 dicet
701 1039 819 1077 tuam
838 1035 1004 1077 vidisse
1029 1035 1167 1076 filiam
1185 1048 1196 1087 3

311 1106 425 1160 Ejus
446 1105 532 1147 sibi
552 1103 862 1158 complacitam
882 1102 1080 1153 formam,
1103 1107 1336 1157 postquam
1356 1102 1608 1157 aspexerit3
1711 1102 1769 1142 25

314 1174 450 1216 Hanc
490 1185 651 1226 cupere
688 1184 888 1213 uxorem.
960 1169 1047 1212 CH.
1091 1170 1291 1212 Modone
1331 1184 1430 1225 quae
1470 1171 1644 1213 inventa
1678 1169 1734 1212 'st
1748 1171 1767 1210 ’ἲ

487 1241 571 1282 ΞΥ.
601 1239 730 1281 Eam.

317 1373 388 1405 boni
407 1384 463 1415 pro
493 1376 557 1406 ista
582 1374 712 1410 astutia,
727 1374 819 1414 idque
834 1374 949 1405 lubenti
963 1374 1075 1405 animo.
1119 1374 1178 1406 ΞΥ.
1204 1373 1267 1405 Sed
1282 1374 1309 1404 sz'
1333 1374 1428 1404 scires
1443 1376 1591 1413 quantum
1613 1371 1770 1410 ingeniose

314 1418 459 1448 adiuvem·
475 1418 491 1451 ,Ι
514 1419 584 1450 CH.
605 1418 674 1450 Vah
690 1416 706 1449 l
726 1418 760 1448 in
770 1418 824 1448 hoc
840 1417 898 1449 tibi
905 1417 991 1456 salso
1002 1418 1138 1457 sortasse
1151 1418 1231 1457 apud
1244 1427 1291 1448 mc
1304 1416 1465 1455 gloriaris,
1479 1417 1556 1456 quod
1571 1424 1621 1446 res
1635 1413 1770 1445 evenerit

314 1463 348 1490 ul
366 1461 495 1493 volebas.
540 1462 605 1493 ΞΥ.
630 1462 701 1492 Non
715 1460 884 1492 mehercule
909 1470 1001 1492 vero:
1024 1469 1131 1491 verum
1146 1460 1225 1491 dico.
1271 1460 1340 1491 CH.
1364 1459 1431 1489 Dic
1442 1459 1516 1499 quid
1529 1459 1584 1488 hoc
1606 1461 1662 1488 est.
1706 1456 1769 1487 ΞΥ.

319 1503 425 1535 Clinia
441 1504 527 1536 dixit
548 1504 632 1545 patri
646 1514 699 1534 suo
716 1504 896 1535 Menedemo
910 1503 990 1534 hanc
1000 1502 1190 1534 Bacchidem
1206 1512 1269 1533 esse
1284 1502 1415 1533 amicam
1420 1502 1489 1543 filii
1505 1501 1553 1533 tui
1572 1499 1771 1541 Clitiphonis,

316 1548 346 1576 el
361 1556 393 1577 se
404 1557 471 1578 eam
486 1548 653 1579 adduxisse
667 1556 769 1578 secum
785 1557 820 1578 ea
834 1548 872 1578 de
882 1557 987 1586 causa,
1003 1556 1039 1577 ne
1055 1550 1090 1576 tu
1100 1545 1134 1576 id
1154 1545 1336 1585 percipere&
1381 1545 1450 1576 Cn.
1477 1544 1615 1584 Optime,
1631 1543 1707 1573 scite
1721 1542 1769 1572 in-

314 1593 450 1622 ventum.
497 1592 557 1622 SY.
581 1590 646 1622 Dic
657 1600 726 1621 vere
738 1590 856 1621 conabo.
902 1591 971 1621 CH.
998 1589 1095 1621 Valde
1103 1588 1336 1628 scitefinquam.
1381 1588 1442 1618 ΞΥ.
1466 1588 1563 1618 Immo
1580 1586 1681 1625 magis
1693 1585 1771 1616 scite

315 1632 489 1673 inventum,
503 1634 532 1665 sz'
547 1634 627 1665 scias
637 1645 647 1664 .·
669 1634 723 1664 sed
738 1633 847 1664 deinde
862 1632 935 1663 audi
950 1633 1029 1673 quod
1045 1632 1198 1672 reliquum
1212 1635 1259 1662 est
1284 1631 1421 1662 astutiae.
1467 1630 1536 1672 Ipse
1562 1629 1666 1660 Clinia
1688 1629 1770 1658 dicet

315 1685 348 1706 se
362 1676 475 1708 vidisse
491 1681 577 1709 tuam
591 1677 699 1717 filiam
724 1676 934 1717 Antiphilam,
959 1675 1081 1715 ejusque
1100 1674 1361 1715 pulchvitadinem
1386 1673 1447 1704 sibi
1470 1671 1697 1714 complacuisse,
1719 1670 1773 1701 ubi

313 1718 450 1758 primum
467 1720 553 1752 illam
576 1720 668 1761 vidit,
695 1728 824 1751 uxorem
847 1729 934 1751 suam
949 1728 1013 1750 esse
1029 1718 1116 1749 velle.
1162 1718 1231 1749 CH.
1254 1717 1386 1749 Dicisne
1400 1726 1467 1748 eam
1489 1726 1579 1757 quam
1593 1715 1686 1757 paulo
1699 1716 1788 1744 ante'

922 1809 1162 1823 eeeeeeeeee

318 1882 380 1913 ΞΥ.
404 1881 508 1912 Bona.
554 1881 623 1912 CH.
649 1880 764 1912 Hercle
779 1890 810 1912 ‘n-
822 1890 855 1921 p.
868 1890 900 1921 p.
947 1880 1105 1912 Probant
1121 1879 1213 1911 Peri.
1230 1879 1420 1910 Both.—-—16
1442 1877 1527 1908 Mss.
1545 1875 1594 1908 M.
1620 1875 1710 1915 Lips.
1736 1878 1771 1906 et

319 1924 419 1956 Bodl.
435 1925 512 1955 mihi
527 1924 561 1955 in
575 1927 719 1955 mentem.
756 1923 811 1955 Ita
827 1928 864 1954 et
880 1923 954 1955 ΕΡ.
983 1924 1083 1955 West.
1120 1922 1177 1953 Ita
1192 1926 1227 1953 et
1242 1923 1307 1953 Ms.
1325 1921 1364 1952 R.
1381 1930 1436 1961 ap.
1455 1919 1552 1951 Lind.
1567 1918 1649 1949 GM.
1667 1919 1770 1950 Er.-

320 1970 359 1999 17
385 1968 460 1999 Nec
478 1967 509 1998 N
514 1967 646 2007 annius,
662 1967 792 2007 legens,
811 1965 905 1998 Vah!
926 1967 1091 2005 havdolare,
1107 1965 1242 1997 evenisse
1256 1974 1296 1995 ex
1308 1963 1486 1995 sententia?
1524 1962 1553 1993 N
1559 1971 1597 1992 ec
1614 1961 1704 2001 Guy.
1719 1962 1772 1992 An

318 2010 485 2048 hariolare,
499 2010 632 2041 evenisse
643 2019 683 2040 ex
691 2009 845 2040 sententia
854 2008 870 2041 ἶ)
891 2010 972 2040 satis
982 2009 1063 2040 mihi
1073 2008 1267 2049 percepisse
1280 2012 1428 2039 mentem
1441 2004 1591 2036 Terentii
1607 2003 1774 2041 videntur,

319 2058 448 2094 praeter
463 2053 628 2084 Codicum
643 2051 744 2083 fidem
759 2052 804 2083 ita
822 2053 988 2093 legentes.
1033 2051 1127 2083 Nihil
1143 2051 1341 2082 mutandum
1358 2049 1504 2080 videtur.
1548 2047 1720 2078 Dacieriae
1735 2047 1774 2077 τὸ

317 2097 457 2135 gloriare
473 2097 575 2136 valet,
589 2094 673 2126 falso
687 2100 852 2126 autumas.
897 2095 975 2127 Quo
989 2104 1088 2126 sensu
1101 2104 1219 2134 parum
1232 2093 1404 2124 cohaerent
1417 2101 1470 2131 ea,
1485 2101 1561 2133 quae
1575 2093 1773 2131 sequuntur.

320 2140 406 2171 Mss.
423 2138 559 2180 quidam
572 2149 579 2169 z
604 2137 695 2169 Vah!
715 2138 866 2178 gloriare,
882 2137 961 2169 istuc
973 2138 1110 2169 evenisse
1125 2147 1165 2168 ex
1179 2135 1357 2169 sententia?
1373 2136 1481 2167 West.
1521 2134 1648 2165 Notam
1660 2134 1774 2164 excla-

320 2182 480 2213 mationis
495 2181 592 2222 ponit
604 2181 704 2212 Both.
715 2185 791 2221 post
803 2183 811 2198 ‘
822 2185 940 2212 senten
947 2180 1013 2220 tia,’
1024 2181 1071 2212 ita
1083 2184 1120 2211 ut
1132 2180 1164 2210 in
1174 2179 1253 2210 Hel.
1275 2180 1285 2197 ‘
1296 2179 1376 2210 Par.
1389 2178 1473 2209 Mss.
1490 2175 1665 2208 hariolum?
1682 2176 1773 2207 Perl.

319 2228 405 2256 —18
422 2225 523 2255 Both.
540 2224 685 2254 Nondum
697 2224 811 2255 hercle.
846 2223 964 2255 Guelf.
979 2227 1008 2255 1.
1024 2224 1125 2264 Syrus
1140 2228 1216 2263 post
1229 2223 1424 2253 hercle—21
1447 2218 1645 2260 Legendum
1659 2224 1775 2250 monet

323 2268 426 2299 Bent.
451 2267 492 2298 Sc
508 2277 575 2298 eam
591 2266 782 2306 traduxisse,
801 2266 970 2307 probante
996 2266 1090 2297 Peri.
1116 2266 1258 2297 Bothius
1284 2275 1320 2296 ea
1334 2274 1366 2295 se
1377 2263 1487 2304 gralia
1504 2263 1586 2293 Eam
1599 2261 1777 2293 adduxisse.

322 2310 331 2327 ‘
348 2311 515 2341 Priscian.
528 2310 588 2340 lib.
608 2319 686 2340 vm.
700 2310 964 2350 prcesentz’sceres:
985 2310 1158 2341 mendose.
1183 2310 1228 2339 Et
1238 2307 1472 2348 persentisceres
1481 2315 1553 2337 esse
1568 2306 1601 2335 in
1615 2305 1698 2336 Mss.
1709 2309 1775 2335 tes-

323 2357 418 2384 tatur
442 2354 478 2384 F.
503 2352 549 2383 F!
578 2353 766 2384 West.—22
791 2352 828 2383 Si
841 2353 937 2392 scias]
961 2353 1068 2384 Boecl.
1087 2353 1136 2383 M.
1154 2351 1252 2382 Bodl.
1269 2350 1390 2381 Boend.
1408 2349 1453 2381 G.
1469 2348 1514 2379 sic
1533 2347 1623 2379 salis.
1669 2347 1725 2378 Ita
1739 2353 1775 2378 et

323 2396 445 2437 Calph.
459 2401 493 2427 et
511 2395 581 2426 131².
599 2405 675 2426 cum
693 2395 765 2427 EA.
781 2395 880 2427 Junt.
896 2396 965 2427 ΕΤ.
983 2396 1064 2427 ΕΜ.
1093 2396 1187 2425 West.
1225 2395 1233 2411 ‘
1250 2395 1302 2425 Ex
1320 2394 1417 2424 Bem.
1434 2396 1470 2422 et
1486 2391 1530 2422 V.
1563 2391 1624 2422 Fa.
1641 2389 1736 2420 dedit
1748 2391 1775 2421 εἰ

322 2440 421 2470 scias:
438 2439 560 2470 nollem
575 2437 705 2469 factum
722 2449 729 2469 :
747 2438 782 2469 id
792 2438 880 2469 enim
892 2438 1067 2470 habuimus
1081 2448 1128 2469 vs,
1142 2441 1194 2469 16.
1221 2437 1337 2469 Nostri
1352 2445 1465 2467 omnes
1477 2435 1522 2465 sic
1533 2433 1622 2464 satis.
1640 2431 1776 2464 Recte!

323 2483 421 2513 Bent.
444 2482 501 2513 Ita
511 2485 546 2512 et
559 2481 654 2513 Perl.
666 2481 766 2512 Both.
779 2482 861 2520 legit
874 2481 973 2512 Immo
983 2482 1048 2518 sic;
1062 2481 1151 2511 satis.
1184 2481 1242 2511 ΒΓ.
1260 2480 1290 2511 I.
1306 2479 1350 2510 sic
1364 2479 1440 2510 satis
1452 2480 1548 2508 ?—-23
1567 2477 1645 2507 Non
1658 2479 1709 2506 est
1720 2476 1775 2506 hic

326 2525 488 2556 insititius
502 2533 630 2562 versus,
641 2523 730 2565 quod
745 2523 965 2555 existimabat
978 2524 1070 2564 Gny.
1091 2524 1190 2556 lVest.
1217 2525 1226 2539 ⁶
1245 2522 1328 2554 Cod.
1347 2525 1416 2552 vet.
1431 2518 1777 2559 Lindenbrogii,quod

324 2577 415 2607 saper
432 2568 463 2606 f.
480 2571 536 2598 est.
578 2566 722 2606 Repone
737 2567 810 2606 quid
833 2577 858 2598 s.
872 2568 904 2605 f.
921 2571 977 2598 est.
1005 2568 1161 2600 Quatuor
1177 2575 1219 2597 ex
1236 2565 1363 2597 nostris
1379 2565 1452 2604 quid
1468 2572 1532 2593 non
1548 2561 1651 2602 quod)
1676 2561 1777 2592 Bent.

324 2611 424 2642 fl’ar.
436 2621 468 2650 p.
483 2620 552 2641 var.
567 2610 663 2648 quid?
680 2610 773 2640 Peri.
797 2610 992 2641 Lectionern
1006 2611 1107 2641 Bent.
1122 2609 1180 2640 dat
1193 2609 1435 2640 nonnus—24
1452 2607 1531 2637 Duo
1542 2605 1662 2644 optimi
1676 2603 1778 2634 Faer-

326 2653 431 2691 niani,
444 2654 540 2683 Bem.
556 2653 596 2681 V.
610 2653 706 2689 dici&
720 2657 755 2683 et
771 2652 818 2683 siu
834 2662 876 2683 ex
895 2653 1010 2694 Regiis
1021 2663 1118 2684 unns.
1143 2652 1207 2683 Sed
1222 2651 1301 2693 quid
1312 2659 1426 2692 quaeso
1442 2648 1507 2680 sibi
1522 2649 1594 2678 vult
1610 2646 1683 2678 Sese
1693 2646 1780 2686 ipse?

326 2696 491 2726 Putidum
508 2696 572 2726 hoc
589 2700 622 2725 et
637 2695 812 2726 insulsum.
858 2696 942 2728 Quis
959 2696 1046 2726 enim
1065 2696 1148 2727 alins
1169 2695 1233 2725 hoc
1249 2693 1402 2725 diceret?
1427 2692 1568 2732 Repone
1583 2700 1591 2721 :
1615 2690 1656 2721 Sc
1670 2690 1780 2720 deinde

326 2740 403 2768 dicit
421 2742 444 2769 t.
463 2739 533 2774 v.f.
559 2739 660 2770 nent.
706 2738 796 2768 Dz'clt
813 2738 979 2778 Bip.-2c
1005 2739 1101 2769 Bodl.
1119 2738 1238 2769 Iloend.
1256 2737 1346 2777 Lips.
1360 2735 1437 2767 cod.
1462 2733 1510 2766 ΙΙ.
1523 2743 1555 2764 se
1569 2741 1690 2773 cupere.
1722 2731 1779 2763 Ita

328 2789 360 2811 ct
382 2782 450 2811 ΕΙ).
473 2780 545 2812 ΕΛ.
563 2782 659 2813 dunt.
704 2781 852 2820 Modone]
878 2781 941 2812 Ms.
959 2781 1057 2812 nodi.
1096 2782 1190 2811 Modo
1207 2790 1285 2820 qam,
1303 2779 1398 2810 etita
1416 2776 1490 2809 ΕΑ.
1528 2775 1623 2815 Eam]
1648 2775 1698 2806 M.
1719 2775 1778 2805 Ea.

329 2825 436 2856 Wesr.
483 2826 491 2842 ‘
513 2824 604 2855 Ilcmc
619 2834 649 2854 se
670 2834 778 2863 capere
799 2825 1038 2864 uxorent‚⁷nmlo
1061 2836 1126 2865 qao:
1151 2822 1337 2855 luventa’st?
1368 2822 1427 2853 ΞΥ.
1451 2818 1532 2859 eam]
1557 2817 1781 2851 Numeroslor
