1966 3302
540 206 766 239 nusucm
800 207 908 237 Aer.
944 206 988 238 v.
1022 206 1089 236 se.
1123 206 1228 237 vm.
1522 195 1606 236 595

513 367 717 410 ACTUS
753 367 807 407 V.
868 366 1077 408 SCENA
1108 364 1247 407 VIII.

634 473 852 513 GNA'rHo.
913 481 1128 511 THRAso.

156 551 250 595 GN·
281 550 419 602 QUID
440 552 589 591 nunc?
636 564 723 604 qua
759 564 851 604 spe,
886 554 963 591 aut
993 563 1081 603 quo
1112 549 1314 599 consilio,
1346 548 1430 589 huc
1460 548 1573 589 imus
1591 551 1608 589 ’.Ι

328 617 434 672 quid
455 619 671 671 inceptas,
692 617 896 658 Thraso?

156 687 248 728 ΤΗ.
279 686 463 739 Egone?
494 690 541 727 ut
560 685 723 726 Thaidi
743 698 814 726 me
834 684 1006 734 dedam,
1039 691 1085 726 et
1105 683 1271 725 faciam
1304 684 1427 737 quod
1442 684 1612 738 jubeat.

329 754 424 796 GN.
456 754 578 805 Quid
600 755 696 795 est?

154 822 248 864 ΤΗ.
282 820 374 872 Qui
395 822 558 871 minus,
580 834 712 875 quam
736 820 959 862 Hercules
980 820 1161 861 servivit
1185 819 1420 873 Omphalae
1438 822 1456 860 ¹!
1519 820 1611 861 GN.

328 890 596 944 Exemplum
615 889 775 942 placet.

202 1035 275 1067 GN.
306 1037 371 1067 Cur
386 1036 523 1067 venimus
547 1036 617 1074 huc,
643 1045 723 1066 nunc
747 1045 816 1066 cum
835 1035 930 1066 Thais
951 1033 1009 1064 tibi
1032 1034 1115 1064 irata
1139 1031 1211 1064 est?
1235 1043 1301 1072 qnoe
1317 1032 1361 1062 ibi
1375 1042 1443 1071 spes
1458 1035 1514 1069 est,
1539 1032 1617 1071 quod

158 1080 318 1110 consilium
347 1081 383 1110 ut
411 1079 591 1110 veniamus?
627 1078 717 1113 Quod
742 1082 870 1119 coeptum
894 1081 981 1108 {uum
1007 1080 1064 1115 esc,
1090 1076 1229 1107 Thraso?
1273 1076 1341 1105 ΤΗ.
1371 1075 1414 1105 Ut
1434 1075 1546 1105 Thaidi
1572 1084 1618 1104 me

158 1122 268 1152 dedam
281 1122 392 1159 victus,
408 1122 564 1160 etfaciam
579 1131 773 1161 quoecumque
787 1121 961 1160 imperabit.
1006 1121 1074 1151 GN.
1095 1119 1179 1154 Quid
1188 1116 1259 1149 est?
1303 1119 1374 1148 ΤΗ.
1399 1119 1503 1153 Quare
1519 1117 1620 1147 miuus

159 1165 293 1196 serviam
312 1164 434 1205 Thaidi,
449 1175 539 1205 quam
556 1165 710 1195 Hercules
732 1164 865 1195 servivit
884 1161 1059 1205 Omphale?
1105 1162 1178 1193 GN.
1204 1162 1389 1202 Exemplum
1403 1161 1480 1191 mihi
1492 1164 1618 1201 gratum

776 1272 793 1282 e
796 1271 1007 1282 “emm“

206 1353 223 1381 1
249 1350 316 1382 Ms.
336 1350 428 1391 Lips.
443 1361 504 1391 qua
517 1361 569 1391 spe
583 1351 641 1381 huc
657 1350 761 1381 imus?
783 1352 837 1380 aut
853 1358 910 1388 quo
926 1345 1074 1379 consilio?
1098 1347 1166 1378 Ms.
1182 1346 1275 1386 Lips.
1292 1349 1327 1376 et
1344 1344 1389 1376 G.
1406 1344 1480 1384 quid
1494 1341 1620 1384 ceptus?

161 1394 272 1426 W’est.
317 1393 402 1429 Quid
416 1394 511 1434 nunc]
538 1394 617 1425 Par.
635 1392 803 1431 Msfucis.
851 1391 950 1424 Quod
975 1392 1141 1431 glossema
1157 1399 1279 1421 censeo
1296 1397 1381 1419 esse.
1408 1387 1496 1418 Perl.
1542 1387 1620 1426 Cep-

163 1440 224 1474 tas,
237 1437 259 1468 i.
275 1445 305 1468 e.
319 1440 435 1478 coeptas
449 1437 492 1475 B,
510 1437 550 1477 C,
567 1437 647 1467 Hel.
664 1445 707 1466 ne
735 1436 777 1466 de
802 1444 863 1465 suo
890 1433 1024 1465 dedisse
1052 1433 1085 1464 id
1114 1433 1306 1463 Bentleium
1333 1430 1406 1472 quis
1433 1429 1619 1460 existimet.

162 1479 264 1520 Vulg.
278 1480 366 1510 male
388 1480 537 1520 inceptas.
561 1480 664 1510 Both.
700 1480 825 1518 Coeptas
841 1482 876 1508 et
903 1478 1037 1508 Bia—2.
1060 1479 1078 1506 3
1109 1476 1193 1512 Quid
1216 1478 1284 1505 est?
1319 1475 1390 1504 ΤΗ.
1416 1473 1479 1508 Qui
1509 1473 1624 1512 minus,

161 1532 254 1562 qnam
272 1522 423 1554 Hercules
436 1523 565 1554 servii-it
585 1521 762 1562 Omplialoe]
786 1519 912 1552 Omnia
928 1520 1001 1550 haec
1025 1519 1067 1550 G.
1087 1519 1123 1549 F.
1143 1519 1246 1549 vellet
1269 1517 1364 1548 (licta
1383 1527 1403 1546 a
1427 1516 1623 1547 Gnathone.

163 1565 240 1604 Ego
254 1574 347 1604 vero,
374 1566 401 1596 si
420 1575 481 1606 per
499 1564 607 1597 Codd.
627 1566 757 1604 liceret,
782 1563 893 1594 omnia
921 1572 984 1594 nec
1008 1562 1173 1593 Thrasoni
1201 1560 1432 1600 ascripserim,
1447 1568 1510 1589 nec
1529 1559 1622 1590 Gna-

165 1608 284 1646 thoni;
310 1608 369 1638 sed
386 1614 515 1649 putem,
530 1608 683 1639 ordinem
700 1616 923 1648 personarum
952 1615 1025 1636 esse
1043 1604 1214 1635 turbatum
1230 1615 1238 1643 3
1261 1604 1549 1642 Thrasonemque‚
1566 1601 1623 1632 ubi

165 1651 319 1690 dixisset,
332 1652 341 1667 ‘
353 1657 390 1682 ut
404 1651 466 1682 Th.
484 1661 536 1681 uie
553 1651 585 1681 d.
602 1656 635 1682 et
646 1650 669 1682 f.
680 1661 712 1691 q.
724 1649 766 1690 j.’
783 1650 955 1680 videntem
969 1648 1163 1679 Gnathonis
1178 1646 1376 1678 admirantis
1390 1646 1534 1683 vultum,
1545 1654 1623 1675 mox

165 1694 393 1734 subjunxisse,
410 1695 419 1711 ‘
434 1694 523 1726 Quid
536 1699 586 1725 est
599 1693 621 1724 ?’
644 1702 790 1734 moxque
809 1691 1038 1730 Gnathonem,
1056 1700 1097 1721 ne
1115 1700 1180 1721 non
1196 1690 1393 1720 adularetur
1409 1688 1440 1718 in
1456 1697 1493 1718 re
1510 1697 1624 1727 quam-

163 1737 250 1768 libet
265 1737 371 1777 turpi,
387 1737 536 1768 dixisse:
574 1738 582 1753 ‘
600 1737 666 1769 Qui
682 1737 803 1775 minus,
819 1745 852 1776 q.
880 1735 924 1766 H.
941 1744 967 1765 S.
993 1734 1173 1774 Omphalae
1185 1733 1206 1764 ?’
1242 1733 1378 1763 demum
1404 1732 1623 1769 Thrasonem,

163 1781 173 1796 ⁸
191 1780 394 1820 Exemplum
412 1779 551 1820 placet.’
586 1779 639 1810 Ad
658 1790 733 1820 quae
759 1778 896 1810 Gnatho
922 1787 1105 1807 conversus
1133 1776 1174 1806 ad
1202 1781 1431 1815 spectat01·eS‚
1456 1775 1464 1791 ‘
1483 1774 1623 1805 Utinam

165 1822 226 1853 tibi
243 1833 272 1854 e.
288 1832 319 1853 v.
331 1833 359 1853 s.
374 1830 476 1862 caput
493 1822 512 1854 !’
536 1823 622 1854 Quae
639 1826 840 1862 sequuntur,
867 1820 995 1860 optime
1015 1820 1212 1850 tribuuntur
1229 1818 1403 1849 Thrasoni.
1448 1816 1531 1855 Alii,
1560 1816 1625 1851 Qui

165 1865 266 1896 minus
280 1865 362 1898 huic.
384 1866 494 1897 West.
542 1866 627 1901 Quid
643 1866 703 1906 est]
725 1865 855 1900 Malim,
871 1863 956 1900 Quid
967 1863 1037 1893 ais?
1061 1863 1149 1894 Nam
1165 1867 1215 1892 est
1229 1861 1438 1892 admirantis.
1483 1860 1544 1891 Ais
1557 1869 1626 1890 mo-

165 1908 425 1948 nosyllabon,ut
442 1909 577 1949 passim.
593 1909 690 1939 Bent.
713 1908 874 1938 Rem-est
892 1916 954 1947 pro
970 1915 1030 1937 sua
1047 1905 1185 1936 licentia
1196 1904 1355 1935 emisitac
1373 1903 1550 1934 substituit
1564 1903 1625 1941 ais,

165 1955 205 1982 ut
221 1952 501 1991 monosyllabum.
539 1951 604 1982 Sed
624 1951 709 1987 Quid
723 1954 769 1981 est
782 1949 1027 1981 Thrasonicum
1045 1948 1142 1979 nobis
1160 1947 1305 1978 videtur.
1346 1948 1548 1986 Quanquam
1562 1954 1625 1985 ego

166 1993 201 2025 in
218 1993 334 2026 Guelf.
365 1997 392 2025 1.
416 1994 531 2025 inveni
555 1994 640 2030 Quid
661 1993 760 2025 dicis?
795 1993 896 2025 Quod
924 1991 1025 2032 Angli
1053 2001 1134 2022 sane
1160 1991 1348 2030 attingeret
1379 1990 1625 2029 conjecturam.

167 2037 231 2073 Qui
246 2038 366 2068 minus:
391 2038 468 2068 Par.
484 2047 517 2078 p.
541 2047 608 2068 var.
626 2037 711 2073 Quid
727 2047 767 2068 m.
811 2037 933 2066 Totum
951 2035 1079 2065 mavult
1103 2034 1145 2065 G.
1164 2035 1199 2065 F.
1216 2033 1284 2064 dici
1301 2043 1319 2062 a
1336 2032 1531 2063 Gnathone.
1577 2031 1627 2062 At

166 2089 229 2119 ego
243 2080 405 2111 Thrasoni
424 2080 549 2114 tribuo,
567 2080 694 2120 quippe
711 2079 781 2120 qui,
798 2079 846 2109 uti
873 2087 975 2118 supra
1001 2077 1146 2117 Pyrrho,
1162 2077 1217 2107 hic
1236 2076 1376 2106 Herculi
1403 2077 1474 2115 ipse
1493 2085 1528 2105 se
1546 2084 1625 2105 con-

167 2121 248 2154 fert.
272 2123 359 2154 Perl.
404 2123 507 2161 Vulg.
520 2122 557 2153 τὸ
575 2123 660 2157 Quid
675 2125 741 2154 est?
763 2121 857 2162 qnasi
870 2121 1009 2151 miranti
1024 2120 1199 2150 Gnathoni
1217 2119 1381 2150 tribuunt.
1415 2118 1483 2148 Sed
1500 2118 1627 2148 rectius

167 2166 219 2197 sic
234 2166 423 2206 quaesisset‚
455 2165 538 2201 Quid
562 2163 638 2196 ais?
670 2164 759 2205 quod
788 2165 889 2195 Bent.
918 2173 978 2203 pro
1008 2162 1117 2194 lubitu
1142 2162 1332 2202 rescripsit.
1377 2161 1516 2191 Rectius
1546 2170 1624 2191 vero

167 2208 395 2239 Westerhovii
421 2208 623 2238 sententiam
653 2207 906 2247 amplectimur,
934 2216 998 2246 qua
1027 2206 1066 2245 is,
1093 2214 1240 2245 persona
1265 2204 1458 2236 Gnathonis
1490 2204 1623 2241 omissa,

167 2251 330 2282 Thrasoni
346 2256 382 2282 et
398 2252 470 2282 haec
494 2260 569 2281 cum
586 2260 680 2291 seqq.
700 2249 833 2281 tribuit.
875 2248 1042 2280 Miramur
1067 2248 1111 2279 G.
1130 2248 1167 2279 F.
1184 2249 1258 2279 haec
1274 2247 1385 2278 omnia
1401 2247 1485 2281 Quid
1500 2250 1546 2276 est
1565 2269 1572 2277 .
1593 2268 1600 2275 .
1619 2267 1626 2274 .

169 2294 331 2334 Omphulae
345 2295 440 2325 dicta
456 2293 600 2324 voluisse
617 2303 636 2324 a
652 2293 849 2332 Gnathone,
875 2291 1042 2333 quomodo
1065 2296 1102 2322 et
1126 2290 1182 2322 ed.
1212 2300 1331 2321 recusa
1350 2292 1446 2320 1580.
1465 2289 1508 2319 ad
1525 2288 1627 2319 ratio-

169 2347 246 2369 nem
260 2337 470 2368 Melanchth.
490 2341 524 2368 et
546 2336 678 2367 Erasmi
694 2335 805 2367 habet.
850 2336 896 2366 Et
914 2334 1023 2374 iidem
1041 2334 1192 2365 tribuunt
1208 2334 1314 2364 verba
1337 2332 1346 2349 ‘
1366 2333 1428 2363 Ex.
1446 2332 1501 2373 pl:
1526 2332 1631 2363 Thra·

165 2381 263 2418 soni3
285 2380 374 2420 quod
390 2380 554 2419 ineptum.
598 2379 685 2410 Sunt
709 2378 813 2410 verba
836 2378 1006 2409 adulantis
1033 2377 1065 2407 iu
1093 2386 1129 2408 os
1157 2376 1276 2414 stulti;
1312 2375 1371 2405 sed
1389 2374 1480 2406 idem
1497 2374 1565 2406 Gn.
1583 2374 1626 2404 ad

168 2428 381 2463 spectatores
398 2432 581 2454 conversus
597 2427 632 2453 et
650 2422 871 2453 summissiori
899 2430 984 2451 voce
1010 2419 1203 2459 exemplum
1221 2419 1263 2450 ad
1293 2418 1480 2449 irrisionem
1503 2417 1625 2448 Militis

169 2466 365 2506 exequitur,
381 2467 390 2482 ‘
407 2465 567 2504 Utinam,’
582 2467 647 2496 ἅτε.
670 2465 749 2505 Βὶρ.
797 2464 861 2500 Qui
882 2464 985 2494 minus
1011 2463 1081 2494 huic
1099 2463 1226 2502 Delph.
1243 2462 1320 2501 Bip.
1367 2462 1489 2492 Dedam
1512 2460 1629 2491 Thaidi

170 2519 218 2540 me
233 2508 335 2540 Both.
355 2508 508 2549 Omphale
524 2510 610 2549 Eug.
628 2508 737 2540 Notat
754 2508 849 2539 Perl.
867 2507 942 2548 quid
958 2516 1018 2548 pro
1035 2507 1113 2547 quod
1129 2516 1203 2536 esse
1221 2506 1255 2536 in
1274 2504 1392 2536 Guelf.
1408 2507 1439 2535 2.
1456 2503 1522 2534 nisi
1548 2504 1631 2534 velit

826 2603 969 2635 NOTAE

211 2678 231 2706 3
257 2677 357 2711 Quam
372 2675 525 2706 Hercules
544 2675 674 2706 servivit
691 2673 868 2715 Omphalae]
924 2672 974 2703 nis
991 2672 1162 2711 exuvium,
1176 2673 1386 2712 clavamque,
1403 2675 1438 2701 et
1455 2679 1546 2700 arma
1563 2668 1629 2710 ipsi

170 2724 355 2766 Omphales
371 2725 487 2764 Lydiae
505 2725 643 2765 Reginae
661 2735 774 2756 amore
790 2734 868 2765 cap·
924 2723 1090 2764 gestanda
1113 2722 1340 2754 concederet:
1366 2722 1438 2761 ipse
1461 2730 1539 2751 vero
1559 2730 1627 2750 {nu-

170 2779 222 2806 tus
250 2775 420 2806 Hercules
445 2784 484 2805 eo
508 2784 544 2805 se
567 2775 716 2815 demisit,
735 2780 771 2806 ut
805 2775 871 2806 leo·
925 2774 1021 2806 liebri
1038 2773 1155 2805 habitu
1173 2774 1259 2805 inter
1275 2772 1424 2813 virgines
1439 2777 1547 2803 neret.
