<?xml version="1.0" encoding="UTF-8"?>
<!DOCTYPE html PUBLIC "-//W3C//DTD XHTML 1.0 Transitional//EN"
    "http://www.w3.org/TR/xhtml1/DTD/xhtml1-transitional.dtd">
<html xmlns="http://www.w3.org/1999/xhtml" xml:lang="en" lang="en">
 <head>
  <title>
</title>
<meta http-equiv="Content-Type" content="text/html;charset=utf-8" />
  <meta name='ocr-system' content='tesseract 3.04.00' />
  <meta name='ocr-capabilities' content='ocr_page ocr_carea ocr_par ocr_line ocrx_word'/>
</head>
<body>
  <div class='ocr_page' id='page_1' title='image "./pubterentiiafric02tereuoft_0319.png"; bbox 0 0 1966 3302; ppageno 0'>
   <div class='ocr_carea' id='block_1_1' title="bbox 642 202 1659 241">
    <p class='ocr_par' dir='ltr' id='par_1_1' title="bbox 642 202 1659 241">
     <span class='ocr_line' id='line_1_1' title="bbox 642 202 1659 241; baseline -0.002 -1"><span class='ocrx_word' id='word_1_1' title='bbox 642 212 854 241; x_wconf 56' lang='lat' dir='ltr'>niacYRAE</span> <span class='ocrx_word' id='word_1_2' title='bbox 888 211 996 240; x_wconf 77' lang='lat' dir='ltr'>Ac&#39;r.</span> <span class='ocrx_word' id='word_1_3' title='bbox 1031 211 1060 241; x_wconf 83' lang='lat'>1.</span> <span class='ocrx_word' id='word_1_4' title='bbox 1093 210 1160 239; x_wconf 80' lang='lat' dir='ltr'>sc.</span> <span class='ocrx_word' id='word_1_5' title='bbox 1194 210 1245 240; x_wconf 88' lang='lat'>11.</span> <span class='ocrx_word' id='word_1_6' title='bbox 1576 202 1659 241; x_wconf 50' lang='lat'>⁵09</span> 
     </span>
    </p>
   </div>
   <div class='ocr_carea' id='block_1_2' title="bbox 171 306 1662 1441">
    <p class='ocr_par' dir='ltr' id='par_1_2' title="bbox 214 306 1354 361">
     <span class='ocr_line' id='line_1_2' title="bbox 214 306 1354 361; baseline -0.003 -11"><span class='ocrx_word' id='word_1_7' title='bbox 214 309 445 350; x_wconf 85' lang='lat' dir='ltr'>Biennium</span> <span class='ocrx_word' id='word_1_8' title='bbox 468 307 528 348; x_wconf 92' lang='lat' dir='ltr'>ibi</span> <span class='ocrx_word' id='word_1_9' title='bbox 552 312 809 361; x_wconf 85' lang='lat' dir='ltr'>perpetuum</span> <span class='ocrx_word' id='word_1_10' title='bbox 832 308 990 348; x_wconf 81' lang='lat' dir='ltr'>misera</span> <span class='ocrx_word' id='word_1_11' title='bbox 1010 307 1130 348; x_wconf 90' lang='lat' dir='ltr'>illum</span> <span class='ocrx_word' id='word_1_12' title='bbox 1153 306 1250 347; x_wconf 88' lang='lat' dir='ltr'>tuli.</span> <span class='ocrx_word' id='word_1_13' title='bbox 1322 332 1354 338; x_wconf 59' lang='lat'>«-</span> 
     </span>
    </p>

    <p class='ocr_par' dir='ltr' id='par_1_3' title="bbox 214 372 1429 430">
     <span class='ocr_line' id='line_1_3' title="bbox 214 372 1429 430; baseline -0.005 -12"><span class='ocrx_word' id='word_1_14' title='bbox 214 377 284 418; x_wconf 71' lang='grc' dir='ltr'>ΡΛ</span> <span class='ocrx_word' id='word_1_15' title='bbox 294 388 338 417; x_wconf 83' lang='lat' dir='ltr'>R.</span> <span class='ocrx_word' id='word_1_16' title='bbox 373 375 562 430; x_wconf 88' lang='lat' dir='ltr'>AEdepol</span> <span class='ocrx_word' id='word_1_17' title='bbox 584 379 624 416; x_wconf 90' lang='lat' dir='ltr'>te</span> <span class='ocrx_word' id='word_1_18' title='bbox 646 375 912 416; x_wconf 87' lang='lat' dir='ltr'>desiderium</span> <span class='ocrx_word' id='word_1_19' title='bbox 933 373 1204 416; x_wconf 85' lang='lat' dir='ltr'><strong>Athenarum</strong></span> <span class='ocrx_word' id='word_1_20' title='bbox 1225 372 1429 421; x_wconf 74' lang='lat' dir='ltr'>arbitror,</span> 
     </span>
    </p>

    <p class='ocr_par' dir='ltr' id='par_1_4' title="bbox 214 444 1090 496">
     <span class='ocr_line' id='line_1_4' title="bbox 214 444 1090 496; baseline -0.003 -11"><span class='ocrx_word' id='word_1_21' title='bbox 214 445 469 493; x_wconf 77' lang='lat' dir='ltr'>Philotium,</span> <span class='ocrx_word' id='word_1_22' title='bbox 493 444 668 496; x_wconf 80' lang='lat' dir='ltr'>cepisse</span> <span class='ocrx_word' id='word_1_23' title='bbox 690 456 824 496; x_wconf 82' lang='lat' dir='ltr'>saepe,</span> <span class='ocrx_word' id='word_1_24' title='bbox 846 446 888 482; x_wconf 87' lang='lat' dir='ltr'>et</span> <span class='ocrx_word' id='word_1_25' title='bbox 909 446 950 482; x_wconf 90' lang='lat' dir='ltr'>te</span> <span class='ocrx_word' id='word_1_26' title='bbox 972 446 1090 482; x_wconf 88' lang='lat' dir='ltr'>tuum</span> 
     </span>
    </p>

    <p class='ocr_par' dir='ltr' id='par_1_5' title="bbox 215 510 1659 563">
     <span class='ocr_line' id='line_1_5' title="bbox 215 510 1659 563; baseline -0.001 -11"><span class='ocrx_word' id='word_1_27' title='bbox 215 511 457 552; x_wconf 85' lang='lat' dir='ltr'>Consilium</span> <span class='ocrx_word' id='word_1_28' title='bbox 479 512 778 551; x_wconf 83' lang='lat' dir='ltr'>contemsisse.</span> <span class='ocrx_word' id='word_1_29' title='bbox 838 511 984 551; x_wconf 79' lang='lat' dir='ltr'>PHu..</span> <span class='ocrx_word' id='word_1_30' title='bbox 1018 510 1118 550; x_wconf 84' lang='lat' dir='ltr'>Non</span> <span class='ocrx_word' id='word_1_31' title='bbox 1138 510 1225 550; x_wconf 90' lang='lat' dir='ltr'>dici</span> <span class='ocrx_word' id='word_1_32' title='bbox 1247 515 1409 563; x_wconf 85' lang='lat' dir='ltr'>potest,</span> <span class='ocrx_word' id='word_1_33' title='bbox 1604 510 1659 550; x_wconf 77' lang='lat'>15</span> 
     </span>
    </p>

    <p class='ocr_par' dir='ltr' id='par_1_6' title="bbox 214 578 1459 632">
     <span class='ocr_line' id='line_1_6' title="bbox 214 578 1459 632; baseline -0.002 -12"><span class='ocrx_word' id='word_1_34' title='bbox 214 578 359 629; x_wconf 86' lang='lat' dir='ltr'>Quam</span> <span class='ocrx_word' id='word_1_35' title='bbox 381 578 540 632; x_wconf 87' lang='lat' dir='ltr'>cupida</span> <span class='ocrx_word' id='word_1_36' title='bbox 561 591 678 619; x_wconf 89' lang='lat' dir='ltr'>eram</span> <span class='ocrx_word' id='word_1_37' title='bbox 699 578 784 619; x_wconf 93' lang='lat' dir='ltr'>huc</span> <span class='ocrx_word' id='word_1_38' title='bbox 805 578 1028 627; x_wconf 89' lang='lat' dir='ltr'>redeundi,</span> <span class='ocrx_word' id='word_1_39' title='bbox 1052 578 1237 619; x_wconf 86' lang='lat' dir='ltr'>abeundi</span> <span class='ocrx_word' id='word_1_40' title='bbox 1259 592 1286 619; x_wconf 85' lang='lat' dir='ltr'>a</span> <span class='ocrx_word' id='word_1_41' title='bbox 1305 578 1459 626; x_wconf 84' lang='lat' dir='ltr'>milite,</span> 
     </span>
    </p>

    <p class='ocr_par' dir='ltr' id='par_1_7' title="bbox 213 644 1322 700">
     <span class='ocr_line' id='line_1_7' title="bbox 213 644 1322 700; baseline -0.001 -13"><span class='ocrx_word' id='word_1_42' title='bbox 213 646 401 700; x_wconf 89' lang='lat' dir='ltr'>Vosque</span> <span class='ocrx_word' id='word_1_43' title='bbox 423 646 494 687; x_wconf 91' lang='lat' dir='ltr'>hic</span> <span class='ocrx_word' id='word_1_44' title='bbox 515 644 714 695; x_wconf 88' lang='lat' dir='ltr'>videndi,</span> <span class='ocrx_word' id='word_1_45' title='bbox 737 647 922 699; x_wconf 87' lang='lat' dir='ltr'>antiqua</span> <span class='ocrx_word' id='word_1_46' title='bbox 942 649 987 686; x_wconf 86' lang='lat' dir='ltr'>ut</span> <span class='ocrx_word' id='word_1_47' title='bbox 1009 646 1322 686; x_wconf 85' lang='lat' dir='ltr'>consuetudine</span> 
     </span>
    </p>

    <p class='ocr_par' dir='ltr' id='par_1_8' title="bbox 211 713 1120 766">
     <span class='ocr_line' id='line_1_8' title="bbox 211 713 1120 766; baseline 0 -12"><span class='ocrx_word' id='word_1_48' title='bbox 211 713 434 766; x_wconf 82' lang='lat' dir='ltr'>Agitarem</span> <span class='ocrx_word' id='word_1_49' title='bbox 452 714 587 754; x_wconf 88' lang='lat' dir='ltr'>libere</span> <span class='ocrx_word' id='word_1_50' title='bbox 607 713 717 754; x_wconf 87' lang='lat' dir='ltr'>inter</span> <span class='ocrx_word' id='word_1_51' title='bbox 737 727 820 755; x_wconf 86' lang='lat' dir='ltr'>vos</span> <span class='ocrx_word' id='word_1_52' title='bbox 842 714 1120 766; x_wconf 85' lang='lat' dir='ltr'>convivium;</span> 
     </span>
    </p>

    <p class='ocr_par' dir='ltr' id='par_1_9' title="bbox 212 781 1299 835">
     <span class='ocr_line' id='line_1_9' title="bbox 212 781 1299 835; baseline 0 -14"><span class='ocrx_word' id='word_1_53' title='bbox 212 781 332 822; x_wconf 88' lang='lat' dir='ltr'>Nam</span> <span class='ocrx_word' id='word_1_54' title='bbox 351 781 444 821; x_wconf 92' lang='lat' dir='ltr'>illic</span> <span class='ocrx_word' id='word_1_55' title='bbox 465 781 583 821; x_wconf 87' lang='lat' dir='ltr'>haud</span> <span class='ocrx_word' id='word_1_56' title='bbox 604 781 786 831; x_wconf 83' lang='lat' dir='ltr'>licebat,</span> <span class='ocrx_word' id='word_1_57' title='bbox 809 781 895 821; x_wconf 91' lang='lat' dir='ltr'>nisi</span> <span class='ocrx_word' id='word_1_58' title='bbox 919 781 1155 834; x_wconf 88' lang='lat' dir='ltr'>praefinito,</span> <span class='ocrx_word' id='word_1_59' title='bbox 1176 781 1299 835; x_wconf 89' lang='lat' dir='ltr'>loqui</span> 
     </span>
    </p>

    <p class='ocr_par' dir='ltr' id='par_1_10' title="bbox 211 847 1661 903">
     <span class='ocr_line' id='line_1_10' title="bbox 211 847 1661 903; baseline 0.002 -15"><span class='ocrx_word' id='word_1_60' title='bbox 211 847 326 898; x_wconf 86' lang='lat' dir='ltr'>Quae</span> <span class='ocrx_word' id='word_1_61' title='bbox 345 849 410 889; x_wconf 94' lang='lat' dir='ltr'>illi</span> <span class='ocrx_word' id='word_1_62' title='bbox 430 849 668 902; x_wconf 85' lang='lat' dir='ltr'>placerent.</span> <span class='ocrx_word' id='word_1_63' title='bbox 728 848 852 890; x_wconf 81' lang='lat' dir='ltr'>PAR.</span> <span class='ocrx_word' id='word_1_64' title='bbox 885 849 1023 890; x_wconf 90' lang='lat' dir='ltr'>Haud</span> <span class='ocrx_word' id='word_1_65' title='bbox 1045 850 1215 903; x_wconf 87' lang='lat' dir='ltr'>opinor,</span> <span class='ocrx_word' id='word_1_66' title='bbox 1236 851 1466 891; x_wconf 82' lang='lat' dir='ltr'>commode</span> <span class='ocrx_word' id='word_1_67' title='bbox 1604 850 1661 891; x_wconf 66' lang='lat'>20</span> 
     </span>
    </p>

    <p class='ocr_par' dir='ltr' id='par_1_11' title="bbox 171 915 1023 957">
     <span class='ocr_line' id='line_1_11' title="bbox 171 915 1023 957; baseline -0.001 -1"><span class='ocrx_word' id='word_1_68' title='bbox 171 936 176 942; x_wconf 92' lang='lat'><strong>·</strong></span> <span class='ocrx_word' id='word_1_69' title='bbox 212 915 365 956; x_wconf 88' lang='lat' dir='ltr'>Finem</span> <span class='ocrx_word' id='word_1_70' title='bbox 388 917 595 957; x_wconf 83' lang='lat' dir='ltr'>statuisse</span> <span class='ocrx_word' id='word_1_71' title='bbox 617 916 807 957; x_wconf 85' lang='lat' dir='ltr'>orationi</span> <span class='ocrx_word' id='word_1_72' title='bbox 828 917 1023 957; x_wconf 89' lang='lat' dir='ltr'>militem.</span> 
     </span>
    </p>

    <p class='ocr_par' dir='ltr' id='par_1_12' title="bbox 211 982 1603 1037">
     <span class='ocr_line' id='line_1_12' title="bbox 211 982 1603 1037; baseline 0.001 -14"><span class='ocrx_word' id='word_1_73' title='bbox 211 982 360 1024; x_wconf 75' lang='lat' dir='ltr'>PHIL.</span> <span class='ocrx_word' id='word_1_74' title='bbox 393 983 481 1024; x_wconf 90' lang='lat' dir='ltr'>Sed</span> <span class='ocrx_word' id='word_1_75' title='bbox 504 983 610 1037; x_wconf 89' lang='lat' dir='ltr'>quid</span> <span class='ocrx_word' id='word_1_76' title='bbox 631 983 715 1024; x_wconf 88' lang='lat' dir='ltr'>hoc</span> <span class='ocrx_word' id='word_1_77' title='bbox 734 984 879 1036; x_wconf 79' lang='lat' dir='ltr'>negoti</span> <span class='ocrx_word' id='word_1_78' title='bbox 901 989 986 1033; x_wconf 90' lang='lat' dir='ltr'>est,</span> <span class='ocrx_word' id='word_1_79' title='bbox 1008 984 1141 1024; x_wconf 92' lang='lat' dir='ltr'>modo</span> <span class='ocrx_word' id='word_1_80' title='bbox 1164 997 1263 1037; x_wconf 87' lang='lat' dir='ltr'>quae</span> <span class='ocrx_word' id='word_1_81' title='bbox 1285 985 1479 1024; x_wconf 74' lang='lat' dir='ltr'>narravit</span> <span class='ocrx_word' id='word_1_82' title='bbox 1498 985 1603 1025; x_wconf 75' lang='lat' dir='ltr'>milii</span> 
     </span>
    </p>

    <p class='ocr_par' dir='ltr' id='par_1_13' title="bbox 212 1050 1380 1105">
     <span class='ocr_line' id='line_1_13' title="bbox 212 1050 1380 1105; baseline 0.001 -14"><span class='ocrx_word' id='word_1_83' title='bbox 212 1050 304 1091; x_wconf 89' lang='lat' dir='ltr'>Hic</span> <span class='ocrx_word' id='word_1_84' title='bbox 325 1050 446 1091; x_wconf 88' lang='lat' dir='ltr'>intus</span> <span class='ocrx_word' id='word_1_85' title='bbox 470 1050 692 1092; x_wconf 71' lang='lat' dir='ltr'>Bacchis?</span> <span class='ocrx_word' id='word_1_86' title='bbox 723 1051 843 1103; x_wconf 88' lang='lat' dir='ltr'>quod</span> <span class='ocrx_word' id='word_1_87' title='bbox 865 1064 944 1104; x_wconf 86' lang='lat' dir='ltr'>ego</span> <span class='ocrx_word' id='word_1_88' title='bbox 964 1064 1188 1105; x_wconf 83' lang='lat' dir='ltr'>nunquam</span> <span class='ocrx_word' id='word_1_89' title='bbox 1212 1051 1380 1092; x_wconf 85' lang='lat' dir='ltr'>credidi</span> 
     </span>
    </p>

    <p class='ocr_par' dir='ltr' id='par_1_14' title="bbox 211 1117 1355 1172">
     <span class='ocr_line' id='line_1_14' title="bbox 211 1117 1355 1172; baseline 0.001 -14"><span class='ocrx_word' id='word_1_90' title='bbox 211 1117 345 1167; x_wconf 89' lang='lat' dir='ltr'>Fore,</span> <span class='ocrx_word' id='word_1_91' title='bbox 365 1123 414 1159; x_wconf 89' lang='lat' dir='ltr'>ut</span> <span class='ocrx_word' id='word_1_92' title='bbox 435 1118 520 1159; x_wconf 90' lang='lat' dir='ltr'>hac</span> <span class='ocrx_word' id='word_1_93' title='bbox 542 1118 615 1158; x_wconf 91' lang='lat' dir='ltr'>ille</span> <span class='ocrx_word' id='word_1_94' title='bbox 638 1119 741 1159; x_wconf 85' lang='lat' dir='ltr'>viva</span> <span class='ocrx_word' id='word_1_95' title='bbox 760 1124 913 1172; x_wconf 87' lang='lat' dir='ltr'>posset</span> <span class='ocrx_word' id='word_1_96' title='bbox 935 1121 1127 1160; x_wconf 84' lang='lat' dir='ltr'>animum</span> <span class='ocrx_word' id='word_1_97' title='bbox 1150 1119 1355 1159; x_wconf 82' lang='lat' dir='ltr'>inducere</span> 
     </span>
    </p>

    <p class='ocr_par' dir='ltr' id='par_1_15' title="bbox 212 1184 1662 1298">
     <span class='ocr_line' id='line_1_15' title="bbox 212 1184 1659 1239; baseline 0.003 -14"><span class='ocrx_word' id='word_1_98' title='bbox 212 1184 410 1225; x_wconf 86' lang='lat' dir='ltr'>Uxorem</span> <span class='ocrx_word' id='word_1_99' title='bbox 441 1185 618 1226; x_wconf 83' lang='lat' dir='ltr'>habere.</span> <span class='ocrx_word' id='word_1_100' title='bbox 680 1185 804 1226; x_wconf 77' lang='lat' dir='ltr'>PAR.</span> <span class='ocrx_word' id='word_1_101' title='bbox 838 1185 1017 1228; x_wconf 88' lang='lat' dir='ltr'>Habere</span> <span class='ocrx_word' id='word_1_102' title='bbox 1046 1192 1189 1228; x_wconf 85' lang='lat' dir='ltr'>autem</span> <span class='ocrx_word' id='word_1_103' title='bbox 1207 1188 1224 1227; x_wconf 56' lang='lat' dir='ltr'>s?</span> <span class='ocrx_word' id='word_1_104' title='bbox 1288 1187 1434 1228; x_wconf 71' lang='lat' dir='ltr'>PfflL.</span> <span class='ocrx_word' id='word_1_105' title='bbox 1470 1187 1565 1229; x_wconf 91' lang='lat' dir='ltr'>Eho</span> <span class='ocrx_word' id='word_1_106' title='bbox 1599 1194 1659 1239; x_wconf 89' lang='lat' dir='ltr'>tu,</span> 
     </span>
     <span class='ocr_line' id='line_1_16' title="bbox 380 1252 1662 1298; baseline 0.005 -6"><span class='ocrx_word' id='word_1_107' title='bbox 380 1265 435 1292; x_wconf 85' lang='lat' dir='ltr'>an</span> <span class='ocrx_word' id='word_1_108' title='bbox 455 1265 541 1293; x_wconf 89' lang='lat' dir='ltr'>non</span> <span class='ocrx_word' id='word_1_109' title='bbox 561 1252 730 1294; x_wconf 72' lang='lat' dir='ltr'>habet?</span> <span class='ocrx_word' id='word_1_110' title='bbox 1604 1259 1662 1298; x_wconf 74' lang='lat'>&#39;25</span> 
     </span>
    </p>

    <p class='ocr_par' dir='ltr' id='par_1_16' title="bbox 211 1318 1462 1378">
     <span class='ocr_line' id='line_1_17' title="bbox 211 1318 1462 1378; baseline 0.001 -17"><span class='ocrx_word' id='word_1_111' title='bbox 211 1318 335 1361; x_wconf 76' lang='lat' dir='ltr'>PAR.</span> <span class='ocrx_word' id='word_1_112' title='bbox 368 1318 547 1360; x_wconf 87' lang='lat' dir='ltr'>Habet:</span> <span class='ocrx_word' id='word_1_113' title='bbox 582 1320 662 1360; x_wconf 89' lang='lat' dir='ltr'>sed</span> <span class='ocrx_word' id='word_1_114' title='bbox 683 1320 819 1361; x_wconf 85' lang='lat' dir='ltr'>firmae</span> <span class='ocrx_word' id='word_1_115' title='bbox 839 1319 907 1361; x_wconf 87' lang='lat' dir='ltr'>hae</span> <span class='ocrx_word' id='word_1_116' title='bbox 930 1333 1085 1378; x_wconf 52' lang='lat' dir='ltr'>Vqlgeor</span> <span class='ocrx_word' id='word_1_117' title='bbox 1105 1324 1154 1362; x_wconf 92' lang='lat' dir='ltr'>ut</span> <span class='ocrx_word' id='word_1_118' title='bbox 1174 1322 1263 1362; x_wconf 83' lang='lat' dir='ltr'>sint</span> <span class='ocrx_word' id='word_1_119' title='bbox 1284 1322 1462 1375; x_wconf 74' lang='lat' dir='ltr'>nuptiae.</span> 
     </span>
    </p>

    <p class='ocr_par' dir='ltr' id='par_1_17' title="bbox 210 1373 1546 1441">
     <span class='ocr_line' id='line_1_18' title="bbox 210 1373 1546 1441; baseline 0.004 -16"><span class='ocrx_word' id='word_1_120' title='bbox 210 1385 355 1425; x_wconf 69' lang='lat' dir='ltr'>Pau..</span> <span class='ocrx_word' id='word_1_121' title='bbox 388 1386 458 1427; x_wconf 80' lang='lat' dir='ltr'>[ta</span> <span class='ocrx_word' id='word_1_122' title='bbox 480 1387 540 1428; x_wconf 90' lang='lat' dir='ltr'>Di</span> <span class='ocrx_word' id='word_1_123' title='bbox 563 1387 761 1441; x_wconf 82' lang='lat' dir='ltr'>Deaeque</span> <span class='ocrx_word' id='word_1_124' title='bbox 782 1388 941 1439; x_wconf 77' lang='lat' dir='ltr'>faxint,</span> <span class='ocrx_word' id='word_1_125' title='bbox 963 1379 1067 1429; x_wconf 63' lang='lat' dir='ltr'>siin</span> <span class='ocrx_word' id='word_1_126' title='bbox 1089 1373 1180 1430; x_wconf 49' lang='lat' dir='ltr'>&amp;m</span> <span class='ocrx_word' id='word_1_127' title='bbox 1202 1394 1271 1431; x_wconf 75' lang='lat' dir='ltr'>est</span> <span class='ocrx_word' id='word_1_128' title='bbox 1294 1390 1546 1432; x_wconf 74' lang='lat' dir='ltr'>Bacchidis.</span> 
     </span>
    </p>
   </div>
   <div class='ocr_carea' id='block_1_3' title="bbox 209 1443 1461 1533">
    <p class='ocr_par' dir='ltr' id='par_1_18' title="bbox 209 1443 1461 1533">
     <span class='ocr_line' id='line_1_19' title="bbox 209 1443 1461 1508; baseline 0.003 -14"><span class='ocrx_word' id='word_1_129' title='bbox 209 1453 299 1494; x_wconf 90' lang='lat' dir='ltr'>Sed</span> <span class='ocrx_word' id='word_1_130' title='bbox 322 1443 533 1508; x_wconf 66' lang='lat' dir='ltr'>quf&#39;i’stuc</span> <span class='ocrx_word' id='word_1_131' title='bbox 555 1456 725 1496; x_wconf 89' lang='lat' dir='ltr'>credam</span> <span class='ocrx_word' id='word_1_132' title='bbox 746 1456 809 1498; x_wconf 88' lang='lat' dir='ltr'>ita</span> <span class='ocrx_word' id='word_1_133' title='bbox 829 1458 959 1498; x_wconf 71' lang='lat' dir='ltr'>esse?</span> <span class='ocrx_word' id='word_1_134' title='bbox 992 1457 1064 1499; x_wconf 89' lang='lat' dir='ltr'>dic</span> <span class='ocrx_word' id='word_1_135' title='bbox 1084 1457 1207 1507; x_wconf 84' lang='lat' dir='ltr'>mihi,</span> <span class='ocrx_word' id='word_1_136' title='bbox 1230 1457 1461 1499; x_wconf 84' lang='lat' dir='ltr'>Parmeno.</span> 
     </span>
     <span class='ocr_line' id='line_1_20' title="bbox 337 1516 418 1533; baseline 0 0"><span class='ocrx_word' id='word_1_137' title='bbox 337 1516 418 1533; x_wconf 39' lang='grc' dir='ltr'>χι·</span> 
     </span>
    </p>
   </div>
   <div class='ocr_carea' id='block_1_4' title="bbox 203 1576 1666 2180">
    <p class='ocr_par' dir='ltr' id='par_1_19' title="bbox 203 1576 1666 2180">
     <span class='ocr_line' id='line_1_21' title="bbox 205 1576 1664 1621; baseline 0.005 -16"><span class='ocrx_word' id='word_1_138' title='bbox 205 1584 260 1614; x_wconf 80' lang='lat' dir='ltr'>per</span> <span class='ocrx_word' id='word_1_139' title='bbox 273 1576 410 1615; x_wconf 78' lang='lat' dir='ltr'>spatium</span> <span class='ocrx_word' id='word_1_140' title='bbox 423 1576 600 1609; x_wconf 83' lang='lat' dir='ltr'>continuum</span> <span class='ocrx_word' id='word_1_141' title='bbox 615 1578 745 1610; x_wconf 85' lang='lat' dir='ltr'>duorum</span> <span class='ocrx_word' id='word_1_142' title='bbox 760 1588 909 1610; x_wconf 80' lang='lat' dir='ltr'>annorum</span> <span class='ocrx_word' id='word_1_143' title='bbox 924 1580 1035 1611; x_wconf 81' lang='lat' dir='ltr'>misera</span> <span class='ocrx_word' id='word_1_144' title='bbox 1049 1580 1135 1611; x_wconf 81' lang='lat' dir='ltr'>illum</span> <span class='ocrx_word' id='word_1_145' title='bbox 1148 1590 1242 1621; x_wconf 82' lang='lat' dir='ltr'>passa</span> <span class='ocrx_word' id='word_1_146' title='bbox 1264 1590 1342 1612; x_wconf 84' lang='lat' dir='ltr'>sum.</span> <span class='ocrx_word' id='word_1_147' title='bbox 1389 1581 1456 1612; x_wconf 79' lang='grc' dir='ltr'>ΡΑ.</span> <span class='ocrx_word' id='word_1_148' title='bbox 1480 1581 1547 1612; x_wconf 88' lang='lat' dir='ltr'>Per</span> <span class='ocrx_word' id='word_1_149' title='bbox 1567 1582 1664 1613; x_wconf 72' lang='lat' dir='ltr'>cedem</span> 
     </span>
     <span class='ocr_line' id='line_1_22' title="bbox 210 1618 1664 1664; baseline 0.006 -17"><span class='ocrx_word' id='word_1_150' title='bbox 210 1618 356 1658; x_wconf 83' lang='lat' dir='ltr'>Pollucis,</span> <span class='ocrx_word' id='word_1_151' title='bbox 373 1619 557 1660; x_wconf 77' lang='lat' dir='ltr'>Philotium,</span> <span class='ocrx_word' id='word_1_152' title='bbox 571 1621 678 1662; x_wconf 77' lang='lat' dir='ltr'>opinor</span> <span class='ocrx_word' id='word_1_153' title='bbox 693 1625 724 1653; x_wconf 87' lang='lat' dir='ltr'>te</span> <span class='ocrx_word' id='word_1_154' title='bbox 738 1631 815 1662; x_wconf 78' lang='lat' dir='ltr'>soepe</span> <span class='ocrx_word' id='word_1_155' title='bbox 829 1622 979 1653; x_wconf 81' lang='lat' dir='ltr'>desiderio</span> <span class='ocrx_word' id='word_1_156' title='bbox 995 1623 1186 1654; x_wconf 77' lang='lat' dir='ltr'>Athenarum</span> <span class='ocrx_word' id='word_1_157' title='bbox 1195 1623 1365 1664; x_wconf 80' lang='lat' dir='ltr'>flagrasse,</span> <span class='ocrx_word' id='word_1_158' title='bbox 1378 1628 1408 1655; x_wconf 78' lang='lat' dir='ltr'>et</span> <span class='ocrx_word' id='word_1_159' title='bbox 1420 1625 1581 1656; x_wconf 83' lang='lat' dir='ltr'>consilium</span> <span class='ocrx_word' id='word_1_160' title='bbox 1592 1625 1664 1655; x_wconf 84' lang='lat' dir='ltr'>hinc</span> 
     </span>
     <span class='ocr_line' id='line_1_23' title="bbox 208 1660 1661 1708; baseline 0.006 -18"><span class='ocrx_word' id='word_1_161' title='bbox 208 1660 385 1693; x_wconf 79' lang='lat' dir='ltr'>discedendi</span> <span class='ocrx_word' id='word_1_162' title='bbox 399 1663 595 1703; x_wconf 81' lang='lat' dir='ltr'>improbasse.</span> <span class='ocrx_word' id='word_1_163' title='bbox 619 1664 692 1695; x_wconf 83' lang='grc' dir='ltr'>ΡΗ.</span> <span class='ocrx_word' id='word_1_164' title='bbox 718 1664 827 1696; x_wconf 79' lang='lat' dir='ltr'>Verbis</span> <span class='ocrx_word' id='word_1_165' title='bbox 842 1665 978 1704; x_wconf 77' lang='lat' dir='ltr'>exprimi</span> <span class='ocrx_word' id='word_1_166' title='bbox 993 1676 1051 1697; x_wconf 81' lang='lat' dir='ltr'>non</span> <span class='ocrx_word' id='word_1_167' title='bbox 1062 1670 1163 1706; x_wconf 81' lang='lat' dir='ltr'>potest</span> <span class='ocrx_word' id='word_1_168' title='bbox 1177 1669 1293 1707; x_wconf 85' lang='lat' dir='ltr'>quanta</span> <span class='ocrx_word' id='word_1_169' title='bbox 1308 1667 1461 1708; x_wconf 79' lang='lat' dir='ltr'>cupiditas</span> <span class='ocrx_word' id='word_1_170' title='bbox 1476 1678 1523 1698; x_wconf 85' lang='lat' dir='ltr'>me</span> <span class='ocrx_word' id='word_1_171' title='bbox 1539 1668 1661 1699; x_wconf 83' lang='lat' dir='ltr'>tenebat</span> 
     </span>
     <span class='ocr_line' id='line_1_24' title="bbox 206 1703 1664 1749; baseline 0.005 -15"><span class='ocrx_word' id='word_1_172' title='bbox 206 1704 242 1734; x_wconf 81' lang='lat' dir='ltr'>in</span> <span class='ocrx_word' id='word_1_173' title='bbox 263 1703 341 1735; x_wconf 84' lang='lat' dir='ltr'>hanc</span> <span class='ocrx_word' id='word_1_174' title='bbox 363 1705 468 1736; x_wconf 83' lang='lat' dir='ltr'>urbem</span> <span class='ocrx_word' id='word_1_175' title='bbox 493 1707 678 1745; x_wconf 84' lang='lat' dir='ltr'>revertendi,</span> <span class='ocrx_word' id='word_1_176' title='bbox 703 1708 879 1738; x_wconf 84' lang='lat' dir='ltr'>discedendi</span> <span class='ocrx_word' id='word_1_177' title='bbox 895 1718 914 1738; x_wconf 92' lang='lat' dir='ltr'>a</span> <span class='ocrx_word' id='word_1_178' title='bbox 928 1708 1040 1746; x_wconf 82' lang='lat' dir='ltr'>milite,</span> <span class='ocrx_word' id='word_1_179' title='bbox 1062 1712 1152 1749; x_wconf 85' lang='lat' dir='ltr'>atque</span> <span class='ocrx_word' id='word_1_180' title='bbox 1167 1714 1290 1749; x_wconf 84' lang='lat' dir='ltr'>aspectu</span> <span class='ocrx_word' id='word_1_181' title='bbox 1303 1714 1405 1740; x_wconf 75' lang='lat' dir='ltr'>vestro</span> <span class='ocrx_word' id='word_1_182' title='bbox 1413 1710 1555 1749; x_wconf 84' lang='lat' dir='ltr'>fruendi,</span> <span class='ocrx_word' id='word_1_183' title='bbox 1571 1715 1606 1742; x_wconf 83' lang='lat' dir='ltr'>ut</span> <span class='ocrx_word' id='word_1_184' title='bbox 1623 1720 1664 1741; x_wconf 73' lang='lat' dir='ltr'>ex</span> 
     </span>
     <span class='ocr_line' id='line_1_25' title="bbox 205 1747 1664 1791; baseline 0.005 -15"><span class='ocrx_word' id='word_1_185' title='bbox 205 1748 326 1777; x_wconf 82' lang='lat' dir='ltr'>vetusta</span> <span class='ocrx_word' id='word_1_186' title='bbox 331 1747 556 1785; x_wconf 82' lang='lat' dir='ltr'>familiaritate</span> <span class='ocrx_word' id='word_1_187' title='bbox 570 1749 755 1781; x_wconf 81' lang='lat' dir='ltr'>celebrarem</span> <span class='ocrx_word' id='word_1_188' title='bbox 769 1750 923 1781; x_wconf 76' lang='lat' dir='ltr'>vobiscum</span> <span class='ocrx_word' id='word_1_189' title='bbox 937 1751 1120 1791; x_wconf 79' lang='lat' dir='ltr'>convivium,</span> <span class='ocrx_word' id='word_1_190' title='bbox 1136 1754 1251 1783; x_wconf 80' lang='lat' dir='ltr'>nullius</span> <span class='ocrx_word' id='word_1_191' title='bbox 1262 1753 1415 1783; x_wconf 74' lang='lat' dir='ltr'>voluntati</span> <span class='ocrx_word' id='word_1_192' title='bbox 1427 1753 1567 1784; x_wconf 76' lang='lat' dir='ltr'>subdita:</span> <span class='ocrx_word' id='word_1_193' title='bbox 1590 1764 1664 1784; x_wconf 81' lang='lat' dir='ltr'>nam</span> 
     </span>
     <span class='ocr_line' id='line_1_26' title="bbox 208 1788 1664 1837; baseline 0.005 -19"><span class='ocrx_word' id='word_1_194' title='bbox 208 1788 354 1821; x_wconf 79' lang='lat' dir='ltr'>Corinthi</span> <span class='ocrx_word' id='word_1_195' title='bbox 368 1800 428 1822; x_wconf 84' lang='lat' dir='ltr'>non</span> <span class='ocrx_word' id='word_1_196' title='bbox 442 1794 510 1822; x_wconf 86' lang='lat' dir='ltr'>erat</span> <span class='ocrx_word' id='word_1_197' title='bbox 525 1792 602 1822; x_wconf 84' lang='lat' dir='ltr'>mihi</span> <span class='ocrx_word' id='word_1_198' title='bbox 617 1792 761 1831; x_wconf 81' lang='lat' dir='ltr'>facultas</span> <span class='ocrx_word' id='word_1_199' title='bbox 775 1793 928 1833; x_wconf 84' lang='lat' dir='ltr'>loquendi,</span> <span class='ocrx_word' id='word_1_200' title='bbox 943 1794 1005 1825; x_wconf 82' lang='lat' dir='ltr'>nisi</span> <span class='ocrx_word' id='word_1_201' title='bbox 1020 1805 1086 1834; x_wconf 84' lang='lat' dir='ltr'>quoe</span> <span class='ocrx_word' id='word_1_202' title='bbox 1099 1798 1195 1834; x_wconf 82' lang='lat' dir='ltr'>grata</span> <span class='ocrx_word' id='word_1_203' title='bbox 1210 1798 1309 1827; x_wconf 83' lang='lat' dir='ltr'>essent</span> <span class='ocrx_word' id='word_1_204' title='bbox 1324 1796 1432 1835; x_wconf 82' lang='lat' dir='ltr'>militi,</span> <span class='ocrx_word' id='word_1_205' title='bbox 1445 1800 1538 1837; x_wconf 85' lang='lat' dir='ltr'>prout</span> <span class='ocrx_word' id='word_1_206' title='bbox 1562 1797 1664 1828; x_wconf 83' lang='lat' dir='ltr'>deter-</span> 
     </span>
     <span class='ocr_line' id='line_1_27' title="bbox 206 1831 1663 1879; baseline 0.005 -16"><span class='ocrx_word' id='word_1_207' title='bbox 206 1831 365 1871; x_wconf 78' lang='lat' dir='ltr'>minasset,</span> <span class='ocrx_word' id='word_1_208' title='bbox 377 1837 409 1865; x_wconf 82' lang='lat' dir='ltr'>et</span> <span class='ocrx_word' id='word_1_209' title='bbox 429 1835 682 1875; x_wconf 78' lang='lat' dir='ltr'>praescripsisset.</span> <span class='ocrx_word' id='word_1_210' title='bbox 726 1836 795 1867; x_wconf 86' lang='grc' dir='ltr'>ΡΛ.</span> <span class='ocrx_word' id='word_1_211' title='bbox 817 1837 890 1866; x_wconf 85' lang='lat' dir='ltr'>Non</span> <span class='ocrx_word' id='word_1_212' title='bbox 905 1837 1041 1868; x_wconf 85' lang='lat' dir='ltr'>arbitror</span> <span class='ocrx_word' id='word_1_213' title='bbox 1055 1837 1130 1869; x_wconf 84' lang='lat' dir='ltr'>bene</span> <span class='ocrx_word' id='word_1_214' title='bbox 1140 1849 1198 1879; x_wconf 86' lang='lat' dir='ltr'>pro</span> <span class='ocrx_word' id='word_1_215' title='bbox 1214 1841 1268 1869; x_wconf 83' lang='lat' dir='ltr'>tua</span> <span class='ocrx_word' id='word_1_216' title='bbox 1283 1839 1440 1870; x_wconf 75' lang='lat' dir='ltr'>voluntate</span> <span class='ocrx_word' id='word_1_217' title='bbox 1454 1840 1585 1870; x_wconf 86' lang='lat' dir='ltr'>militem</span> <span class='ocrx_word' id='word_1_218' title='bbox 1599 1843 1663 1870; x_wconf 88' lang='lat' dir='ltr'>ter-</span> 
     </span>
     <span class='ocr_line' id='line_1_28' title="bbox 206 1874 1666 1921; baseline 0.006 -16"><span class='ocrx_word' id='word_1_219' title='bbox 206 1874 325 1906; x_wconf 80' lang='lat' dir='ltr'>minum</span> <span class='ocrx_word' id='word_1_220' title='bbox 345 1879 376 1907; x_wconf 82' lang='lat' dir='ltr'>et</span> <span class='ocrx_word' id='word_1_221' title='bbox 402 1879 523 1908; x_wconf 81' lang='lat' dir='ltr'>modum</span> <span class='ocrx_word' id='word_1_222' title='bbox 542 1878 731 1919; x_wconf 82' lang='lat' dir='ltr'>proefiniisse</span> <span class='ocrx_word' id='word_1_223' title='bbox 752 1879 941 1910; x_wconf 80' lang='lat' dir='ltr'>sermonibus</span> <span class='ocrx_word' id='word_1_224' title='bbox 960 1880 1035 1919; x_wconf 85' lang='lat' dir='ltr'>tuis,</span> <span class='ocrx_word' id='word_1_225' title='bbox 1060 1891 1128 1911; x_wconf 87' lang='lat' dir='ltr'>cum</span> <span class='ocrx_word' id='word_1_226' title='bbox 1153 1891 1205 1912; x_wconf 78' lang='lat' dir='ltr'>vos</span> <span class='ocrx_word' id='word_1_227' title='bbox 1225 1882 1366 1921; x_wconf 83' lang='lat' dir='ltr'>loquaces</span> <span class='ocrx_word' id='word_1_228' title='bbox 1380 1882 1463 1913; x_wconf 78' lang='lat' dir='ltr'>sitis.</span> <span class='ocrx_word' id='word_1_229' title='bbox 1508 1883 1581 1914; x_wconf 86' lang='grc' dir='ltr'>ΡΗ.</span> <span class='ocrx_word' id='word_1_230' title='bbox 1604 1882 1666 1914; x_wconf 86' lang='lat' dir='ltr'>Sed</span> 
     </span>
     <span class='ocr_line' id='line_1_29' title="bbox 205 1917 1665 1966; baseline 0.005 -18"><span class='ocrx_word' id='word_1_231' title='bbox 205 1917 280 1956; x_wconf 80' lang='lat' dir='ltr'>quid</span> <span class='ocrx_word' id='word_1_232' title='bbox 294 1919 342 1949; x_wconf 87' lang='lat' dir='ltr'>rei</span> <span class='ocrx_word' id='word_1_233' title='bbox 356 1922 400 1950; x_wconf 79' lang='lat' dir='ltr'>est</span> <span class='ocrx_word' id='word_1_234' title='bbox 412 1923 425 1950; x_wconf 70' lang='lat'><em>2</em></span> <span class='ocrx_word' id='word_1_235' title='bbox 446 1921 560 1960; x_wconf 78' lang='lat' dir='ltr'>qualia,</span> <span class='ocrx_word' id='word_1_236' title='bbox 574 1925 605 1952; x_wconf 87' lang='lat' dir='ltr'>et</span> <span class='ocrx_word' id='word_1_237' title='bbox 616 1925 732 1961; x_wconf 83' lang='lat' dir='ltr'>quanta</span> <span class='ocrx_word' id='word_1_238' title='bbox 746 1922 854 1952; x_wconf 82' lang='lat' dir='ltr'>retulit</span> <span class='ocrx_word' id='word_1_239' title='bbox 868 1922 946 1953; x_wconf 86' lang='lat' dir='ltr'>mihi</span> <span class='ocrx_word' id='word_1_240' title='bbox 960 1923 1010 1954; x_wconf 84' lang='lat' dir='ltr'>hic</span> <span class='ocrx_word' id='word_1_241' title='bbox 1021 1923 1106 1954; x_wconf 82' lang='lat' dir='ltr'>intus</span> <span class='ocrx_word' id='word_1_242' title='bbox 1120 1924 1275 1956; x_wconf 81' lang='lat' dir='ltr'>Bacchis?</span> <span class='ocrx_word' id='word_1_243' title='bbox 1318 1924 1400 1956; x_wconf 86' lang='lat' dir='ltr'>Illud</span> <span class='ocrx_word' id='word_1_244' title='bbox 1415 1926 1493 1965; x_wconf 82' lang='lat' dir='ltr'>quod</span> <span class='ocrx_word' id='word_1_245' title='bbox 1507 1935 1665 1966; x_wconf 83' lang='lat' dir='ltr'>nunquam</span> 
     </span>
     <span class='ocr_line' id='line_1_30' title="bbox 203 1961 1666 2007; baseline 0.006 -16"><span class='ocrx_word' id='word_1_246' title='bbox 203 1961 466 1999; x_wconf 81' lang='lat' dir='ltr'>putavifuturum</span> <span class='ocrx_word' id='word_1_247' title='bbox 482 1973 555 2003; x_wconf 83' lang='lat' dir='ltr'>esse,</span> <span class='ocrx_word' id='word_1_248' title='bbox 572 1967 605 1995; x_wconf 83' lang='lat' dir='ltr'>ut</span> <span class='ocrx_word' id='word_1_249' title='bbox 621 1964 807 2004; x_wconf 84' lang='lat' dir='ltr'>Pamphilus</span> <span class='ocrx_word' id='word_1_250' title='bbox 822 1969 923 2005; x_wconf 85' lang='lat' dir='ltr'>posset</span> <span class='ocrx_word' id='word_1_251' title='bbox 938 1965 1051 1996; x_wconf 80' lang='lat' dir='ltr'>adduci</span> <span class='ocrx_word' id='word_1_252' title='bbox 1070 1970 1105 1996; x_wconf 83' lang='lat' dir='ltr'>ut</span> <span class='ocrx_word' id='word_1_253' title='bbox 1128 1976 1257 1998; x_wconf 78' lang='lat' dir='ltr'>uxorem</span> <span class='ocrx_word' id='word_1_254' title='bbox 1283 1968 1417 2007; x_wconf 79' lang='lat' dir='ltr'>duceret,</span> <span class='ocrx_word' id='word_1_255' title='bbox 1441 1969 1514 1998; x_wconf 83' lang='lat' dir='ltr'>dum</span> <span class='ocrx_word' id='word_1_256' title='bbox 1530 1969 1666 2000; x_wconf 82' lang='lat' dir='ltr'>Bacchis</span> 
     </span>
     <span class='ocr_line' id='line_1_31' title="bbox 204 2002 1664 2052; baseline 0.006 -19"><span class='ocrx_word' id='word_1_257' title='bbox 204 2002 304 2034; x_wconf 75' lang='lat' dir='ltr'>vitam</span> <span class='ocrx_word' id='word_1_258' title='bbox 323 2009 444 2042; x_wconf 77' lang='lat' dir='ltr'>ageret.</span> <span class='ocrx_word' id='word_1_259' title='bbox 490 2006 556 2038; x_wconf 81' lang='grc' dir='ltr'>ΡΑ.</span> <span class='ocrx_word' id='word_1_260' title='bbox 583 2007 668 2042; x_wconf 83' lang='lat' dir='ltr'>Quid</span> <span class='ocrx_word' id='word_1_261' title='bbox 680 2006 694 2039; x_wconf 80' lang='lat'><strong><em>?</em></strong></span> <span class='ocrx_word' id='word_1_262' title='bbox 716 2008 765 2038; x_wconf 86' lang='lat' dir='ltr'>ais</span> <span class='ocrx_word' id='word_1_263' title='bbox 787 2017 856 2038; x_wconf 87' lang='lat' dir='ltr'>eum</span> <span class='ocrx_word' id='word_1_264' title='bbox 882 2018 1010 2039; x_wconf 76' lang='lat' dir='ltr'>uxorem</span> <span class='ocrx_word' id='word_1_265' title='bbox 1035 2010 1183 2041; x_wconf 65' lang='lat' dir='ltr'>eluxisse?</span> <span class='ocrx_word' id='word_1_266' title='bbox 1227 2010 1300 2041; x_wconf 83' lang='grc' dir='ltr'>ΡΗ.</span> <span class='ocrx_word' id='word_1_267' title='bbox 1327 2011 1396 2041; x_wconf 88' lang='lat' dir='ltr'>Eho</span> <span class='ocrx_word' id='word_1_268' title='bbox 1423 2013 1468 2049; x_wconf 81' lang='lat' dir='ltr'>tu,</span> <span class='ocrx_word' id='word_1_269' title='bbox 1495 2013 1641 2052; x_wconf 77' lang='lat' dir='ltr'>responde</span> <span class='ocrx_word' id='word_1_270' title='bbox 1650 2023 1664 2049; x_wconf 92' lang='lat'><em>;</em></span> 
     </span>
     <span class='ocr_line' id='line_1_32' title="bbox 205 2047 1663 2094; baseline 0.007 -18"><span class='ocrx_word' id='word_1_271' title='bbox 205 2055 306 2077; x_wconf 82' lang='lat' dir='ltr'>annon</span> <span class='ocrx_word' id='word_1_272' title='bbox 320 2047 435 2078; x_wconf 80' lang='lat' dir='ltr'>duxit?</span> <span class='ocrx_word' id='word_1_273' title='bbox 478 2048 545 2079; x_wconf 84' lang='grc' dir='ltr'>ΡΑ.</span> <span class='ocrx_word' id='word_1_274' title='bbox 569 2050 689 2087; x_wconf 80' lang='lat' dir='ltr'>Duxit,</span> <span class='ocrx_word' id='word_1_275' title='bbox 703 2052 756 2081; x_wconf 81' lang='lat' dir='ltr'>sed</span> <span class='ocrx_word' id='word_1_276' title='bbox 770 2051 877 2081; x_wconf 79' lang='lat' dir='ltr'>dubito</span> <span class='ocrx_word' id='word_1_277' title='bbox 892 2061 932 2082; x_wconf 82' lang='lat' dir='ltr'>an</span> <span class='ocrx_word' id='word_1_278' title='bbox 951 2051 1016 2083; x_wconf 86' lang='lat' dir='ltr'>sint</span> <span class='ocrx_word' id='word_1_279' title='bbox 1026 2052 1151 2083; x_wconf 83' lang='lat' dir='ltr'>stabiles</span> <span class='ocrx_word' id='word_1_280' title='bbox 1166 2053 1213 2083; x_wconf 80' lang='lat' dir='ltr'>hae</span> <span class='ocrx_word' id='word_1_281' title='bbox 1223 2053 1354 2094; x_wconf 81' lang='lat' dir='ltr'>nuptiae.</span> <span class='ocrx_word' id='word_1_282' title='bbox 1399 2053 1470 2085; x_wconf 74' lang='lat' dir='ltr'>Pu.</span> <span class='ocrx_word' id='word_1_283' title='bbox 1496 2055 1555 2086; x_wconf 86' lang='lat' dir='ltr'>Dii</span> <span class='ocrx_word' id='word_1_284' title='bbox 1568 2055 1663 2086; x_wconf 76' lang='lat' dir='ltr'>Dea&gt;-</span> 
     </span>
     <span class='ocr_line' id='line_1_33' title="bbox 206 2089 1663 2137; baseline 0.006 -18"><span class='ocrx_word' id='word_1_285' title='bbox 206 2097 262 2127; x_wconf 83' lang='lat' dir='ltr'>que</span> <span class='ocrx_word' id='word_1_286' title='bbox 279 2089 407 2126; x_wconf 83' lang='lat' dir='ltr'>faciant</span> <span class='ocrx_word' id='word_1_287' title='bbox 430 2100 468 2121; x_wconf 80' lang='lat' dir='ltr'>ne</span> <span class='ocrx_word' id='word_1_288' title='bbox 491 2092 556 2122; x_wconf 83' lang='lat' dir='ltr'>sint</span> <span class='ocrx_word' id='word_1_289' title='bbox 578 2092 713 2131; x_wconf 53' lang='lat' dir='ltr'>stabilem,</span> <span class='ocrx_word' id='word_1_290' title='bbox 738 2094 766 2123; x_wconf 80' lang='lat' dir='ltr'>si</span> <span class='ocrx_word' id='word_1_291' title='bbox 784 2094 817 2124; x_wconf 85' lang='lat' dir='ltr'>id</span> <span class='ocrx_word' id='word_1_292' title='bbox 836 2093 913 2124; x_wconf 82' lang='lat' dir='ltr'>utile</span> <span class='ocrx_word' id='word_1_293' title='bbox 934 2098 980 2125; x_wconf 79' lang='lat' dir='ltr'>est</span> <span class='ocrx_word' id='word_1_294' title='bbox 1002 2095 1175 2126; x_wconf 83' lang='lat' dir='ltr'>Bacchidi:</span> <span class='ocrx_word' id='word_1_295' title='bbox 1197 2098 1250 2127; x_wconf 87' lang='lat' dir='ltr'>sed</span> <span class='ocrx_word' id='word_1_296' title='bbox 1266 2106 1357 2137; x_wconf 83' lang='lat' dir='ltr'>quam</span> <span class='ocrx_word' id='word_1_297' title='bbox 1379 2097 1414 2127; x_wconf 90' lang='lat' dir='ltr'>ob</span> <span class='ocrx_word' id='word_1_298' title='bbox 1431 2107 1566 2132; x_wconf 82' lang='lat' dir='ltr'>causam,</span> <span class='ocrx_word' id='word_1_299' title='bbox 1584 2098 1663 2128; x_wconf 82' lang='lat' dir='ltr'>unde</span> 
     </span>
     <span class='ocr_line' id='line_1_34' title="bbox 206 2131 1663 2180; baseline 0.008 -19"><span class='ocrx_word' id='word_1_300' title='bbox 206 2131 293 2162; x_wconf 77' lang='lat' dir='ltr'>istud</span> <span class='ocrx_word' id='word_1_301' title='bbox 305 2134 426 2164; x_wconf 84' lang='lat' dir='ltr'>credam</span> <span class='ocrx_word' id='word_1_302' title='bbox 452 2134 500 2164; x_wconf 79' lang='lat' dir='ltr'>ita</span> <span class='ocrx_word' id='word_1_303' title='bbox 522 2144 597 2175; x_wconf 84' lang='lat' dir='ltr'>esse,</span> <span class='ocrx_word' id='word_1_304' title='bbox 619 2135 738 2166; x_wconf 85' lang='lat' dir='ltr'>scilicet</span> <span class='ocrx_word' id='word_1_305' title='bbox 760 2136 816 2167; x_wconf 86' lang='lat' dir='ltr'>has</span> <span class='ocrx_word' id='word_1_306' title='bbox 830 2137 955 2176; x_wconf 82' lang='lat' dir='ltr'>nuptias</span> <span class='ocrx_word' id='word_1_307' title='bbox 971 2147 1029 2169; x_wconf 78' lang='lat' dir='ltr'>non</span> <span class='ocrx_word' id='word_1_308' title='bbox 1045 2148 1109 2169; x_wconf 83' lang='lat' dir='ltr'>esse</span> <span class='ocrx_word' id='word_1_309' title='bbox 1116 2138 1253 2180; x_wconf 75' lang='lat' dir='ltr'>firmas?</span> <span class='ocrx_word' id='word_1_310' title='bbox 1298 2139 1364 2171; x_wconf 80' lang='grc' dir='ltr'>ΡΑ.</span> <span class='ocrx_word' id='word_1_311' title='bbox 1388 2140 1461 2171; x_wconf 84' lang='grc' dir='ltr'>Νοη</span> <span class='ocrx_word' id='word_1_312' title='bbox 1478 2150 1552 2180; x_wconf 83' lang='lat' dir='ltr'>opus</span> <span class='ocrx_word' id='word_1_313' title='bbox 1567 2145 1614 2172; x_wconf 87' lang='lat' dir='ltr'>est</span> <span class='ocrx_word' id='word_1_314' title='bbox 1629 2141 1663 2171; x_wconf 81' lang='lat' dir='ltr'>id</span> 
     </span>
    </p>
   </div>
   <div class='ocr_carea' id='block_1_5' title="bbox 816 2231 1057 2244">
    <p class='ocr_par' dir='ltr' id='par_1_20' title="bbox 816 2231 1057 2244">
     <span class='ocr_line' id='line_1_35' title="bbox 816 2231 1057 2244; baseline 0 0"><span class='ocrx_word' id='word_1_315' title='bbox 816 2231 1057 2244; x_wconf 62' lang='lat' dir='ltr'>“eeeeeeaeoeo</span> 
     </span>
    </p>
   </div>
   <div class='ocr_carea' id='block_1_6' title="bbox 203 2294 1663 2804">
    <p class='ocr_par' dir='ltr' id='par_1_21' title="bbox 203 2294 1663 2804">
     <span class='ocr_line' id='line_1_36' title="bbox 206 2294 1661 2339; baseline 0.005 -15"><span class='ocrx_word' id='word_1_316' title='bbox 206 2297 445 2333; x_wconf 79' lang='lat' dir='ltr'>transponunt.</span> <span class='ocrx_word' id='word_1_317' title='bbox 470 2294 654 2326; x_wconf 59' lang='lat' dir='ltr'>Bauer—12</span> <span class='ocrx_word' id='word_1_318' title='bbox 677 2296 803 2328; x_wconf 85' lang='lat' dir='ltr'>Pertuli</span> <span class='ocrx_word' id='word_1_319' title='bbox 827 2296 894 2328; x_wconf 92' lang='lat' dir='ltr'>duo</span> <span class='ocrx_word' id='word_1_320' title='bbox 921 2299 1006 2329; x_wconf 91' lang='lat' dir='ltr'>Mss.</span> <span class='ocrx_word' id='word_1_321' title='bbox 1023 2298 1122 2329; x_wconf 84' lang='lat' dir='ltr'>Boecl.</span> <span class='ocrx_word' id='word_1_322' title='bbox 1139 2303 1174 2329; x_wconf 87' lang='lat' dir='ltr'>et</span> <span class='ocrx_word' id='word_1_323' title='bbox 1199 2298 1246 2329; x_wconf 90' lang='lat' dir='ltr'>sic</span> <span class='ocrx_word' id='word_1_324' title='bbox 1265 2299 1324 2329; x_wconf 71' lang='grc' dir='ltr'>ΒΓ.</span> <span class='ocrx_word' id='word_1_325' title='bbox 1340 2308 1402 2339; x_wconf 87' lang='lat' dir='ltr'>pro</span> <span class='ocrx_word' id='word_1_326' title='bbox 1426 2300 1471 2335; x_wconf 69' lang='lat' dir='ltr'>gl.</span> <span class='ocrx_word' id='word_1_327' title='bbox 1496 2304 1533 2331; x_wconf 86' lang='lat' dir='ltr'>et</span> <span class='ocrx_word' id='word_1_328' title='bbox 1554 2301 1563 2317; x_wconf 91' lang='lat'>‘</span> <span class='ocrx_word' id='word_1_329' title='bbox 1579 2301 1661 2333; x_wconf 87' lang='lat' dir='ltr'>Mss.</span> 
     </span>
     <span class='ocr_line' id='line_1_37' title="bbox 205 2336 1663 2381; baseline 0.006 -16"><span class='ocrx_word' id='word_1_330' title='bbox 205 2336 342 2376; x_wconf 86' lang='lat' dir='ltr'>quidam</span> <span class='ocrx_word' id='word_1_331' title='bbox 358 2341 393 2368; x_wconf 88' lang='lat' dir='ltr'>et</span> <span class='ocrx_word' id='word_1_332' title='bbox 409 2336 515 2368; x_wconf 58' lang='lat' dir='ltr'>editi?</span> <span class='ocrx_word' id='word_1_333' title='bbox 542 2337 729 2370; x_wconf 60' lang='lat' dir='ltr'>{Vasa—14</span> <span class='ocrx_word' id='word_1_334' title='bbox 755 2340 796 2370; x_wconf 90' lang='lat' dir='ltr'>Te</span> <span class='ocrx_word' id='word_1_335' title='bbox 817 2340 924 2372; x_wconf 89' lang='lat' dir='ltr'>Codd.</span> <span class='ocrx_word' id='word_1_336' title='bbox 943 2340 1076 2381; x_wconf 84' lang='lat' dir='ltr'>quidam</span> <span class='ocrx_word' id='word_1_337' title='bbox 1102 2350 1167 2371; x_wconf 92' lang='lat' dir='ltr'>non</span> <span class='ocrx_word' id='word_1_338' title='bbox 1185 2346 1385 2381; x_wconf 86' lang='lat' dir='ltr'>agnoscunt.</span> <span class='ocrx_word' id='word_1_339' title='bbox 1416 2342 1602 2375; x_wconf 80' lang='lat' dir='ltr'>West.-16</span> <span class='ocrx_word' id='word_1_340' title='bbox 1616 2345 1663 2376; x_wconf 86' lang='lat' dir='ltr'>Et</span> 
     </span>
     <span class='ocr_line' id='line_1_38' title="bbox 205 2379 1662 2428; baseline 0.006 -19"><span class='ocrx_word' id='word_1_341' title='bbox 205 2379 336 2410; x_wconf 85' lang='lat' dir='ltr'>abeundi</span> <span class='ocrx_word' id='word_1_342' title='bbox 353 2379 529 2411; x_wconf 79' lang='lat' dir='ltr'>Ms.unus.</span> <span class='ocrx_word' id='word_1_343' title='bbox 552 2381 653 2412; x_wconf 82' lang='lat' dir='ltr'>Boecl.</span> <span class='ocrx_word' id='word_1_344' title='bbox 679 2381 750 2412; x_wconf 86' lang='lat' dir='ltr'>Nos</span> <span class='ocrx_word' id='word_1_345' title='bbox 775 2383 1051 2423; x_wconf 82' lang='lat' dir='ltr'>conjunctionem</span> <span class='ocrx_word' id='word_1_346' title='bbox 1073 2387 1103 2414; x_wconf 85' lang='lat' dir='ltr'>et</span> <span class='ocrx_word' id='word_1_347' title='bbox 1129 2383 1294 2415; x_wconf 88' lang='lat' dir='ltr'>demimus</span> <span class='ocrx_word' id='word_1_348' title='bbox 1319 2394 1361 2415; x_wconf 84' lang='lat' dir='ltr'>ex</span> <span class='ocrx_word' id='word_1_349' title='bbox 1385 2385 1516 2417; x_wconf 85' lang='lat' dir='ltr'>ratione</span> <span class='ocrx_word' id='word_1_350' title='bbox 1533 2396 1662 2428; x_wconf 89' lang='lat' dir='ltr'>versus,</span> 
     </span>
     <span class='ocr_line' id='line_1_39' title="bbox 205 2420 1660 2468; baseline 0.007 -17"><span class='ocrx_word' id='word_1_351' title='bbox 205 2425 241 2452; x_wconf 88' lang='lat' dir='ltr'>et</span> <span class='ocrx_word' id='word_1_352' title='bbox 256 2420 324 2452; x_wconf 80' lang='lat' dir='ltr'>fide</span> <span class='ocrx_word' id='word_1_353' title='bbox 340 2422 438 2453; x_wconf 88' lang='lat' dir='ltr'>Bem.</span> <span class='ocrx_word' id='word_1_354' title='bbox 462 2426 498 2453; x_wconf 90' lang='lat' dir='ltr'>et</span> <span class='ocrx_word' id='word_1_355' title='bbox 515 2423 655 2454; x_wconf 89' lang='lat' dir='ltr'>aliorum</span> <span class='ocrx_word' id='word_1_356' title='bbox 673 2424 900 2466; x_wconf 89' lang='lat' dir='ltr'>antiquorum.</span> <span class='ocrx_word' id='word_1_357' title='bbox 924 2427 982 2457; x_wconf 88' lang='lat' dir='ltr'>Fa.</span> <span class='ocrx_word' id='word_1_358' title='bbox 1014 2425 1046 2457; x_wconf 89' lang='lat' dir='ltr'><strong>A</strong></span> <span class='ocrx_word' id='word_1_359' title='bbox 1071 2427 1195 2457; x_wconf 87' lang='lat' dir='ltr'>nostris</span> <span class='ocrx_word' id='word_1_360' title='bbox 1213 2436 1347 2468; x_wconf 85' lang='lat' dir='ltr'>quoque</span> <span class='ocrx_word' id='word_1_361' title='bbox 1371 2427 1468 2459; x_wconf 84' lang='lat' dir='ltr'>abest</span> <span class='ocrx_word' id='word_1_362' title='bbox 1491 2432 1534 2460; x_wconf 83' lang='lat' dir='ltr'>et.</span> <span class='ocrx_word' id='word_1_363' title='bbox 1558 2430 1660 2462; x_wconf 87' lang='lat' dir='ltr'>Bent.</span> 
     </span>
     <span class='ocr_line' id='line_1_40' title="bbox 206 2465 1659 2508; baseline 0.007 -14"><span class='ocrx_word' id='word_1_364' title='bbox 206 2466 292 2494; x_wconf 82' lang='lat'>—19</span> <span class='ocrx_word' id='word_1_365' title='bbox 315 2465 382 2496; x_wconf 93' lang='lat' dir='ltr'>Do.</span> <span class='ocrx_word' id='word_1_366' title='bbox 399 2465 483 2496; x_wconf 85' lang='lat' dir='ltr'>dicit</span> <span class='ocrx_word' id='word_1_367' title='bbox 499 2465 564 2506; x_wconf 86' lang='lat' dir='ltr'>legi</span> <span class='ocrx_word' id='word_1_368' title='bbox 580 2471 615 2497; x_wconf 86' lang='lat' dir='ltr'>et</span> <span class='ocrx_word' id='word_1_369' title='bbox 636 2467 695 2506; x_wconf 83' lang='lat' dir='ltr'>illi,</span> <span class='ocrx_word' id='word_1_370' title='bbox 712 2477 773 2508; x_wconf 88' lang='lat' dir='ltr'>pro</span> <span class='ocrx_word' id='word_1_371' title='bbox 787 2468 874 2500; x_wconf 82' lang='lat' dir='ltr'>illic:</span> <span class='ocrx_word' id='word_1_372' title='bbox 895 2478 957 2500; x_wconf 88' lang='lat' dir='ltr'>nec</span> <span class='ocrx_word' id='word_1_373' title='bbox 974 2473 1041 2500; x_wconf 87' lang='lat' dir='ltr'>stat</span> <span class='ocrx_word' id='word_1_374' title='bbox 1058 2470 1157 2500; x_wconf 88' lang='lat' dir='ltr'>aliter</span> <span class='ocrx_word' id='word_1_375' title='bbox 1173 2479 1304 2500; x_wconf 86' lang='lat' dir='ltr'>versus.</span> <span class='ocrx_word' id='word_1_376' title='bbox 1329 2470 1388 2502; x_wconf 86' lang='lat' dir='ltr'>Fa.</span> <span class='ocrx_word' id='word_1_377' title='bbox 1434 2471 1554 2503; x_wconf 85' lang='lat' dir='ltr'>Nostri</span> <span class='ocrx_word' id='word_1_378' title='bbox 1580 2472 1659 2504; x_wconf 80' lang='lat' dir='ltr'>illic.</span> 
     </span>
     <span class='ocr_line' id='line_1_41' title="bbox 206 2506 1661 2546; baseline 0.007 -10"><span class='ocrx_word' id='word_1_379' title='bbox 206 2506 392 2539; x_wconf 59' lang='lat' dir='ltr'>Bene—21</span> <span class='ocrx_word' id='word_1_380' title='bbox 421 2508 571 2539; x_wconf 82' lang='lat' dir='ltr'>Oratione</span> <span class='ocrx_word' id='word_1_381' title='bbox 593 2512 646 2540; x_wconf 86' lang='lat' dir='ltr'>tua</span> <span class='ocrx_word' id='word_1_382' title='bbox 676 2520 718 2540; x_wconf 86' lang='lat' dir='ltr'>m.</span> <span class='ocrx_word' id='word_1_383' title='bbox 742 2511 826 2542; x_wconf 88' lang='lat' dir='ltr'>Mss.</span> <span class='ocrx_word' id='word_1_384' title='bbox 843 2511 920 2543; x_wconf 86' lang='lat' dir='ltr'>duo.</span> <span class='ocrx_word' id='word_1_385' title='bbox 938 2512 1034 2543; x_wconf 87' lang='lat' dir='ltr'>Boecl.</span> <span class='ocrx_word' id='word_1_386' title='bbox 1057 2512 1190 2543; x_wconf 85' lang='lat' dir='ltr'>orationi</span> <span class='ocrx_word' id='word_1_387' title='bbox 1219 2516 1282 2543; x_wconf 82' lang='lat' dir='ltr'>tuae</span> <span class='ocrx_word' id='word_1_388' title='bbox 1305 2513 1386 2543; x_wconf 85' lang='lat' dir='ltr'>Mss.</span> <span class='ocrx_word' id='word_1_389' title='bbox 1403 2518 1439 2544; x_wconf 89' lang='lat' dir='ltr'>et</span> <span class='ocrx_word' id='word_1_390' title='bbox 1465 2514 1550 2546; x_wconf 86' lang='lat' dir='ltr'>editi</span> <span class='ocrx_word' id='word_1_391' title='bbox 1577 2525 1661 2546; x_wconf 89' lang='lat' dir='ltr'>non-</span> 
     </span>
     <span class='ocr_line' id='line_1_42' title="bbox 205 2549 1659 2596; baseline 0.006 -16"><span class='ocrx_word' id='word_1_392' title='bbox 205 2549 299 2580; x_wconf 87' lang='lat' dir='ltr'>nulli.</span> <span class='ocrx_word' id='word_1_393' title='bbox 325 2551 507 2582; x_wconf 81' lang='lat' dir='ltr'>West.—22</span> <span class='ocrx_word' id='word_1_394' title='bbox 530 2551 602 2582; x_wconf 85' lang='lat' dir='ltr'>Hoc</span> <span class='ocrx_word' id='word_1_395' title='bbox 616 2552 743 2583; x_wconf 89' lang='lat' dir='ltr'>omittit</span> <span class='ocrx_word' id='word_1_396' title='bbox 759 2563 844 2587; x_wconf 88' lang='lat' dir='ltr'>unus</span> <span class='ocrx_word' id='word_1_397' title='bbox 861 2555 948 2595; x_wconf 88' lang='lat' dir='ltr'>apud</span> <span class='ocrx_word' id='word_1_398' title='bbox 964 2555 1069 2586; x_wconf 86' lang='lat' dir='ltr'>Boeel.</span> <span class='ocrx_word' id='word_1_399' title='bbox 1099 2555 1142 2586; x_wconf 96' lang='grc' dir='ltr'>Ο.</span> <span class='ocrx_word' id='word_1_400' title='bbox 1160 2556 1181 2586; x_wconf 94' lang='grc' dir='ltr'>Ι.</span> <span class='ocrx_word' id='word_1_401' title='bbox 1198 2565 1224 2586; x_wconf 79' lang='lat' dir='ltr'>s,</span> <span class='ocrx_word' id='word_1_402' title='bbox 1239 2560 1274 2586; x_wconf 85' lang='lat' dir='ltr'>et</span> <span class='ocrx_word' id='word_1_403' title='bbox 1290 2556 1357 2586; x_wconf 88' lang='lat' dir='ltr'>Do.</span> <span class='ocrx_word' id='word_1_404' title='bbox 1373 2558 1427 2586; x_wconf 83' lang='lat' dir='ltr'>sed</span> <span class='ocrx_word' id='word_1_405' title='bbox 1442 2556 1516 2596; x_wconf 82' lang='lat' dir='ltr'>quid</span> <span class='ocrx_word' id='word_1_406' title='bbox 1536 2558 1592 2588; x_wconf 80' lang='lat' dir='ltr'>hoc</span> <span class='ocrx_word' id='word_1_407' title='bbox 1606 2568 1659 2590; x_wconf 82' lang='lat' dir='ltr'>ne-</span> 
     </span>
     <span class='ocr_line' id='line_1_43' title="bbox 203 2592 1663 2639; baseline 0.008 -17"><span class='ocrx_word' id='word_1_408' title='bbox 203 2592 286 2630; x_wconf 78' lang='lat' dir='ltr'>gotii</span> <span class='ocrx_word' id='word_1_409' title='bbox 301 2596 358 2624; x_wconf 82' lang='lat' dir='ltr'>est.</span> <span class='ocrx_word' id='word_1_410' title='bbox 381 2593 521 2624; x_wconf 86' lang='lat' dir='ltr'>eliditur</span> <span class='ocrx_word' id='word_1_411' title='bbox 536 2599 648 2625; x_wconf 85' lang='lat' dir='ltr'>autem</span> <span class='ocrx_word' id='word_1_412' title='bbox 664 2596 684 2626; x_wconf 86' lang='lat' dir='ltr'><em>d</em></span> <span class='ocrx_word' id='word_1_413' title='bbox 701 2595 734 2625; x_wconf 90' lang='lat' dir='ltr'>in</span> <span class='ocrx_word' id='word_1_414' title='bbox 749 2597 836 2636; x_wconf 79' lang='lat' dir='ltr'>quid,</span> <span class='ocrx_word' id='word_1_415' title='bbox 852 2602 889 2628; x_wconf 90' lang='lat' dir='ltr'>ut</span> <span class='ocrx_word' id='word_1_416' title='bbox 916 2607 1020 2638; x_wconf 82' lang='lat' dir='ltr'>saepe.</span> <span class='ocrx_word' id='word_1_417' title='bbox 1045 2598 1104 2629; x_wconf 73' lang='lat' dir='ltr'>Fa.</span> <span class='ocrx_word' id='word_1_418' title='bbox 1143 2598 1262 2629; x_wconf 79' lang='lat' dir='ltr'>Nostri</span> <span class='ocrx_word' id='word_1_419' title='bbox 1285 2608 1433 2638; x_wconf 84' lang='lat' dir='ltr'>quoque,</span> <span class='ocrx_word' id='word_1_420' title='bbox 1454 2600 1527 2639; x_wconf 77' lang='lat' dir='ltr'>quid</span> <span class='ocrx_word' id='word_1_421' title='bbox 1544 2601 1610 2632; x_wconf 86' lang='lat' dir='ltr'>hoc.</span> <span class='ocrx_word' id='word_1_422' title='bbox 1627 2606 1663 2633; x_wconf 87' lang='lat' dir='ltr'>et</span> 
     </span>
     <span class='ocr_line' id='line_1_44' title="bbox 207 2636 1657 2681; baseline 0.008 -16"><span class='ocrx_word' id='word_1_423' title='bbox 207 2644 275 2674; x_wconf 81' lang='lat' dir='ltr'>quoe</span> <span class='ocrx_word' id='word_1_424' title='bbox 290 2636 441 2668; x_wconf 79' lang='lat' dir='ltr'>narravit.</span> <span class='ocrx_word' id='word_1_425' title='bbox 464 2636 565 2668; x_wconf 85' lang='lat' dir='ltr'>Bent.</span> <span class='ocrx_word' id='word_1_426' title='bbox 580 2638 659 2677; x_wconf 78' lang='lat' dir='ltr'>quod</span> <span class='ocrx_word' id='word_1_427' title='bbox 677 2638 841 2670; x_wconf 63' lang='lat' dir='ltr'>Hel—24</span> <span class='ocrx_word' id='word_1_428' title='bbox 866 2641 919 2670; x_wconf 85' lang='lat' dir='ltr'>Ex</span> <span class='ocrx_word' id='word_1_429' title='bbox 945 2650 976 2670; x_wconf 91' lang='lat'>0.</span> <span class='ocrx_word' id='word_1_430' title='bbox 992 2641 1012 2671; x_wconf 93' lang='lat' dir='ltr'>l.</span> <span class='ocrx_word' id='word_1_431' title='bbox 1030 2650 1055 2671; x_wconf 92' lang='lat' dir='ltr'>s.</span> <span class='ocrx_word' id='word_1_432' title='bbox 1074 2646 1110 2672; x_wconf 87' lang='lat' dir='ltr'>et</span> <span class='ocrx_word' id='word_1_433' title='bbox 1138 2640 1202 2673; x_wconf 89' lang='lat' dir='ltr'>Do.</span> <span class='ocrx_word' id='word_1_434' title='bbox 1228 2641 1275 2672; x_wconf 88' lang='lat' dir='ltr'>ita</span> <span class='ocrx_word' id='word_1_435' title='bbox 1295 2642 1596 2681; x_wconf 76' lang='lat' dir='ltr'>collocanius‚fore</span> <span class='ocrx_word' id='word_1_436' title='bbox 1620 2648 1657 2676; x_wconf 82' lang='lat' dir='ltr'>ut</span> 
     </span>
     <span class='ocr_line' id='line_1_45' title="bbox 206 2677 1657 2724; baseline 0.007 -17"><span class='ocrx_word' id='word_1_437' title='bbox 206 2678 258 2707; x_wconf 79' lang='lat' dir='ltr'>ille</span> <span class='ocrx_word' id='word_1_438' title='bbox 273 2677 330 2708; x_wconf 78' lang='lat' dir='ltr'>hac</span> <span class='ocrx_word' id='word_1_439' title='bbox 351 2679 432 2710; x_wconf 82' lang='lat' dir='ltr'>viva.</span> <span class='ocrx_word' id='word_1_440' title='bbox 457 2679 517 2709; x_wconf 89' lang='lat' dir='ltr'>Fa.</span> <span class='ocrx_word' id='word_1_441' title='bbox 561 2680 618 2710; x_wconf 87' lang='lat' dir='ltr'>Sic</span> <span class='ocrx_word' id='word_1_442' title='bbox 641 2685 677 2711; x_wconf 87' lang='lat' dir='ltr'>et</span> <span class='ocrx_word' id='word_1_443' title='bbox 702 2682 820 2712; x_wconf 86' lang='lat' dir='ltr'>nostri.</span> <span class='ocrx_word' id='word_1_444' title='bbox 843 2682 1026 2714; x_wconf 77' lang='lat' dir='ltr'>Bent.—-25</span> <span class='ocrx_word' id='word_1_445' title='bbox 1055 2684 1101 2714; x_wconf 84' lang='lat' dir='ltr'>Tu</span> <span class='ocrx_word' id='word_1_446' title='bbox 1127 2683 1159 2713; x_wconf 93' lang='lat' dir='ltr'>in</span> <span class='ocrx_word' id='word_1_447' title='bbox 1182 2684 1268 2715; x_wconf 84' lang='lat' dir='ltr'>Mss.</span> <span class='ocrx_word' id='word_1_448' title='bbox 1286 2684 1488 2724; x_wconf 84' lang='lat' dir='ltr'>quibusdam</span> <span class='ocrx_word' id='word_1_449' title='bbox 1517 2691 1553 2716; x_wconf 86' lang='lat' dir='ltr'>et</span> <span class='ocrx_word' id='word_1_450' title='bbox 1577 2686 1657 2717; x_wconf 84' lang='lat' dir='ltr'>edd.</span> 
     </span>
     <span class='ocr_line' id='line_1_46' title="bbox 207 2718 1657 2765; baseline 0.008 -16"><span class='ocrx_word' id='word_1_451' title='bbox 207 2718 317 2751; x_wconf 82' lang='lat' dir='ltr'>deest.</span> <span class='ocrx_word' id='word_1_452' title='bbox 346 2721 533 2752; x_wconf 79' lang='lat' dir='ltr'>West.—26</span> <span class='ocrx_word' id='word_1_453' title='bbox 558 2723 635 2753; x_wconf 86' lang='lat' dir='ltr'>Duo</span> <span class='ocrx_word' id='word_1_454' title='bbox 652 2733 693 2754; x_wconf 82' lang='lat' dir='ltr'>ex</span> <span class='ocrx_word' id='word_1_455' title='bbox 717 2724 837 2755; x_wconf 65' lang='lat' dir='ltr'>nostris</span> <span class='ocrx_word' id='word_1_456' title='bbox 856 2725 1002 2765; x_wconf 84' lang='lat' dir='ltr'>codices,</span> <span class='ocrx_word' id='word_1_457' title='bbox 1017 2726 1092 2757; x_wconf 77' lang='lat' dir='ltr'>hoec.</span> <span class='ocrx_word' id='word_1_458' title='bbox 1119 2727 1245 2764; x_wconf 79' lang='lat' dir='ltr'>Recte;</span> <span class='ocrx_word' id='word_1_459' title='bbox 1270 2732 1307 2757; x_wconf 86' lang='lat' dir='ltr'>ut</span> <span class='ocrx_word' id='word_1_460' title='bbox 1331 2728 1479 2758; x_wconf 84' lang='lat' dir='ltr'>evitetur</span> <span class='ocrx_word' id='word_1_461' title='bbox 1498 2728 1657 2761; x_wconf 78' lang='lat' dir='ltr'>Hoinoeo-</span> 
     </span>
     <span class='ocr_line' id='line_1_47' title="bbox 208 2762 1656 2804; baseline 0.007 -13"><span class='ocrx_word' id='word_1_462' title='bbox 208 2762 370 2795; x_wconf 71' lang='lat' dir='ltr'>teleuton.</span> <span class='ocrx_word' id='word_1_463' title='bbox 395 2764 490 2797; x_wconf 80' lang='lat' dir='ltr'>Bent.</span> <span class='ocrx_word' id='word_1_464' title='bbox 517 2765 565 2797; x_wconf 82' lang='lat' dir='ltr'>hoe</span> <span class='ocrx_word' id='word_1_465' title='bbox 580 2765 672 2798; x_wconf 86' lang='lat' dir='ltr'>delet</span> <span class='ocrx_word' id='word_1_466' title='bbox 694 2767 795 2799; x_wconf 82' lang='lat' dir='ltr'>Both.</span> <span class='ocrx_word' id='word_1_467' title='bbox 812 2767 876 2799; x_wconf 76' lang='lat' dir='ltr'>haee</span> <span class='ocrx_word' id='word_1_468' title='bbox 891 2768 983 2800; x_wconf 86' lang='lat' dir='ltr'>Perl.</span> <span class='ocrx_word' id='word_1_469' title='bbox 1000 2779 1018 2800; x_wconf 89' lang='lat' dir='ltr'>e</span> <span class='ocrx_word' id='word_1_470' title='bbox 1035 2769 1151 2802; x_wconf 86' lang='lat' dir='ltr'>Berol.</span> <span class='ocrx_word' id='word_1_471' title='bbox 1166 2772 1198 2801; x_wconf 84' lang='lat'>2.</span> <span class='ocrx_word' id='word_1_472' title='bbox 1219 2770 1261 2801; x_wconf 84' lang='lat' dir='ltr'>Ut</span> <span class='ocrx_word' id='word_1_473' title='bbox 1278 2780 1335 2801; x_wconf 86' lang='lat' dir='ltr'>non</span> <span class='ocrx_word' id='word_1_474' title='bbox 1349 2770 1411 2801; x_wconf 81' lang='lat' dir='ltr'>sint</span> <span class='ocrx_word' id='word_1_475' title='bbox 1435 2780 1551 2802; x_wconf 84' lang='lat' dir='ltr'>ornnes</span> <span class='ocrx_word' id='word_1_476' title='bbox 1574 2772 1656 2804; x_wconf 81' lang='lat' dir='ltr'>Mss,</span> 
     </span>
    </p>
   </div>
  </div>
 </body>
</html>
