1966 3302
436 211 857 246 nnAuTowriMOR.
889 209 1002 241 Ac'r.
1035 209 1109 239 111.
1142 208 1211 239 sc.
1244 208 1297 238 11.
1508 195 1593 236 599

141 311 323 366 Aliquid
343 309 572 365 reperiret,
593 308 775 361 fingeret
795 306 1021 357 fallacias,

143 380 272 422 Unde
292 382 409 420 esset
430 377 712 426 adolescenti,
735 376 891 417 amicae
912 373 1032 429 quod
1054 373 1201 424 daret3

143 447 294 501 Atque
314 447 432 488 hunc
453 445 673 487 difficilem
694 444 881 485 invitum
903 444 1101 484 servaret
1123 453 1280 481 senem.

144 516 230 556 SY.
261 514 429 556 Garris.
489 513 576 553 CH.
609 512 726 553 Haec
747 511 869 552 facta
890 511 945 551 ab
968 510 1044 551 illo
1065 508 1344 563 oportebant,
1366 506 1487 561 Syre.
1541 505 1598 547 25

144 583 228 624 SY.
281 581 398 622 Eho!
447 580 623 628 laudas,
665 591 833 633 quaeso,
874 577 1001 618 heros
1040 577 1115 631 qui
1153 575 1339 616 fallunt?
1400 573 1489 616 CH.
1541 574 1595 616 In

315 648 416 689 loco
653 697 659 702 .

148 716 242 769 Ego
263 728 364 757 vero
386 714 536 756 laudo.
597 713 680 754 SY.
713 712 854 754 Recte
879 724 997 752 sane.
1059 709 1147 751 CH.
1179 708 1360 762 Quippe
1384 708 1487 762 quia

146 784 411 837 Magnarum
427 794 549 835 saepe
566 780 612 821 id
632 780 874 821 remedium
896 777 1206 832 aegritudinum
1227 777 1296 818 'st.

148 851 271 892 Huic
286 849 381 903 Jam
402 848 637 889 mansisset
658 846 814 888 unicus
834 850 994 899 gnatus
1015 845 1148 886 domi.

147 919 234 959 SY.
261 916 290 958 J
294 915 419 958 ocon'
440 928 495 956 an
515 915 626 955 serio
648 915 764 955 illaec
785 913 921 963 dicat,
941 912 1122 963 nesci03
1546 911 1603 952 30

147 984 253 1026 Nisi
274 983 379 1025 mihi
401 983 577 1037 quidem
600 982 724 1023 addit
744 983 953 1028 animum,
977 993 1064 1034 quo
1087 980 1237 1021 lubeat
1259 979 1415 1032 magis.

148 1053 237 1094 CH.
268 1051 326 1092 Et
346 1064 478 1100 nunc,
499 1049 605 1104 quid
628 1054 852 1104 expectat,
873 1049 1013 1104 Syre?
1046 1062 1099 1089 an
1122 1048 1224 1089 dum
1242 1047 1345 1088 hinc
1362 1046 1506 1088 denuo

148 1119 310 1168 Abeat,
334 1131 436 1159 cum
458 1118 642 1159 tolerare
663 1117 797 1171 hujus
820 1122 991 1158 sumtus
1011 1129 1102 1157 non
1125 1116 1289 1170 queat?

148 1259 207 1289 qna
222 1250 394 1280 adolescens
409 1249 543 1288 haberet,
558 1249 637 1288 quod
660 1249 788 1279 donaret
813 1248 932 1286 amicae,
954 1257 990 1278 ac
1015 1247 1111 1277 vitam
1137 1249 1333 1278 conservaret
1358 1245 1428 1276 hnic
1453 1244 1532 1282 seni,
1555 1244 1609 1284 qui

146 1292 292 1323 continuo
317 1292 420 1323 labore
447 1301 478 1323 se
501 1295 619 1328 enecat,
646 1301 774 1330 moroso,
799 1301 835 1322 ac
861 1291 958 1321 vitam
975 1290 1168 1329 fastidienti.
1213 1289 1274 1319 SY.
1298 1289 1433 1320 Jocarz's.
1480 1288 1550 1318 CH.
1578 1287 1606 1316 Ο

150 1333 244 1376 Syre,
259 1335 386 1367 debebat
400 1335 450 1366 hic
465 1344 570 1366 servus
593 1335 656 1366 hoec
681 1345 748 1374 quae
769 1335 839 1364 dixi
855 1333 973 1371 facere.
1019 1334 1080 1364 SY.
1106 1333 1186 1370 Eho,
1201 1332 1332 1368 obsecro,
1351 1331 1492 1362 laudibus
1506 1339 1609 1370 prose-

147 1378 251 1417 queris
272 1388 323 1410 eos
344 1387 458 1415 servos,
480 1378 533 1419 qui
556 1377 648 1408 verba
675 1378 750 1408 dant
777 1375 933 1408 dominis?
978 1377 1048 1408 CH.
1073 1375 1181 1406 Laudo
1206 1384 1256 1406 eos
1277 1375 1406 1413 scilicet,
1433 1374 1557 1421 quando
1575 1373 1608 1403 id

140 1420 269 1458 faciunt
285 1422 318 1452 in
334 1424 478 1461 tempore,
501 1424 532 1452 et
547 1423 724 1460 opportune.
768 1419 831 1451 SY.
858 1420 950 1450 Certe
965 1422 1048 1450 recte
1054 1417 1151 1456 favis.
1198 1417 1265 1449 CH.
1291 1419 1376 1449 Nam
1382 1418 1514 1456 fallacia
1530 1425 1609 1454 ejus-

146 1464 229 1494 modi
243 1463 384 1505 plurimis
399 1463 508 1494 mentis
522 1466 553 1494 et
568 1463 702 1504 corporis
716 1462 868 1494 doloribus
883 1472 963 1503 soepe
977 1463 1123 1493 medetur.
1171 1460 1209 1492 Si
1216 1461 1386 1501 fefellisset
1414 1461 1528 1492 Dromo
1554 1459 1608 1489 do-

147 1506 264 1537 minum
278 1517 366 1537 suum
382 1506 607 1541 Menedemum,
626 1506 695 1543 J'am
716 1506 754 1536 ab
769 1515 802 1536 eo
809 1505 902 1547 filius
920 1505 1024 1536 Clinia
1041 1515 1101 1535 non
1117 1504 1302 1543 aufugisset.
1347 1505 1409 1535 SY.
1437 1503 1552 1534 Nescio
1567 1511 1608 1532 an

151 1549 298 1580 Chremes
309 1550 394 1581 dicat
404 1551 464 1580 ista
473 1549 650 1589 pet-jocum,
666 1559 705 1579 an
722 1558 761 1579 ex
777 1549 891 1587 animo,
904 1549 957 1579 sed
973 1547 1050 1579 mihi
1066 1550 1160 1586 auget
1173 1548 1375 1587 voluntatem,
1390 1550 1423 1578 ut
1442 1546 1543 1585 magis
1558 1555 1610 1575 cu-

145 1592 232 1632 piam
243 1592 377 1631 technas,
388 1602 463 1633 quas
474 1593 586 1631 cogito,
595 1591 752 1632 perlicere.
799 1592 867 1622 Cn.
883 1592 911 1622 Ο
925 1591 1016 1631 Syre,
1029 1592 1102 1631 quid
1111 1591 1174 1629 ipse
1185 1600 1290 1621 servus
1302 1586 1555 1630 expectatffnunc?
1569 1597 1610 1618 an

146 1638 289 1675 expectat
309 1635 402 1666 donec
426 1635 528 1666 Clinia
543 1635 657 1666 iterum
673 1634 743 1665 hinc
758 1644 798 1665 ex
812 1636 900 1665 domo
910 1635 1012 1675 patris
1027 1633 1177 1673 discedat,
1192 1643 1260 1664 cum
1276 1634 1304 1664 is
1328 1643 1388 1664 non
1408 1633 1505 1674 possit
1518 1631 1607 1670 ferre

756 1739 991 1752 “mu‘'

148 1820 231 1848 —21
257 1817 316 1848 ΒΓ.
343 1817 534 1856 interrogat
561 1820 637 1857 post
651 1816 829 1858 fieri—22
857 1816 1026 1848 Fallaciam
1055 1815 1171 1848 Guelf.
1188 1819 1303 1849 1.—25
1329 1816 1370 1848 Ζ.
1391 1816 1493 1848 Bent.
1515 1816 1608 1849 Peri.

150 1860 230 1900 Bip.
245 1860 346 1892 Both.
369 1860 625 1901 oportebat.—27
644 1859 738 1895 Quia.
783 1858 892 1890 Abest
906 1870 925 1890 a
941 1860 991 1891 M.
1028 1859 1069 1890 In
1088 1859 1289 1902 quibusdam
1306 1859 1385 1891 libb.
1402 1865 1471 1899 est,
1489 1860 1609 1900 Quippe

149 1903 215 1944 qui.
260 1902 360 1934 Unde
379 1903 412 1934 in
429 1902 504 1934 cod.
519 1902 640 1933 Bembi
657 1902 863 1943 ascriptum:
887 1903 897 1919 ⁴
915 1903 1090 1943 parelcon.
1107 1903 1260 1934 abundat
1275 1903 1351 1943 qui.'
1370 1903 1476 1933 West.
1509 1904 1518 1919 ‘
1535 1904 1609 1933 Me·

150 1947 251 1977 liores
267 1945 371 1977 nostri
398 1945 518 1986 Quippe
539 1944 612 1985 qui!
635 1945 737 1976 Bent.
785 1947 795 1962 ⁴
813 1945 936 1986 Quippe
960 1947 1044 1986 quia.
1091 1945 1145 1977 An
1172 1944 1274 1986 quod?
1299 1950 1395 1976 certe
1425 1947 1514 1986 vulg.
1539 1947 1610 1986 quia

153 1988 322 2020 redundat
338 1989 490 2028 syllaba!
503 1989 582 2029 Bip.
609 1988 730 2028 Quippe
745 1988 798 2028 qui
815 1989 874 2019 ΒΓ.
895 1989 1069 2020 PerL—28
1083 1989 1187 2029 vulg.
1205 1990 1238 2020 id
1254 1988 1524 2020 ominium—29
1536 1990 1611 2020 Jam

149 2031 223 2062 huic
238 2032 409 2063 mansisset.
456 2031 534 2062 Non
551 2036 688 2062 constat
706 2040 835 2070 versuS‚
857 2031 918 2062 nisi
937 2037 996 2063 ant
1011 2033 1087 2063 Jam
1108 2038 1166 2063 aut
1190 2032 1262 2064 huic
1286 2032 1319 2062 in
1337 2031 1526 2073 disyllabon
1544 2031 1610 2062 dis-

150 2075 284 2105 solvas:
309 2083 452 2116 quorum
468 2078 626 2105 neutrum
644 2075 770 2113 piacet.
816 2075 970 2114 Repono,
996 2075 1083 2106 Huic
1100 2075 1170 2113 jam
1197 2086 1238 2107 m.
1276 2075 1378 2106 Bent.
1424 2075 1507 2106 Vet.
1533 2074 1609 2107 cod.

151 2127 206 2158 ap.
224 2116 319 2149 Lind.
366 2117 450 2147 Nam
471 2117 553 2147 huic.
600 2118 608 2133 ‘
626 2117 702 2148 Jam
717 2117 788 2148 huic
803 2127 844 2148 m.
869 2127 968 2148 versu
986 2127 1118 2157 manen,
1143 2117 1196 2149 cui
1222 2128 1422 2149 succurrens
1439 2119 1542 2149 Bent.
1560 2128 1612 2149 re-

153 2160 304 2202 ponebat
322 2160 408 2190 Huic
423 2159 513 2198 J'am:
537 2159 595 2190 sed
615 2159 701 2190 bene
718 2159 784 2191 Gn.
804 2163 834 2190 l.
854 2160 931 2190 dum
959 2162 1092 2200 primum
1109 2159 1203 2192 huic?
1224 2161 1329 2192 Both.
1347 2162 1403 2202 qui
1421 2161 1525 2201 igitur
1542 2161 1613 2201 dat,

153 2203 189 2235 J.
203 2203 337 2244 primum
352 2202 422 2233 kuic
440 2212 475 2241 g.
492 2211 522 2233 u.
537 2202 699 2234 mansisset
714 2203 745 2234 d.
788 2202 863 2233 Jam
878 2203 949 2233 huic
965 2203 1047 2234 daut
1063 2203 1123 2235 ΒΓ.
1153 2204 1243 2236 Peri.
1267 2204 1345 2244 Bip.
1371 2204 1410 2236 Z.
1436 2204 1612 2244 Delph.—

156 2248 199 2277 30
222 2246 282 2278 ΒΥ.
304 2246 381 2276 Joco
395 2255 436 2277 an
450 2255 477 2276 s.
522 2245 532 2262 ‘
549 2244 672 2276 Boend.
696 2250 731 2275 et
756 2245 824 2276 Ms.
852 2245 945 2286 Lips.
968 2246 1020 2277 ille
1045 2246 1109 2277 hoec
1136 2247 1232 2278 dicat.
1281 2245 1356 2278 EA.
1381 2247 1434 2277 ille
1462 2247 1543 2278 z'uaec
1571 2246 1612 2279 d!

154 2289 264 2320 west.
306 2289 315 2306 ‘
331 2288 422 2329 Lege
440 2297 514 2319 cum
533 2287 663 2318 duobus
680 2289 814 2327 nostris,
838 2288 890 2319 ille
912 2289 981 2328 haecv
1001 2289 1111 2320 dicat.’
1134 2289 1236 2321 Bent.
1260 2289 1316 2321 Ita
1341 2295 1376 2321 et
1401 2289 1485 2321 dant
1510 2291 1612 2321 Both.

160 2331 256 2363 Perl.
280 2331 367 2362 Illaec
396 2329 514 2362 Guelf.
542 2333 661 2362 2.—31
688 2331 798 2362 Libeat
822 2341 883 2372 pro
899 2331 1000 2362 lubeat
1023 2331 1076 2363 Id.
1094 2337 1130 2363 et
1143 2332 1290 2364 Ena—32
1314 2332 1358 2364 At
1378 2343 1468 2364 nunc.
1516 2333 1611 2363 Alias

160 2375 216 2406 Et.
244 2375 301 2406 Er.
345 2375 355 2392 ‘
372 2374 418 2405 At
446 2383 527 2404 nunc
552 2383 582 2413 q.
606 2383 633 2405 e.
657 2374 753 2405 Bem.
781 2378 817 2405 et
842 2374 899 2404 alii
917 2375 1049 2414 antiqui
1067 2375 1194 2406 habent
1213 2376 1255 2406 Et
1271 2385 1372 2406 nunc:
1395 2376 1484 2417 quod
1502 2376 1610 2416 magis

155 2426 364 2458 consequens
382 2415 539 2447 videtur!
567 2416 623 2448 Fa.
667 2416 797 2447 Omnes
819 2427 954 2458 quoque
986 2418 1088 2449 Bent.
1113 2419 1156 2449 Et
1180 2421 1357 2449 uuna—33
1383 2418 1490 2450 Codd.
1505 2420 1611 2450 nostri

155 2460 303 2490 universi
316 2460 413 2499 itlius,
431 2469 496 2489 non
513 2458 615 2498 hujus.
660 2459 763 2490 Latet
779 2460 880 2491 altius
897 2459 1028 2491 vitium.
1059 2460 1215 2501 Repone,
1238 2460 1371 2501 Abigat,
1391 2473 1418 2492 c.
1445 2466 1469 2492 t.
1485 2462 1569 2492 illius
1582 2472 1606 2492 s.

156 2512 190 2533 n.
211 2513 243 2543 q.
268 2503 370 2534 Bent.
418 2502 472 2533 Ita
499 2506 535 2533 et
566 2501 666 2534 Both.
689 2502 789 2534 Abeut
804 2526 812 2534 .
825 2526 833 2534 .
848 2526 856 2534 .
873 2502 958 2534 illius
981 2505 1062 2534 dant
1078 2504 1139 2535 ΒΓ.
1157 2504 1249 2534 Perl.
1265 2504 1344 2545 Bip.
1388 2504 1457 2535 Alii
1474 2514 1535 2545 pro
1550 2515 1610 2536 non

816 2599 957 2632 NOTAE

201 2667 242 2695 30
264 2662 372 2694 Jocon'
400 2672 441 2693 un
468 2662 549 2694 serio
572 2663 653 2694 ilcaec
688 2662 786 2703 dicat,
807 2673 859 2695 ne-
957 2667 997 2695 31
1025 2663 1101 2695 Nisi
1115 2664 1192 2696 mihi
1207 2665 1346 2706 quidem]
1371 2666 1444 2697 Nisi
1459 2667 1520 2697 hoc
1537 2664 1613 2697 loco

157 2713 236 2755 scio]
265 2713 351 2745 Haec
381 2722 495 2744 secum
522 2712 608 2743 clam
626 2713 729 2753 Syrus
755 2713 860 2755 loqui·
917 2720 1101 2755 usurpatur
1119 2725 1179 2757 pro
1195 2716 1262 2756 sed,
1279 2721 1316 2747 ut
1333 2727 1425 2758 saepe
1443 2717 1531 2757 apud
1550 2718 1612 2747 Te-

160 2769 227 2795 tur.
916 2765 1075 2797 rentium.
