1966 3302
470 233 893 264 HEAU'roN'riMoR.
927 233 1039 263 Acr.
1064 233 1094 261 1.
1128 232 1195 262 sc.
1222 233 1274 262 ιι.
1517 220 1602 261 559

139 333 415 386 Miseretque
436 344 505 372 ine
529 330 643 384 ejus.
706 330 809 379 Sed,
831 334 880 371 ut
901 328 988 369 diei
1010 332 1187 381 tempus
1210 332 1292 376 est,

139 400 321 441 Monere
343 403 521 453 oportet
541 412 611 439 me
632 398 745 439 hunc
767 397 961 438 vicinum
984 396 1214 444 Phaniam,

137 467 212 508 Ad
234 480 408 509 coenam
429 471 481 507 ut
497 467 659 507 veniat.
719 466 816 515 Ibo,
838 465 980 506 visam
999 464 1037 504 si
1060 463 1180 504 domi
1203 467 1285 504 est.

138 535 264 576 Nihil
284 547 399 588 opus
420 534 504 574 fuit
523 533 764 575 monitore:
788 531 1052 585 jamdudum
1072 531 1192 572 domi

139 604 316 645 Praesto
338 602 459 656 apud
479 615 547 643 me
569 615 669 643 esse
691 602 843 643 aiunt:
875 603 1047 653 egomet
1067 599 1284 640 convivas
1304 611 1466 640 moror.
1520 600 1604 641 120

139 670 223 711 lbo
240 668 352 710 adeo
372 669 474 710 hinc
494 668 608 710 intro
625 682 636 710 :
670 668 750 709 sed
775 667 881 722 quid
903 673 1170 721 crepuerunt
1190 667 1307 708 sores

139 738 262 779 Hinc
285 750 312 779 a
331 737 430 778 me?
463 737 664 793 quisnam
688 736 936 791 egreditur?
968 735 1053 778 huc
1076 747 1363 777 concessero.

138 879 194 911 Me
209 880 376 922 lacrymari
391 882 506 921 coegit,
522 885 552 913 et
565 882 630 922 ejus
644 883 731 913 valde
746 881 913 918 misere02·,·
929 891 1046 919 verum,
1058 882 1130 911 dum
1145 881 1245 912 adhuc
1266 880 1385 922 aliquid
1408 880 1471 911 diei
1495 890 1602 921 super·

136 926 196 961 est,
211 927 331 964 oportet
344 934 391 955 me
406 927 566 956 admonere
582 926 661 957 hunc
681 926 817 956 vicinum
832 925 1003 962 Phanium,
1023 928 1057 955 ut
1073 925 1176 955 veniat
1192 926 1232 954 ad
1247 935 1374 955 coenmn.
1420 924 1475 955 Ibo
1489 926 1605 961 visum,

136 966 165 996 si
186 970 233 997 est
257 967 351 998 domi.
397 967 491 999 Nihil
512 978 586 1008 opus
597 968 668 1006 suit
691 969 731 999 ad
753 978 869 998 coenum
889 971 1040 999 vocator-e.
1086 968 1209 998 Dicunt
1223 978 1291 998 eum
1306 970 1411 998 adesse
1417 968 1603 1005 jamdudum

137 1009 220 1039 (tomi
235 1011 318 1050 apud
338 1021 396 1042 me.
443 1012 575 1050 Egomet
586 1012 620 1041 in
634 1021 719 1042 mora
735 1021 804 1042 sum
818 1012 955 1042 convivis
970 1010 1023 1047 iis,
1039 1010 1092 1050 (μα’
1107 1011 1147 1040 acl
1166 1020 1282 1041 coenom
1301 1012 1404 1041 vocati
1418 1014 1502 1041 sont.
1548 1011 1603 1040 Ibo

137 1051 209 1086 hinc
230 1052 313 1084 intro
334 1055 476 1086 domum:
498 1056 553 1085 sed
578 1055 653 1094 quid
667 1055 778 1095 janua,
802 1058 831 1085 et
856 1065 876 1086 ιι
895 1064 952 1095 quo
978 1053 1134 1094 aperiente
1154 1051 1288 1086 stridit?
1314 1054 1383 1095 quis
1397 1053 1464 1085 exit
1479 1064 1497 1085 α
1514 1054 1602 1086 domo

137 1098 225 1127 mea?
248 1096 323 1128 Huc
338 1097 421 1128 intro
436 1107 483 1129 me
497 1107 550 1128 con
568 1107 662 1130 eram.

736 1203 979 1215 “moe-e

139 1281 202 1310 116
225 1279 309 1310 Mss.
327 1278 485 1320 quidam.-
509 1280 584 1320 Sed,
599 1284 635 1312 ut
649 1281 730 1317 dixi,
753 1285 871 1322 tempus
885 1285 952 1313 est:
974 1281 1074 1313 male.
1118 1281 1198 1313 Vid.
1216 1280 1276 1311 inf.
1293 1290 1317 1313 1.
1336 1284 1368 1313 2.
1386 1284 1439 1313 38.
1463 1283 1605 1314 West.—-

140 1325 199 1353 117
225 1322 322 1354 Quod
340 1328 485 1355 testatus
502 1330 555 1355 est
572 1325 858 1364 Lindenbrogius,
882 1326 891 1342 ‘
907 1324 944 1356 τὸ
964 1328 1082 1365 oportet
1111 1324 1144 1354 in
1171 1324 1327 1355 omnibus
1354 1326 1527 1356 veteribus
1550 1326 1603 1356 Li·

138 1364 207 1396 bris
239 1365 354 1396 deesse
366 1365 387 1404 ;’
411 1367 499 1397 idem
517 1377 579 1407 ego
596 1367 638 1398 de
655 1368 779 1399 nostris
801 1373 921 1408 testor,
937 1368 979 1398 ab
996 1367 1151 1398 omnibus
1169 1367 1201 1398 id
1219 1368 1354 1406 abesse,
1372 1374 1604 1409 praeterquam

138 1408 270 1439 duobus
288 1418 331 1439 ex
348 1410 606 1448 recentissimis,
629 1412 685 1452 qui
704 1412 834 1442 Monere
854 1421 900 1442 me
925 1415 1045 1451 oportet
1060 1410 1201 1442 liabent.
1247 1411 1347 1442 Unde
1365 1411 1427 1442 hoc
1445 1412 1603 1442 evenisse

138 1451 253 1482 dicas?
277 1452 340 1482 uisi
356 1453 446 1493 quod
463 1454 540 1484 olim
560 1454 699 1485 verbum
728 1454 863 1495 aliquod
889 1455 964 1486 ltine
987 1453 1177 1492 exciderim
1202 1453 1293 1494 quod
1317 1463 1407 1485 nunc
1431 1465 1500 1485 suae
1531 1455 1604 1487 sedi

137 1494 301 1525 restituo:
328 1495 386 1527 Set
411 1499 445 1526 ut
472 1497 535 1528 diez·
563 1501 682 1536 tempus
709 1501 767 1536 est,
794 1498 938 1537 Tempust
954 1507 1078 1528 monere
1103 1508 1150 1527 me
1173 1497 1254 1528 hunc
1280 1497 1416 1528 vicinum
1436 1497 1602 1530 Phanium.

137 1538 147 1554 ⁴
165 1538 314 1578 Tempus
330 1544 380 1569 est
395 1549 533 1570 monere
548 1539 567 1569 ε’
584 1546 622 1570 ut
640 1540 726 1571 Hec.
746 1549 797 1572 iv.
809 1544 840 1572 2.
858 1543 911 1572 21.
935 1542 945 1558 ‘
961 1541 1109 1580 Tempus
1127 1546 1180 1571 est
1197 1539 1411 1571 concedere.’
1459 1541 1511 1572 Ex
1530 1552 1604 1571 ver-

138 1579 190 1613 bis
207 1581 338 1612 duobus
355 1582 526 1615 continuis
548 1583 748 1614 alterutrum
773 1584 950 1621 excidere,
968 1584 1107 1614 solenne
1124 1588 1189 1613 est.
1215 1583 1312 1616 Rem.
1360 1584 1492 1623 Oportet
1508 1584 1606 1616 abest

137 1623 306 1656 Biz—118
329 1624 386 1656 Ibo
416 1628 451 1656 ut
480 1626 590 1657 visam.
638 1627 689 1658 Ex
721 1625 787 1657 fide
819 1626 967 1657 omnium
1000 1627 1021 1658 l.
1050 1637 1075 1656 s.
1107 1626 1205 1657 deleo
1234 1627 1437 1665 particulam
1461 1630 1507 1657 ut.
1544 1628 1603 1660 Fa.

135 1667 145 1683 ‘
166 1667 284 1698 Nostri
310 1672 435 1706 tamen,
461 1668 585 1699 demtis
614 1676 773 1709 quatuor,
804 1679 919 1700 omnes
945 1673 979 1701 ut
1005 1669 1156 1708 liabent3
1179 1668 1242 1699 nisi
1260 1670 1349 1710 quod
1367 1680 1408 1700 ex
1433 1670 1604 1702 Medianis

139 1709 237 1748 alter,
261 1709 311 1740 ibo
335 1714 365 1741 et
381 1711 504 1741 visum)
530 1713 741 1743 Bene—120
766 1712 823 1744 Al.
840 1713 940 1743 Aiunt
956 1716 1064 1743 moeslo
1080 1723 1108 1743 ιι,
1124 1722 1164 1743 m.
1179 1722 1251 1743 esse.
1275 1712 1376 1743 Both.
1424 1713 1545 1744 Proesto
1561 1714 1605 1744 mi

138 1762 201 1783 esse
216 1753 423 1785 aiunt.-121
451 1754 618 1786 Ultimum
645 1765 692 1785 vs.
710 1756 800 1796 Guy.
819 1756 927 1786 deleri
945 1756 1027 1793 vult,
1048 1755 1217 1786 advocans
1235 1756 1478 1787 auctoritatem
1496 1756 1605 1788 Geor-

138 1796 183 1835 gii
204 1796 361 1828 Fabricii.
406 1797 441 1827 Is
459 1807 540 1828 vero
556 1808 622 1828 non
641 1805 772 1829 tantum
791 1799 887 1836 dicit,
905 1800 1061 1840 quaedam
1091 1799 1177 1829 Mss.
1207 1808 1281 1829 eam
1307 1809 1372 1829 non
1402 1809 1604 1840 agnoscere,

138 1838 197 1870 sed
214 1845 250 1870 et
267 1839 381 1872 laudat
401 1850 420 1870 a
437 1839 553 1881 figuris
570 1842 728 1880 ComiciS‚
753 1847 787 1872 et
805 1842 836 1875 in
855 1843 929 1874 Pal.
948 1842 1103 1874 exhiberi
1123 1842 1183 1873 ait.
1230 1843 1288 1873 Me
1302 1841 1341 1876 τὸ
1356 1843 1428 1873 hinc
1444 1843 1604 1874 iteratum

139 1882 238 1922 paulo
252 1880 409 1921 offendit,
425 1888 521 1915 tanto
537 1885 658 1924 magis
682 1885 770 1926 quod
790 1886 822 1915 in
840 1885 949 1916 Libris
975 1884 1144 1916 nonnullis
1168 1885 1293 1925 reperi,
1307 1886 1358 1915 hic
1370 1897 1389 1916 α
1405 1896 1462 1915 me.
1511 1886 1605 1917 Inte-

139 1934 234 1963 grum
253 1925 355 1962 igitur
370 1926 480 1957 locum
498 1927 549 1958 ita
565 1928 818 1966 ordinaverim:
841 1928 890 1958 ibo
918 1930 992 1959 adeo
1017 1929 1088 1959 hinc
1103 1929 1198 1958 iutro.
1246 1928 1308 1959 Sed
1332 1929 1404 1968 quid
1420 1934 1605 1968 crepuerunt

129 1967 239 2005 fores?
260 1968 309 1998 hia:
324 1979 343 1999 ιι
359 1980 406 2001 me
422 1971 562 2010 quisnam
578 1971 762 2009 egreditur?
805 1972 895 2002 Sane
920 1974 929 1989 ⁴
944 1972 1062 2008 egredi
1080 1971 1122 2002 ab
1149 1972 1261 2012 aliquo
1273 1970 1282 1984 ’
1309 1972 1480 2002 Comicum
1499 1978 1552 2003 est
1569 1979 1605 2004 et

135 2011 392 2042 Terentianum.
437 2014 705 2044 Distinctionem
734 2014 872 2045 firmant
898 2016 1195 2055 praestaiitissiniae
1221 2013 1300 2044 edd.
1327 2014 1425 2046 Junt,
1450 2014 1529 2045 Ald.
1554 2016 1604 2048 St.

139 2054 228 2087 aliae.
277 2054 396 2086 ssoend.
411 2054 460 2087 ibo
476 2057 550 2087 adeo
567 2057 617 2087 hic
631 2057 724 2088 intro.
771 2058 815 2088 Et
832 2067 923 2096 mox,
944 2057 1017 2088 hine
1033 2069 1052 2088 ιι
1069 2068 1116 2089 me
1131 2058 1273 2100 quisnam
1287 2058 1471 2097 egreditur?
1495 2059 1604 2095 West⁴³

137 2098 225 2131 Adeo
241 2096 341 2129 abest
358 2098 527 2134 Br.-122
554 2100 689 2135 Quinum
706 2098 825 2134 Guelf.
842 2103 874 2135 2.
892 2107 927 2136 et
944 2101 1003 2135 ΒΕ.

554 2421 759 2464 ACTUS
794 2423 831 2465 I.
893 2423 1101 2465 SCENA
1133 2424 1197 2467 II.

589 2546 613 2575 C
625 2547 844 2580 MTJPHO.
903 2548 1155 2579 CHREMES.

139 2607 222 2649 CL.
255 2609 414 2651 N1H11,
433 2602 576 2654 adhuc
595 2619 679 2664 est,
697 2616 814 2669 quod
836 2629 1030 2666 vereare,
1049 2616 1223 2657 Clinia:
1255 2615 1605 2670 haudquaquam

313 2679 448 2720 etiam
470 2687 673 2724 cessant:

181 2789 241 2820 CL.
268 2790 297 2820 Ο
315 2790 523 2831 &mammii
538 2795 583 2824 est
596 2795 722 2833 propter
738 2793 815 2833 quod
832 2792 940 2824 timeas
959 2792 1157 2834 Antiphilam
1176 2803 1234 2825 non
1254 2797 1425 2825 venturum.
1457 2795 1601 2825 Nomium
