1966 3302
524 242 837 274 Pnofflnioms
870 241 978 271 Αοτ.
1011 240 1077 272 iv.
1098 231 1176 270 sc.
1211 241 1241 270 1.
1525 229 1611 270 983

156 340 251 382 AN.
282 334 514 394 Numquid
546 343 630 390 est,
665 339 784 394 qnod
808 351 944 392 opera
963 351 1061 379 mea
1081 337 1209 379 vobis
1230 342 1348 390 op'us
1370 323 1460 376 sit?
1520 333 1610 375 GE.

327 408 477 450 Nihil:
507 421 657 449 verum
681 408 755 448 abi
776 407 981 457 domum3

157 477 216 518 Et
235 476 357 518 illam
377 477 592 526 miseram,
614 489 746 530 quam
767 488 848 528 ego
868 487 984 515 nunc
1005 474 1124 514 intus
1146 473 1240 513 scio
1263 484 1361 512 esse
1383 470 1611 511 exanima-

328 554 417 590 tam
438 550 572 594 metu,

160 615 430 657 Consolare:
463 614 653 655 cessas?
728 611 821 653 AN.
854 609 979 651 Nihil
1013 613 1097 658 est,
1144 620 1268 662 aeque
1300 606 1417 661 quod
1446 605 1611 648 faciam

328 684 499 724 lubens.

157 745 292 793 PHAE.
325 749 431 802 Qua
448 751 524 792 via
542 750 659 790 istuc
680 747 817 789 facies
834 747 853 786 ’ἱ
915 745 1004 787 GE.
1032 745 1191 786 Dicam
1210 745 1256 785 in
1277 744 1454 785 itinere:
1476 742 1608 783 modo

330 825 372 859 te
393 818 492 859 hinc
504 829 686 867 amove.

157 945 363 984 Properemus
376 944 478 983 igitur
489 944 528 974 ad
542 953 611 974 eum
626 943 683 975 ire,
730 943 798 975 AN.
822 942 984 982 Numquid
997 945 1054 980 est,
1066 941 1098 972 z'n
1110 951 1167 982 quo
1179 939 1263 971 vobis
1277 949 1369 980 opera
1383 948 1450 969 mea
1464 937 1536 968 usui
1550 947 1614 968 esse

152 987 273 1029 possit?
316 987 385 1018 GE.
411 986 504 1019 Nihil
515 999 524 1017 .·
546 997 649 1017 rerum
674 986 725 1017 abi
750 988 883 1024 domum,
909 989 939 1016 et
965 986 1118 1023 infelicem
1134 983 1306 1021 Phanium,
1329 991 1420 1022 quam
1442 991 1509 1020 ego,
1535 991 1616 1012 mmo

157 1030 242 1061 domi
252 1031 479 1071 perturbatam,
502 1033 588 1060 metu
608 1032 699 1069 atque
714 1030 924 1060 exanimatam
939 1038 1001 1058 esse
1016 1031 1098 1059 certo
1113 1027 1187 1065 scio,
1203 1026 1304 1057 verbis
1325 1025 1434 1056 amicis
1447 1024 1615 1055 consolare.

160 1074 245 1109 Quid
259 1074 437 1105 cunctaris?
481 1072 551 1104 ΑΝ.
574 1072 668 1102 Nihil
682 1077 741 1111 cst,
756 1074 835 1113 quod
848 1071 1018 1110 jucundius
1040 1071 1117 1101 mihi
1136 1070 1190 1107 sit,
1205 1079 1296 1110 qnam
1310 1068 1365 1098 hoc
1379 1068 1498 1106 facere.
1542 1066 1614 1097 ΡΗ.

159 1117 228 1152 Quo
243 1120 332 1156 pacto
346 1119 511 1156 argentum
522 1115 576 1146 hoc
591 1115 726 1146 invenies
740 1114 756 1147 ,Ἰ
801 1115 867 1146 GE.
892 1114 1005 1145 Dicam
1018 1114 1076 1145 tibi
1091 1116 1172 1145 inter
1181 1114 1313 1144 eundum
1326 1122 1336 1142 .·
1358 1112 1447 1142 modo
1462 1110 1534 1141 hinc
1543 1119 1615 1150 pro·

147 1160 306 1201 ficiscere.

764 1220 1002 1232 eeeeeeeeeee

157 1300 218 1331 Fa.
262 1299 399 1340 Duplex
419 1297 651 1337 ciausulajam
667 1297 746 1327 olim
762 1297 840 1327 hnic
853 1296 966 1327 versui
988 1296 1144 1337 apposita
1160 1301 1235 1326 est:
1261 1294 1326 1326 GE.
1350 1294 1470 1324 Eamus
1485 1302 1558 1332 ergo
1574 1294 1615 1324 ad

156 1351 225 1374 eum
240 1341 336 1373 ocius.
381 1340 450 1372 AN.
474 1340 565 1371 Solus
580 1344 627 1371 est
642 1340 729 1371 homo
743 1342 839 1371 mnico
863 1342 997 1370 amicus.-
1023 1340 1095 1370 Pu.
1118 1338 1182 1369 Abi
1198 1338 1260 1375 dic,
1284 1340 1398 1377 praesto
1413 1341 1448 1368 ut
1463 1337 1505 1368 sit
1520 1337 1615 1369 domi.

157 1386 204 1419 Et
219 1385 294 1416 fieri
309 1384 446 1426 quidem
464 1388 589 1424 potest,
603 1388 643 1413 ut
658 1389 805 1423 utraque
823 1393 900 1414 vera
917 1383 961 1414 sit
977 1393 984 1413 :
1008 1382 1142 1413 scilicet
1158 1387 1195 1412 ut
1211 1380 1331 1411 eodem
1356 1385 1510 1420 tempore
1525 1386 1617 1410 uter·

158 1438 238 1470 que,
253 1427 346 1459 Geta
361 1432 397 1459 et
413 1426 585 1465 Phaedria,
605 1426 824 1467 loqueretur:
849 1431 887 1457 ut
908 1426 996 1457 Hec.
1014 1435 1048 1456 v.
1068 1427 1098 1455 2.
1114 1427 1167 1456 24.
1183 1429 1218 1455 et
1242 1427 1295 1455 25.
1313 1423 1474 1453 videntur
1493 1422 1615 1454 eodem

155 1477 313 1512 tempore
329 1470 459 1501 Laches
475 1474 512 1501 et
525 1468 717 1510 Phidippus
731 1479 807 1500 suos
823 1478 940 1500 versus
957 1468 1207 1509 pronuntiasse.
1251 1466 1343 1497 Libri
1366 1466 1474 1497 nostri
1488 1470 1616 1497 utram-

156 1524 222 1555 que
239 1514 380 1553 }iabeut,
396 1513 459 1544 nisi
482 1512 572 1553 quod
589 1512 792 1543 veterrimus
819 1513 965 1551 priorem
987 1511 1132 1542 omittit:
1157 1510 1254 1540 Bem.
1273 1513 1394 1540 contra
1415 1514 1450 1540 et
1466 1509 1520 1539 Vi.
1537 1518 1614 1548 pos-

158 1559 333 1589 teriorem.
379 1557 415 1588 Si
432 1566 474 1587 ex
491 1560 617 1587 eventu
634 1555 785 1593 judicare
802 1555 898 1592 licet,
913 1555 995 1596 (etsi
1008 1553 1181 1590 Phaedria,
1195 1559 1264 1584 tum
1279 1553 1415 1592 ignarus
1431 1551 1512 1591 quid
1523 1552 1616 1583 Geta

157 1600 349 1637 moliretur,
361 1603 370 1616 ‘
387 1599 480 1630 abire
493 1599 501 1611 ¹
518 1609 594 1629 eum
622 1597 770 1629 fortasse
792 1598 950 1639 jusserit,
964 1599 1036 1637 ipse
1062 1595 1269 1636 secuturus,)
1295 1596 1460 1635 posterior
1476 1594 1614 1635 repudi-

157 1643 247 1674 auda
261 1643 348 1681 erit3
371 1642 464 1674 Geta
478 1643 566 1673 enim
582 1651 649 1672 non
667 1642 848 1681 praecurrit
863 1641 906 1672 ad
923 1641 1177 1677 Phormionem,
1200 1641 1262 1670 sed
1279 1648 1346 1669 una
1359 1648 1436 1670 cum
1454 1637 1613 1669 Phaedria

155 1686 197 1720 ad
215 1696 292 1717 eum
306 1686 395 1717 visit.
418 1685 516 1716 Bent.
563 1684 701 1715 Addunt
719 1685 761 1716 al.
789 1685 875 1715 Mss.
893 1684 972 1715 PH.
990 1684 1067 1722 Abi,
1095 1684 1282 1722 dic‚praesto
1296 1685 1331 1712 ut
1341 1681 1385 1712 sit
1400 1681 1493 1713 domi.
1528 1681 1614 1713 Quae

156 1738 239 1760 vero
258 1730 316 1760 Fa.
333 1734 371 1760 ut
387 1728 566 1759 subdititia
583 1727 720 1758 delevit.
767 1727 902 1758 Adsunt
919 1727 1054 1768 quidem
1067 1726 1100 1756 in
1118 1726 1202 1757 GM.
1221 1730 1256 1756 et
1273 1724 1348 1756 GC.
1371 1724 1433 1755 ubi>
1444 1724 1616 1762 integrum

158 1771 372 1803 constituunt
382 1780 526 1802 vei-suin.
573 1771 652 1802 Par.
668 1770 745 1801 huic
757 1771 869 1801 versui
881 1770 1033 1810 apponit.
1079 1769 1206 1799 Inserit
1224 1768 1496 1799 additamentum
1514 1767 1613 1798 Lind.

157 1820 236 1855 post
251 1825 299 1846 vs.
316 1818 482 1845 nostrum.
499 1817 552 1846 27.
574 1814 646 1854 [ap.
664 1823 733 1844 nos.
749 1813 818 1853 28]
843 1813 928 1844 GM.
954 1823 1029 1844 cum
1047 1812 1107 1842 ΒΓ.
1123 1810 1281 1851 [Delph.]
1305 1816 1382 1850 post
1404 1810 1498 1842 ocius.
1521 1810 1618 1841 Peri.

157 1858 227 1889 Alii
250 1857 460 1898 subjungunt
476 1857 552 1889 huie
570 1857 683 1887 versui
711 1865 843 1887 versum
868 1866 1006 1897 prorsus
1027 1854 1195 1892 inutilem,
1210 1855 1253 1884 al.
1280 1859 1487 1894 praeponnnt
1503 1854 1616 1884 versui

156 1903 211 1932 28.
233 1900 313 1931 PH.
337 1900 412 1935 Abi,
432 1901 484 1940 &a
515 1900 677 1939 ssip.—31
705 1899 772 1929 Ms.
797 1900 880 1930 Wit.
912 1899 1006 1930 Nihil
1030 1908 1112 1928 vero.
1143 1897 1193 1928 abi
1217 1898 1349 1927 domum.
1374 1897 1481 1927 West.
1527 1896 1616 1927 Post

158 1945 279 1974 domum
305 1943 407 1974 Both.
433 1941 529 1973 addit
559 1946 590 1973 et
617 1952 659 1972 ex
687 1952 731 1972 νς.
763 1942 1015 1982 sequeuti.—32
1042 1941 1152 1971 Abest
1176 1943 1259 1970 metu
1283 1950 1302 1970 a
1331 1937 1446 1970 Guelf.
1468 1942 1500 1970 2.
1547 1940 1615 1970 Ex-

156 1988 295 2060 gnimam
317 1986 378 2017 dat
404 1986 592 2017 Boin—34
619 1985 813 2025 Legendum
833 1990 947 2016 monet
978 1985 1078 2016 Bent.
1106 1984 1222 2015 Dicam
1237 1984 1270 2013 in
1283 1983 1373 2014 itere.
1419 1982 1475 2013 Ita
1495 1986 1530 2013 et
1555 1982 1615 2013 dat

190 2029 259 2061 oth.

565 2277 767 2319 ACTUS
800 2275 884 2317 IV.
945 2274 1152 2315 SCENA
1184 2273 1220 2314 I.

619 2378 861 2409 DEMIPHO.
907 2375 1157 2405 CHREMES.

160 2453 254 2493 DE.
287 2450 457 2501 Qum?
490 2462 579 2503 qua
602 2447 834 2501 profectus
858 2457 996 2485 causa
1017 2443 1117 2484 hinc
1145 2455 1194 2484 es
1228 2443 1459 2490 Lemnum,
1482 2438 1615 2481 Chre·

156 2516 159 2518 ’
329 2518 457 2559 mes'?

201 2621 271 2652 DE.
298 2619 405 2656 Quid?
428 2617 517 2657 cujus
537 2617 583 2648 rei
599 2626 691 2647 eausa
707 2615 857 2646 Lemnum
879 2612 1048 2651 navigasti,
1075 2609 1246 2642 Chremes?
1289 2609 1502 2642 Addua-istinc
1517 2612 1616 2641 tecum

770 2707 1006 2721 eeeeeeeeeeee

206 2785 221 2813 1
249 2780 388 2820 Chreme,
404 2778 571 2811 Adduxtin
592 2778 693 2810 Bent.
713 2776 814 2809 Both.
834 2776 871 2808 Z.
888 2776 965 2816 ssip.
1014 2774 1060 2805 Es
1075 2771 1244 2805 Lemnum?
1265 2772 1407 2813 Chreme,
1421 2770 1507 2803 Add.
1523 2770 1614 2816 Pieri.

165 2829 184 2843 Ι
