1966 3302
524 223 836 255 PHoRM1oN18
871 222 978 252 Aer.
1004 222 1058 252 11.
1091 222 1159 252 sc.
1189 221 1221 251 1.
1514 211 1599 252 943

147 318 408 361 Molendum
423 330 567 371 usque
588 318 634 358 in
649 317 864 372 pistrin03
885 316 1186 370 vapulandum
1204 329 1214 367 ;
1244 313 1461 356 habendae
1479 326 1599 355 com-

315 385 452 440 pedes
470 399 483 436 ;

146 453 271 507 Opus
291 453 379 494 ruri
398 451 679 493 faciundum:
701 452 855 492 horum
875 451 983 492 nihil
1000 451 1242 503 quicquam
1259 449 1433 490 accidet
1453 449 1598 489 animo

316 532 495 560 novum.
1541 515 1598 556 20

148 586 378 639 Quicquid
400 589 558 639 praeter
580 597 704 638 spem
725 584 911 634 eveniet,
943 596 1074 625 omne
1096 584 1141 625 id
1161 584 1398 638 'deputabo
1427 595 1524 624 esse
1553 583 1600 623 in

316 653 458 694 lucro.

147 719 235 762 Sed
256 719 363 774 quid
384 732 536 760 cessas
556 718 777 760 hominem
800 718 934 767 adire,
956 720 1000 758 et
1018 716 1180 758 blande
1203 716 1247 757 in
1277 716 1501 770 principio
1535 716 1601 757 al-

317 787 442 840 loqui
457 788 476 827 Τ

148 855 240 896 ΒΕ.
271 853 520 896 Phaedriam
541 852 628 894 mei
649 851 795 893 fratris
817 852 947 892 video
970 852 1109 893 filium
1132 852 1237 892 mihi
1259 852 1322 892 ire
1350 852 1541 892 obviam.

145 921 282 962 PHAE.
307 921 374 961 Mi
396 926 568 975 patrue,
589 919 729 961 salve.
773 919 863 960 DE.
883 920 1017 961 Salve
1036 933 1046 960 ε
1069 920 1150 960 sed
1172 920 1247 960 ubi
1270 923 1341 960 est
1361 918 1565 971 Antipho
1581 919 1601 958 ’ἒ

147 989 284 1030 PHAE.
316 988 494 1030 Salvom
516 988 741 1029 advenire.
801 987 893 1028 DE.
925 986 1097 1029 Credo:
1128 987 1215 1027 hoc
1238 986 1458 1039 responde
1479 985 1601 1026 mihi.

145 1109 305 1139 versanda>
318 1107 440 1140 assidue
458 1109 547 1139 moloe
562 1108 595 1138 z'n
607 1107 755 1148 pistrino,
771 1107 870 1146 virga>
885 1109 939 1138 aut
954 1106 1061 1144 fustes
1073 1107 1113 1137 ad
1129 1105 1334 1145 vapulandum
1349 1104 1508 1139 subeundi,
1523 1113 1602 1134 com-

142 1151 273 1191 pedibus
286 1160 377 1182 crura
388 1150 638 1188 constringenda,
650 1151 734 1181 ruris
745 1151 829 1191 operi
843 1150 934 1180 enixe
948 1148 1192 1179 incumbendum.
1219 1148 1310 1178 Nihil
1322 1147 1480 1186 quicquam
1496 1147 1604 1177 horum

145 1193 248 1224 animo
262 1193 459 1233 improvisum
478 1193 635 1232 continget
656 1193 732 1223 mihi
744 1205 753 1223 :
777 1192 918 1232 quicquid
931 1195 1047 1231 proeter
1062 1190 1302 1230 expectationem
1318 1190 1449 1228 eveniet,
1465 1190 1497 1219 id
1513 1199 1605 1228 appo-

146 1245 218 1266 nam
243 1236 337 1267 lucro.
389 1236 515 1274 Verum,
532 1235 693 1273 Phaedria,
713 1236 785 1275 quid
806 1235 962 1265 cunctaris
977 1235 1017 1264 ad
1033 1233 1256 1272 Demiphonem
1270 1233 1424 1269 accedere,
1439 1235 1470 1261 et
1485 1231 1604 1261 blandis

145 1278 246 1309 verbis
260 1278 293 1318 ire
306 1278 406 1318 primo
421 1287 586 1317 congressu
601 1287 668 1308 eum
683 1278 872 1317 compellare.
897 1278 966 1308 DE.
994 1276 1090 1308 Video
1107 1275 1286 1306 Phoedriam
1292 1273 1412 1312 fratris
1428 1274 1488 1305 mei
1507 1273 1604 1303 Chre-

146 1321 351 1361 metisfilium
365 1321 443 1352 mihi
459 1324 677 1351 occurrentem.
714 1321 786 1350 ΡΗ.
812 1320 863 1350 Mi
877 1323 996 1359 patrue,
1011 1320 1105 1349 salve.
1150 1318 1219 1348 DE.
1242 1317 1352 1347 Saltus
1367 1316 1421 1355 sis,
1434 1315 1583 1347 Phaedrz'a
1594 1327 1604 1346 .·

145 1364 199 1394 sed
219 1363 274 1394 ubi
301 1366 347 1394 est
373 1363 511 1403 Antipho
521 1367 534 1394 ?
578 1363 649 1395 Pa.
672 1362 799 1393 Salvam
820 1365 852 1393 te
873 1361 1019 1393 advenire
1045 1361 1176 1400 gaudeo.
1224 1360 1293 1391 DE.
1321 1360 1420 1391 Credo
1433 1370 1442 1390 .·
1475 1359 1530 1390 hoc
1556 1367 1604 1388 re-

754 1455 993 1469 eeeeeeeeeee

146 1524 285 1563 &cn—l9
309 1522 360 1555 M.
377 1523 458 1554 Mol.
473 1532 538 1554 esse
553 1523 598 1553 in.
625 1521 691 1554 Ms.
709 1522 801 1561 Lips.
819 1522 899 1552 Mol.
923 1521 1000 1552 mihi
1010 1530 1074 1551 esse
1088 1521 1122 1551 in
1138 1530 1169 1560 p.
1182 1530 1214 1560 p.
1232 1519 1274 1550 G.
1292 1522 1328 1550 et
1342 1518 1414 1550 ΕΡ.
1433 1518 1509 1549 Mol.
1527 1518 1605 1549 mihi

146 1568 301 1606 estusque
316 1565 350 1596 in
362 1576 396 1606 p.
425 1565 526 1597 Bodl.
541 1565 623 1596 Mol.
639 1565 716 1595 mihi
732 1574 795 1595 csse
809 1574 902 1604 usque
918 1564 949 1594 in
961 1574 992 1604 p.
1032 1563 1101 1594 Alii
1120 1564 1232 1593 aliter.
1268 1562 1421 1592 Donatus
1438 1566 1472 1591 et
1488 1571 1553 1592 esse
1569 1566 1605 1591 et

145 1617 239 1648 usque
267 1607 364 1648 legit,
401 1607 460 1639 sed
490 1607 636 1638 diversis
666 1606 859 1638 (lodicibus.
888 1608 944 1638 Tr.
987 1606 1141 1637 habenda:
1174 1603 1262 1645 quod
1304 1604 1396 1634 valet
1423 1603 1606 1634 habendum.

145 1649 203 1680 Sic
233 1649 267 1680 in
295 1650 417 1681 eodem
443 1649 581 1688 Codice,
615 1650 752 1680 molend3
781 1654 818 1680 et
835 1649 999 1687 faciunda.
1044 1648 1137 1679 Citat
1165 1647 1375 1684 Lactantius,
1404 1646 1445 1676 de
1477 1646 1605 1677 Divino

147 1692 308 1731 Praemio,
322 1702 399 1734 cap.
413 1695 468 1723 27.
510 1694 520 1709 ⁴
541 1692 754 1732 Reponenda
770 1697 848 1722 sunt
865 1691 960 1722 nobis
978 1700 1043 1722 non
1061 1695 1193 1721 tantum
1217 1689 1421 1720 Terentiana
1439 1689 1508 1725 illa,
1525 1689 1604 1719 Mol.

147 1743 210 1765 esse
221 1744 314 1776 usque
329 1735 362 1765 in
375 1735 554 1775 pistrinum,
569 1735 786 1775 vapulandum,
801 1734 946 1764 habendae
967 1734 1148 1773 compedes;
1172 1732 1231 1763 sed
1258 1731 1332 1762 &cl
1361 1731 1461 1763 lVest.
1505 1731 1604 1762 Bern.

147 1786 187 1807 ac
203 1777 257 1807 Vi.
273 1783 308 1809 et
323 1778 389 1809 Do.
406 1787 466 1817 pro
492 1787 599 1818 usque,
615 1777 741 1807 habent
768 1786 841 1807 esse.
885 1776 953 1806 Alii
980 1776 1058 1806 libri
1085 1780 1265 1814 utramque
1289 1774 1471 1804 dictionem
1496 1774 1604 1804 conti-

146 1823 242 1857 nent,
257 1825 377 1851 contra
393 1820 560 1851 rationem
583 1829 709 1850 versus.
731 1819 791 1850 Fa.
836 1819 1017 1849 ‚Molendum
1032 1828 1094 1849 csse
1109 1819 1141 1848 z'n
1159 1817 1303 1857 pistrino,
1318 1817 1535 1855 vapulandum,
1550 1816 1606 1846 Iza-

148 1861 253 1892 bendae
268 1862 438 1903 compedes]
462 1863 518 1893 Sic
534 1863 595 1893 Fa.
641 1861 708 1893 Sed
735 1862 916 1892 Donatus:
939 1861 949 1878 ‘
967 1861 1131 1891 vitiosam
1158 1859 1364 1890 locutionem
1389 1859 1503 1888 servili
1530 1868 1605 1897 per·

147 1913 239 1934 sonae
266 1904 364 1936 dedit
389 1905 597 1935 Terentius:
622 1914 699 1935 nam
725 1904 858 1941 integra
875 1907 982 1941 esset,
999 1904 1026 1933 si
1051 1903 1194 1941 diceret,
1213 1901 1385 1931 habendas
1400 1900 1604 1940 compedes:

147 1946 238 1976 unde
254 1947 389 1988 quidam
413 1957 479 1978 non
501 1957 578 1985 esse,
594 1947 653 1978 sed
678 1957 771 1986 usque
798 1945 938 1987 legunt?
985 1947 1093 1976 Recte
1121 1945 1257 1986 quidem
1280 1944 1355 1981 hoc,
1382 1943 1407 1973 si
1426 1943 1607 1973 Molendum

146 1998 210 2020 esse
225 1989 363 2029 legeris,
380 1989 501 2021 vitiose
523 1989 642 2020 inferri
659 1989 816 2020 habendae.
861 1988 927 2019 Sed
945 1988 1093 2018 demiror
1110 1997 1185 2018 eum
1203 1986 1305 2017 toties
1323 1985 1453 2016 auctori
1472 1986 1503 2015 id
1524 1986 1606 2016 vitio

149 2037 297 2071 vertere,
322 2033 410 2072 quod
435 2037 665 2072 peccaverant
691 2031 860 2062 Librarii:
891 2031 1036 2061 habendoe
1063 2030 1166 2061 etiam
1194 2028 1285 2068 apud
1312 2028 1370 2059 Pr.
1398 2032 1450 2059 est
1471 2037 1504 2067 p.
1531 2031 1606 2058 651.

149 2073 268 2104 Nostri
284 2083 400 2105 omnes
414 2074 571 2113 habendae,
586 2081 619 2105 et
638 2074 791 2114 plerique
813 2073 995 2104 Molendum
1011 2072 1088 2103 mihi
1102 2082 1166 2103 esse
1180 2081 1283 2111 usque.
1314 2071 1466 2110 Repone,
1486 2070 1607 2100 IlIolen·

148 2117 251 2147 damst
265 2115 299 2147 in
306 2117 456 2157 pistrino,
464 2117 681 2156 vapulandum,
691 2116 864 2147 habendum
878 2116 1046 2154 compedes,
1062 2116 1150 2155 Opus
1164 2115 1231 2144 ruri
1240 2113 1438 2153 faciundum.
1482 2113 1608 2144 Omnia

147 2158 203 2189 hic
229 2158 406 2190 Gerundia
436 2164 536 2197 sunt;
560 2169 639 2195 non,
656 2164 694 2189 ut
718 2160 887 2198 Donatus,
912 2160 921 2175 ‘
941 2157 1052 2197 Supra
1072 2157 1261 2194 Gerundia,
1287 2155 1375 2186 iufra
1398 2154 1607 2195 participia.’

149 2200 410 2241 Interpolarunt
425 2202 534 2232 locum
553 2200 724 2241 Magistri.
748 2201 845 2232 Bent.
890 2200 977 2231 GM.
998 2200 1144 2231 habendoe
1161 2199 1321 2230 exhibet:
1347 2203 1382 2228 et
1399 2208 1473 2238 sup.
1487 2199 1607 2237 script.

147 2246 231 2274 sunt.
276 2244 360 2275 Itid.
377 2243 454 2274 hab.
468 2242 583 2275 Guelf.
599 2247 630 2275 3.
647 2244 679 2274 in
697 2248 874 2274 contextu.
900 2243 985 2273 Perl.
1015 2242 1083 2282 Ap.
1111 2243 1268 2273 Lactant.
1294 2241 1380 2270 male
1397 2244 1522 2279 praeter
1538 2249 1607 2270 me—

150 2290 238 2318 trum
247 2286 404 2326 jungitur
421 2286 500 2317 Mol.
515 2296 578 2316 esse
598 2295 694 2325 usque
715 2286 749 2316 in
767 2296 797 2324 p.
835 2285 891 2316 Sic
915 2285 1004 2315 enim
1023 2294 1138 2315 versus
1156 2282 1337 2314 excrescit.
1366 2283 1440 2321 Bip.
1479 2282 1606 2313 Haben-

149 2328 222 2359 dum
238 2328 321 2359 Hel.
336 2333 375 2359 ut
389 2329 455 2366 legi
475 2328 578 2367 jussit
595 2329 698 2359 Bent.
724 2328 819 2359 Both.
863 2328 931 2360 Qui
956 2327 1004 2357 sic
1029 2327 1087 2357 dat
1109 2336 1185 2358 cum
1203 2326 1296 2356 Perl.
1339 2325 1418 2355 Esse
1438 2334 1499 2364 pro
1514 2334 1608 2364 usque

150 2369 211 2401 dat
226 2371 413 2402 Rom—22
437 2370 501 2402 Sed
517 2375 551 2401 tu
567 2370 658 2411 quid]
680 2370 866 2401 Inserimus
889 2374 935 2408 tu,
950 2369 1076 2410 absque
1094 2378 1160 2410 quo
1187 2366 1379 2399 octonarius
1403 2376 1468 2397 non
1486 2376 1606 2406 proce-

151 2412 214 2444 dit.
257 2413 462 2444 Scribebant
487 2413 556 2450 Set,
581 2414 671 2444 unde
696 2412 796 2443 facile
822 2412 889 2443 fuit
919 2411 1093 2442 absorberi
1124 2415 1168 2442 tu.
1195 2411 1271 2450 Bip.
1317 2409 1484 2440 Hominem
1507 2419 1607 2440 cessas

150 2455 362 2496 Delph.—23
385 2455 561 2495 Incipiunt
587 2456 721 2486 senarii.
766 2455 918 2486 Primum
946 2455 1099 2494 plerique
1128 2453 1281 2492 turbant,
1296 2452 1354 2493 qui
1377 2452 1496 2491 legunt
1514 2451 1607 2481 Phoe-

151 2497 254 2528 ‹it-iam
273 2498 333 2529 mei
347 2497 397 2535 fr.
441 2499 530 2529 Sane
553 2498 663 2537 ipsum
691 2507 812 2529 nomeu
839 2496 1020 2528 redundat.
1044 2497 1116 2536 Rip.
1162 2497 1257 2526 Vett.
1287 2494 1364 2524 edd.
1381 2494 1414 2524 in
1431 2494 1482 2524 his
1499 2493 1607 2524 Ante-

151 2540 299 2580 signani,
321 2540 434 2571 nescio
460 2550 525 2581 qua
549 2540 766 2579 auctoritate,
782 2540 946 2570 omittunt
966 2538 1003 2569 τὸ
1019 2537 1211 2569 Phoedrium.
1256 2538 1383 2567 Versus
1412 2541 1493 2567 tunc
1517 2535 1608 2566 foret

152 2582 313 2614 iambicus
341 2583 502 2614 senarius.
526 2583 624 2613 Both.
670 2582 813 2613 Omittit
842 2581 876 2612 id
900 2581 1025 2620 Delpb.
1052 2585 1087 2611 et
1110 2581 1156 2610 ire
1179 2580 1255 2610 milti
1279 2579 1461 2619 legin—25
1487 2577 1608 2609 Leidd.

153 2630 237 2663 tres,
252 2625 344 2665 Lips.
361 2626 419 2656 Tr.
436 2624 537 2656 Bodl.
554 2634 630 2655 cum
648 2625 720 2655 ΕΡ.
743 2624 868 2655 Salvom
890 2627 920 2654 te
943 2623 1100 2653 advenire.
1145 2622 1297 2654 Quartus
1315 2630 1389 2652 cum
1408 2621 1458 2651 M.
1483 2620 1608 2650 Salvom

152 2668 298 2699 advenire
327 2672 368 2699 te.
413 2668 570 2705 Quintus,
596 2666 648 2697 Ad
673 2667 833 2698 simbolum
856 2666 980 2696 vem're:
1015 2665 1166 2705 plerique
1194 2665 1263 2702 alii,
1301 2670 1335 2694 ut
1373 2663 1478 2694 edidi.
1505 2663 1606 2694 West.

154 2710 332 2750 Empbasis
356 2714 408 2741 est
424 2710 456 2740 in
471 2710 517 2748 τῷ
540 2710 628 2740 Hoc:
651 2719 683 2750 q.
699 2711 732 2740 d.
757 2708 856 2741 Quod
883 2707 1075 2748 quaerebam
1091 2707 1135 2738 de
1154 2706 1358 2746 Antiphone,
1374 2706 1408 2736 id
1431 2706 1520 2736 scire
1548 2714 1608 2735 ex-

154 2757 304 2793 peto,ne
326 2757 363 2784 tu
385 2763 439 2784 me
462 2752 646 2784 adventum
671 2751 872 2793 gratulando
897 2750 1078 2781 obtundas.
1124 2749 1260 2782 Quanto
1287 2749 1393 2789 magis
1418 2748 1551 2789 iniquus
1572 2748 1607 2778 in
