1966 3302
251 220 337 263 682
747 233 789 263 P.
821 232 1061 263 TERENTu
1097 234 1212 265 AFRI

254 325 362 357 refert
377 325 421 358 ad
445 326 576 358 initium
594 326 714 358 Scenae
728 328 760 356 2.
787 325 887 357 Zeun.
931 325 988 358 Ab
1004 327 1053 358 his
1073 327 1184 360 verbis
1209 330 1218 347 ‘
1231 329 1322 361 Salv.
1340 329 1402 369 te‚’
1418 331 1483 362 διο.
1529 329 1706 372 B1pontini

251 369 419 410 incipiunt
435 370 576 402 Scenam
592 372 624 401 2.
647 378 714 400 non
733 369 861 409 inepte.
879 369 965 401 Perl.
1009 370 1066 402 Sic
1083 370 1204 413 incipit
1221 377 1255 404 et
1272 372 1373 404 Both.

669 625 873 669 ACTUS
908 628 944 669 I.
1005 628 1213 671 SCENA
1244 629 1308 671 ΙΙ.

778 761 963 790 DEMEA.
1024 762 1180 792 Mlcm.

252 827 344 868 DE.
375 826 544 870 EHEM!
577 832 851 881 opportune:
883 828 1088 882 teipsum
1110 830 1311 884 quaerito.

258 894 345 936 M1.
377 895 498 945 Quid
534 896 670 938 tristis
704 897 784 937 es?
857 896 946 937 DE.
980 896 1133 950 Rogas
1164 911 1249 949 me,
1282 898 1358 939 ubi
1385 899 1512 940 nobis
1532 898 1710 941 AEschi-

424 977 506 1004 nus

253 1030 361 1079 Siet,
383 1031 489 1084 quid
511 1031 648 1072 tristis
670 1044 751 1084 ego
772 1031 885 1083 sim‘l
946 1031 997 1072 M
1003 1043 1031 1073 1.
1067 1032 1215 1074 Dixin'
1236 1033 1319 1084 hoo
1337 1033 1455 1075 foret

255 1095 376 1147 Quid
397 1098 536 1139 fecit?
599 1099 690 1140 DE.
723 1098 842 1149 Quid
861 1099 937 1140 ille
958 1099 1144 1159 fecerit!
1172 1114 1299 1154 quem
1321 1101 1464 1155 neque
1485 1100 1626 1155 pudet

253 1163 531 1220 Quicquam3
561 1179 640 1208 nec
661 1167 815 1208 metuit
831 1179 1082 1221 quenquam
1100 1181 1110 1219 ;
1141 1181 1280 1221 neque
1298 1168 1436 1221 legem
1458 1171 1586 1221 putat
1684 1169 1712 1209 5

253 1232 423 1274 Tenere
445 1246 493 1274 se
513 1233 671 1275 ullam:
703 1247 803 1275 nam
825 1234 917 1285 illa,
940 1248 1038 1289 quae
1058 1234 1243 1278 antehac
1258 1235 1379 1277 facta
1399 1240 1534 1286 sunt,

295 1361 366 1392 DE.
390 1358 500 1391 Hem!
522 1361 687 1399 commode,
712 1359 745 1391 in
771 1363 906 1401 tempore
929 1359 1077 1397 advenis;
1101 1363 1131 1391 te
1146 1360 1244 1401 ipsum
1259 1370 1361 1401 quoero
1377 1361 1490 1392 sedulo.
1535 1361 1600 1393 Μι.
1626 1362 1712 1398 Quia

255 1407 381 1435 moestus
391 1402 444 1436 es?
490 1403 559 1434 DE.
583 1403 768 1442 Interrogas
782 1413 827 1434 me
843 1403 916 1443 quid
931 1403 1033 1433 tristis
1047 1403 1119 1442 sim,
1134 1404 1315 1443 cumfilz'um
1332 1404 1514 1435 AEschz'num
1527 1403 1713 1436 habeamus?

257 1447 377 1487 Nempe
407 1447 472 1486 ejus
500 1456 592 1476 causa
621 1456 689 1476 sum
713 1447 817 1477 tristis
845 1449 874 1477 et
904 1446 1056 1478 solicitus.
1101 1447 1167 1477 M1.
1192 1447 1304 1477 Nonne
1319 1457 1388 1478 vere
1403 1447 1579 1478 distillant
1595 1457 1711 1478 morose

246 1490 452 1529 jurgalurum
470 1492 555 1520 esse?
601 1489 688 1524 Quid
703 1489 730 1520 is
746 1489 828 1527 fecit
844 1487 859 1521 ί)
901 1489 971 1520 ΒΕ.
997 1489 1081 1525 Quid
1089 1488 1217 1529 fecerit,
1234 1489 1369 1530 quoerz‘s?
1415 1490 1478 1525 Qui
1493 1499 1588 1530 neque
1597 1492 1714 1530 pudore

254 1533 314 1563 ullo
329 1533 476 1574 qfficz‘tur,
507 1541 603 1571 neque
627 1535 752 1562 veretur
775 1541 957 1573 quenquam,
988 1535 1041 1562 aut
1075 1532 1162 1562 timet
1172 1543 1184 1569 ,·
1211 1542 1307 1572 neque
1337 1532 1471 1563 (estimat
1500 1542 1531 1563 se
1558 1533 1621 1563 ulla
1645 1533 1712 1572 lege

255 1575 408 1615 obligari.-
431 1585 515 1616 mm,
529 1585 596 1615 quoe
612 1575 742 1607 antehac
750 1574 844 1614 fecit,
859 1578 1027 1615 proetereo:
1049 1584 1066 1605 ο
1082 1585 1222 1616 quaenam
1236 1576 1323 1606 modo
1332 1575 1466 1614 nefanda
1475 1575 1577 1616 palum
1590 1575 1715 1616 gessit?

848 1682 907 1694 ‘ff‘
911 1682 948 1694 Ν
952 1680 1091 1694 “Ode“

302 1761 316 1789 1
334 1757 447 1797 Ehem]
478 1756 571 1787 Libri
589 1756 742 1798 plerique
759 1756 946 1796 praeferunt
964 1757 1070 1794 Hem;
1088 1757 1177 1798 quod
1196 1755 1393 1788 admirantis
1408 1761 1470 1794 est,
1483 1765 1559 1787 cum
1573 1755 1655 1787 illnd
1669 1755 1713 1787 sit

259 1802 426 1840 vocantis,
462 1806 563 1840 atque
588 1800 673 1830 adeo
706 1800 783 1831 huic
814 1801 889 1831 loco
917 1810 1034 1841 parum
1065 1801 1282 1832 conveniens.
1311 1800 1411 1831 IVest.
1467 1798 1567 1838 Hem]
1599 1798 1715 1840 Aliqui

256 1844 348 1880 libri,
363 1845 452 1874 inter
467 1853 549 1884 qnos
568 1843 664 1873 Beni.
678 1849 712 1874 et
729 1844 789 1874 Ba.
815 1844 936 1875 Ehem:
961 1843 1051 1885 quod
1069 1843 1173 1883 magis
1190 1843 1350 1874 convenit
1363 1841 1495 1873 actibus
1513 1841 1714 1882 repentinis,

256 1894 293 1917 ut
311 1891 362 1917 est
379 1886 510 1918 subitus
528 1886 614 1926 ejus,
632 1895 728 1927 quem
747 1888 820 1927 quis
833 1888 968 1927 quaerit,
984 1891 1153 1927 aspectus.
1177 1885 1236 1917 Fu.
1281 1885 1338 1916 Ita
1350 1885 1457 1916 nostri
1474 1894 1602 1915 omneS.
1619 1884 1715 1916 Bem.

256 1930 356 1961 Ehem
370 1928 570 1964 commotius
588 1929 619 1959 in
643 1938 679 1959 re
697 1929 807 1960 subita
823 1929 971 1960 videtur.
994 1930 1179 1970 [jeju-23
1218 1928 1325 1967 Rogas
1353 1926 1423 1959 me?
1456 1927 1508 1958 uba·
1532 1926 1620 1958 nobis
1643 1927 1716 1958 AEs-

254 1973 363 2003 chinus
393 1971 485 2003 Stet?
508 1971 582 2012 quid
611 1971 716 2002 trislis
728 1982 783 2010 ego
798 1972 857 2003 sim
870 1973 895 2013 ?]
922 1973 1035 2003 Verba
1052 1971 1261 2011 obscuriora,
1289 1976 1324 2002 et
1340 1980 1359 2001 a
1375 1971 1508 2001 Donato
1526 1972 1716 2010 praeterita.

255 2015 550 2047 Zwaerdecronius
568 2015 617 2046 ita
634 2014 790 2046 ordinat:
818 2015 925 2054 Rogas
940 2025 999 2054 me,
1015 2015 1089 2055 quid
1106 2014 1211 2045 tristis
1236 2024 1292 2052 ego
1318 2013 1399 2044 sim?
1421 2013 1474 2044 ubi
1497 2012 1584 2044 nobis
1609 2013 1715 2044 AEsch.

255 2057 343 2090 siet?
378 2058 493 2089 Possit
509 2062 543 2088 et
558 2057 641 2088 ordo
658 2067 733 2088 esse
749 2068 757 2089 :
788 2057 874 2093 Quid
891 2058 995 2089 tristis
1009 2068 1065 2097 ego
1089 2055 1172 2089 sim?
1193 2057 1310 2096 rogites
1336 2066 1396 2096 me,
1415 2056 1467 2086 ubi
1492 2055 1581 2086 nobis
1607 2055 1716 2087 AEsch.

256 2101 336 2133 siet.-
359 2111 391 2142 q.
407 2101 439 2132 d.
466 2100 622 2139 Rogitas,
639 2100 719 2140 quid
736 2101 796 2131 sim
815 2101 946 2131 tristis?
971 2101 1123 2141 Rogasse
1148 2099 1310 2139 debebas,
1333 2099 1387 2130 ubi
1415 2098 1510 2129 nobis
1537 2098 1716 2130 AEschinus

260 2145 336 2176 siet.
381 2144 470 2176 Sunt
489 2143 591 2183 enini,
605 2144 661 2184 qni
678 2144 803 2183 Rogas5
828 2148 908 2174 sunt
922 2144 978 2185 qui
996 2143 1154 2182 Rogitas5
1171 2147 1250 2173 sunt
1263 2143 1356 2180 item,
1374 2143 1428 2183 qni
1443 2141 1576 2181 Rogites
1590 2141 1717 2181 legunt.

258 2186 472 2227 Eugrapliins
492 2187 538 2218 ita
553 2197 559 2217 :
586 2186 768 2225 Interrogas
783 2196 841 2226 me,
859 2187 933 2227 quid
949 2196 1005 2226 ego
1021 2186 1124 2218 tristis
1138 2186 1210 2226 sim,
1232 2195 1299 2216 cum
1314 2184 1613 2225 AEschz‘numfilium
1626 2184 1716 2215 habe-

256 2234 366 2261 amus?
390 2229 487 2260 Leid.
517 2239 623 2260 unus:
651 2229 847 2268 Rogitasne?
869 2239 946 2261 mox
971 2234 1064 2261 tres:
1088 2229 1162 2270 quid
1182 2228 1284 2260 tristis
1303 2237 1359 2267 ego
1375 2231 1463 2258 sum?
1509 2228 1598 2258 Dae.
1616 2235 1717 2257 unam

257 2272 340 2303 facit
358 2272 660 2309 interrogationem
676 2282 684 2302 ε
712 2273 820 2311 Rogas
835 2283 894 2312 me,
912 2272 965 2303 uhi
980 2272 1065 2303 nobis
1080 2272 1247 2304 AEschz‘nus
1263 2271 1344 2308 Stet,
1366 2270 1440 2311 quid
1454 2269 1555 2301 tristis
1566 2279 1623 2309 ego
1637 2270 1718 2301 sim?

257 2315 451 2356 vertitque:
479 2316 602 2346 Pouvez
619 2325 693 2345 ‘cous
709 2315 850 2354 mefaz're
866 2319 944 2347 cette
957 2316 1116 2354 demamle,
1130 2324 1218 2353 vous,
1232 2314 1303 2345 chez
1319 2315 1372 2354 qui
1388 2316 1434 2344 est
1450 2312 1637 2344 AEschinus?
1659 2312 1715 2354 qui

256 2368 375 2389 seusus
390 2358 538 2389 omnium
551 2363 603 2388 est
617 2358 778 2397 optimus,
791 2358 824 2388 in
839 2358 948 2389 verbis
961 2358 1003 2389 de
1014 2358 1192 2396 industria,
1205 2357 1394 2394 invidetur,
1404 2366 1423 2386 a
1434 2354 1543 2386 Poeta
1555 2355 1714 2386 turbatis.

256 2402 378 2441 Neque
393 2401 481 2431 euim
497 2401 624 2431 Demea
638 2399 786 2431 furiosus
801 2400 918 2432 ordine
932 2402 1020 2442 loqui
1034 2400 1303 2432 debebatJVest.
1332 2398 1464 2438 Rogitas
1474 2396 1556 2438 me?]
1571 2398 1668 2429 Bem.
1679 2403 1715 2430 et

254 2443 309 2475 Vi.
326 2450 360 2475 et
379 2444 475 2474 multi
494 2444 567 2482 alii,
582 2444 691 2481 Rogas
706 2447 775 2474 me?
799 2444 857 2474 Fa.
895 2444 999 2475 Etita
1009 2453 1070 2475 sex
1082 2454 1122 2474 ex
1135 2443 1271 2474 nostris.
1288 2442 1384 2473 Beut.
1410 2440 1502 2472 Edit.
1526 2440 1656 2480 Rogas;
1679 2444 1716 2472 et

255 2488 327 2517 sine
357 2487 453 2527 signo
481 2486 769 2525 interrogationis,
793 2486 883 2527 quod
903 2486 1036 2517 demum
1050 2490 1128 2527 post
1150 2489 1157 2501 ‘
1176 2485 1254 2516 sim'
1271 2485 1379 2525 ponit.
1425 2483 1492 2514 Sed
1510 2483 1658 2524 repetita
1671 2484 1720 2514 in-

256 2530 446 2569 terrogatio
476 2531 540 2559 vim
568 2528 683 2560 habet.
709 2530 827 2561 Bruns.
875 2530 951 2561 Non
977 2533 1135 2568 repetunt
1161 2529 1324 2568 interrog.
1341 2528 1443 2558 Bent.
1471 2526 1548 2567 Bip.
1571 2526 1664 2558 Perl.
1681 2531 1716 2558 et

255 2573 356 2603 Both.
373 2573 429 2612 qui
448 2571 507 2601 dat
527 2571 602 2610 quial
623 2581 679 2608 ego
694 2572 753 2602 sim
770 2576 810 2603 tr.
859 2572 992 2611 Rogitas
1014 2573 1073 2603 Ην.
1112 2571 1217 2603 Nescis
1241 2575 1318 2601 ante
1334 2571 1343 2587 ‘
1358 2568 1437 2611 quid
1449 2567 1456 2581 ’
1475 2568 1534 2599 (lat
1551 2567 1667 2600 Guelf.
1685 2571 1713 2601 3.

256 2616 328 2647 Hoc
347 2615 444 2645 abest
463 2624 481 2644 a
498 2613 614 2645 Guelf.
631 2617 728 2645 2.--4
753 2615 855 2646 Multi
874 2616 958 2646 Mss.
975 2616 1058 2650 Quid
1070 2615 1206 2653 issecit!
1251 2613 1413 2653 Impressi
1428 2617 1558 2642 veteres
1572 2612 1715 2643 variant.

260 2659 356 2689 West.
405 2657 489 2692 Quid
502 2655 645 2694 z'sfecit?
673 2657 865 2688 Dictionem
882 2658 909 2687 is
924 2658 1076 2689 delemus
1092 2668 1133 2688 ex
1151 2657 1355 2688 auctoritate
1380 2654 1538 2686 Benibini
1561 2658 1596 2685 et
1618 2654 1713 2685 Basi-

256 2701 377 2731 lieani:
406 2710 481 2739 qum
508 2709 569 2730 nec
585 2700 711 2739 alioqui
736 2700 930 2731 necessaria
952 2701 1106 2732 videtur:
1131 2701 1173 2730 de
1191 2700 1351 2730 fliscliino
1367 2698 1455 2728 enim
1473 2706 1582 2727 serino
1597 2701 1661 2736 est,
1678 2702 1714 2728 et

260 2744 303 2773 do
325 2752 364 2773 (Ὃ
383 2743 502 2782 utique
520 2742 733 2777 intelligitur.
765 2743 820 2773 Fa.
864 2743 919 2772 Sic
935 2748 1052 2775 noster
1069 2743 1280 2774 votor-riuum.
1325 2739 1441 2771 Ceteri
1461 2739 1544 2775 Quia!
1568 2739 1597 2770 is
1608 2738 1714 2777 fecit?

256 2787 432 2817 Utrumvis
460 2789 566 2817 recte.
592 2784 687 2816 Rem.
735 2785 768 2815 1⁸
794 2785 895 2817 habet
912 2786 1036 2818 lim-5
1063 2787 1171 2826 Neque
1188 2783 1315 2823 metuit]
1338 2783 1464 2815 Omnes
1481 2781 1553 2814 fere
1571 2782 1590 2813 l.
1607 2792 1633 2814 5.
1648 2792 1713 2814 nec.
