1966 3302
505 241 817 273 PHORMloNIS
850 242 959 272 Ac'r.
984 242 1035 272 11.
1068 242 1137 273 sc.
1160 244 1227 273 iv.
1506 234 1591 277 967

138 339 195 382 Et
213 339 263 382 id.
280 338 554 393 impetrabis:
583 338 694 380 dixi.
753 338 846 379 DE.
880 338 967 380 Dic
987 351 1116 389 nunc,
1135 338 1301 391 HegiO.

138 407 234 451 ΗΕ.
265 407 358 460 Ego
379 406 533 448 sedulo
556 405 674 447 hunc
694 406 862 447 dixisse
883 406 1038 448 credo:
1073 420 1224 448 verum
1244 407 1310 447 ita
1330 412 1416 458 est,

138 473 261 525 Quot
279 475 493 523 homines,
517 477 583 515 tot
603 474 837 514 sententiae
855 487 866 526 3
897 487 1005 514 suus
1028 474 1183 528 cuique
1204 488 1312 517 mos,

137 541 253 583 Mihi
273 556 359 584 non
380 541 562 591 videtur,
585 541 704 595 quod
727 542 784 582 sit
805 542 968 582 sactum
990 542 1173 594 legibus,

136 609 351 651 Rescindi
371 623 529 663 posse;
561 614 605 649 et
626 614 753 662 turpe
776 610 958 662 inceptu
975 614 1056 649 est.
1116 609 1207 650 DE.
1239 609 1340 660 Dic,
1363 609 1501 652 Crito.

135 674 242 718 Gai.
274 678 370 731 Ego
394 678 585 732 amplius
607 676 936 718 deliberandum
958 690 1142 718 censeo:

136 743 231 789 Res
267 759 425 799 magna
461 751 543 787 est.
605 745 702 785 ΗΕ.
735 744 964 798 Numquid
995 758 1078 785 nos
1112 745 1207 786 vis?
1269 745 1362 786 DE.
1393 746 1589 789 Fecistis

305 815 468 867 probe:

135 882 352 935 Ipcertior
373 895 470 922 sum
492 881 644 930 multo,
667 893 797 933 quam
819 879 996 921 dudum.
1058 879 1146 921 GE.
1171 880 1349 934 Negant

133 938 353 1002 Redisse·
398 949 494 990 DE.
517 948 670 989 Frater
691 954 759 988 est
779 948 1086 1002 expectandus
1108 948 1240 989 mihi:

133 1016 182 1059 Is
200 1018 318 1073 quod
338 1017 445 1060 mihi
466 1016 635 1058 dederit
656 1017 709 1058 de
730 1016 813 1058 hac
835 1029 879 1057 re
900 1017 1150 1068 consilium,
1172 1016 1217 1057 id
1241 1030 1414 1071 sequar.

1533 543 1589 585 15

1531 952 1589 993 20

133 1134 252 1175 debere,
267 1140 298 1167 et
308 1137 342 1168 id
356 1147 375 1168 a
389 1138 576 1177 magistratu
587 1135 747 1168 obtinebis.
771 1135 863 1167 Dixi.
894 1136 961 1166 DE.
987 1135 1050 1167 Dic
1063 1146 1154 1175 nunc,
1165 1135 1285 1175 Hegio.
1333 1136 1402 1167 HE.
1426 1137 1496 1176 Ego
1511 1137 1588 1169 Cra-

132 1178 235 1210 tinum
249 1189 289 1211 ex
302 1180 400 1211 animi
414 1181 565 1212 sententia
575 1180 692 1210 dixisse
701 1183 775 1220 puto
787 1190 796 1210 .-
819 1189 926 1210 verum
940 1179 987 1209 ita
1000 1182 1058 1218 est,
1074 1180 1152 1220 quod
1166 1179 1256 1219 vulgo
1271 1179 1374 1217 aiunt,
1389 1180 1474 1215 Quot
1489 1181 1584 1211 laomi-

131 1230 199 1260 nes,
214 1225 258 1252 tot
273 1222 447 1254 sententiae.
491 1223 556 1254 Sua
578 1224 686 1263 cuique
701 1222 801 1262 opinio
816 1222 986 1261 singularis
999 1225 1056 1253 est.
1103 1224 1172 1262 Ego
1189 1233 1247 1253 non
1263 1222 1372 1261 opinor
1386 1233 1454 1264 quae
1470 1223 1590 1263 legibus

109 1264 254 1296 ·decreta
277 1269 360 1305 sunt,
390 1265 458 1297 tolli
478 1275 578 1306 posse,
599 1276 653 1296 nec
675 1267 834 1296 honestum
856 1275 921 1296 esse
943 1266 976 1296 id
999 1269 1130 1296 tentare.
1178 1265 1246 1296 DE.
1271 1265 1345 1305 Die,
1363 1266 1463 1297 Crito.
1510 1267 1590 1298 ΟΜ.

131 1306 221 1338 Mihi
236 1308 357 1340 videtur
372 1309 410 1340 de
432 1319 466 1339 ea
484 1319 520 1340 re
538 1308 658 1340 diutius
678 1309 911 1339 consultandum
935 1318 1009 1339 esse.
1059 1309 1120 1339 Res
1136 1318 1249 1347 magna
1265 1312 1320 1339 est.
1367 1309 1527 1350 Numquid
1542 1312 1588 1341 est

131 1348 227 1389 aliud,
240 1353 318 1392 quod
333 1362 388 1383 nos
409 1352 496 1392 telis,
507 1353 685 1392 priusquam
699 1349 844 1382 abimus?
894 1352 960 1382 DE.
987 1351 1117 1382 Fecistis
1130 1351 1224 1392 probe
1239 1351 1389 1393 officium:
1412 1354 1508 1384 multo
1523 1363 1589 1383 mu-

129 1392 182 1431 gis
196 1394 230 1425 in
244 1395 363 1426 incerto
377 1405 443 1426 sum
457 1396 586 1435 positus,
601 1405 692 1436 quam
712 1396 804 1435 paulo
819 1397 890 1426 ante
905 1393 971 1432 sui.
1017 1395 1084 1426 GE.
1110 1395 1284 1425 Domesticz·
1301 1397 1415 1433 negant
1431 1396 1586 1435 Antipho-

130 1445 201 1466 nem
212 1438 353 1470 rediisse.
384 1439 452 1470 DE.
471 1438 618 1470 Fratrem
631 1439 823 1469 Chremetem
837 1437 971 1478 opperiri
981 1447 1027 1470 me
1042 1440 1182 1479 oportet.-
1198 1438 1277 1479 qnod
1289 1438 1367 1469 milii
1380 1439 1540 1470 consilium
1551 1439 1589 1470 ab

742 1531 936 1544 ‘meeum‘
941 1532 956 1543 e
961 1532 979 1543 e

131 1607 219 1638 quom
235 1607 298 1628 esse
312 1607 348 1629 ac
364 1597 471 1628 bonum
486 1598 673 1629 Both—14
698 1597 843 1628 Codices
859 1598 1013 1639 quidam:
1037 1608 1111 1630 suus
1125 1599 1232 1639 cuique
1246 1609 1309 1630 mos
1324 1604 1388 1631 est.-
1422 1600 1509 1632 citra
1529 1610 1589 1631 ne-

131 1641 327 1671 cessitatem
346 1642 521 1672 sententiae
539 1646 574 1672 et
592 1640 712 1672 metri:
737 1646 773 1671 et
792 1641 905 1672 omisit
921 1641 980 1672 Pr.
993 1642 1109 1673 Instit.
1123 1642 1276 1674 Gramm.
1292 1642 1351 1674 lib.
1369 1652 1460 1674 xvn.
1488 1644 1588 1676 iVest.

131 1683 193 1714 ΒΓ.
216 1694 300 1714 mons
325 1693 387 1724 pro
408 1694 482 1715 mos.
526 1684 536 1701 ‘
551 1683 667 1715 Guelf.
684 1687 715 1714 3.
733 1694 812 1715 mors
837 1684 958 1715 vitiose
976 1685 1095 1725 script.
1111 1695 1128 1715 r
1152 1685 1200 1717 lit.
1216 1691 1420 1725 superante3
1445 1685 1479 1717 id
1496 1687 1587 1727 quod

129 1731 262 1766 puncto
289 1728 392 1757 etiam
418 1727 586 1758 indicatur
611 1727 822 1766 subscripto:
857 1728 1034 1758 Perl.-l(3
1065 1728 1207 1769 Inceptu.
1241 1729 1324 1759 Mss.
1352 1730 1401 1761 M.
1422 1730 1478 1761 Tr.
1502 1730 1587 1760 Wit.

131 1769 252 1801 Leidd.
267 1776 336 1800 tres
353 1780 429 1800 cum
446 1770 518 1801 EA.
537 1775 572 1800 et
589 1770 661 1801 ΕΡ.
678 1770 840 1810 inceptum.
859 1780 891 1810 q.
908 1770 942 1802 d.
954 1770 1048 1803 Gall.
1062 1781 1103 1802 un
1119 1774 1266 1802 attentat.
1311 1772 1406 1803 Idem
1424 1782 1466 1803 ex
1479 1773 1588 1804 Codd.

130 1811 252 1843 Bemb.
270 1817 305 1843 et
320 1813 374 1843 Vi.
400 1812 516 1843 laudat
542 1813 704 1852 Faernus,
722 1818 757 1844 et
772 1823 813 1844 ex
831 1814 897 1843 Ms.
913 1813 1113 1844 Lovauiensi
1144 1815 1369 1854 Pulmannus;
1405 1815 1587 1857 placetque

130 1854 269 1895 Guyeto
294 1856 327 1886 in
351 1855 495 1887 Scholiis
512 1855 661 1886 ineditis.
689 1857 783 1887 West.
840 1856 963 1887 Plures
988 1866 1030 1888 ex
1055 1857 1178 1888 nostris
1194 1858 1361 1898 inceptum.
1408 1858 1586 1890 Utrumvis

129 1898 249 1938 probe.
283 1898 349 1929 Sed
367 1899 478 1939 placet
495 1899 630 1939 inceptu.
654 1899 741 1929 Vide
759 1898 801 1929 ad
817 1899 907 1930 And.
923 1907 947 1930 1.
960 1903 991 1931 5.
1008 1902 1037 1931 1.
1062 1900 1159 1931 Bent.
1207 1901 1347 1941 Jnceptu.
1371 1901 1427 1932 Sic
1444 1902 1467 1932 l.
1481 1902 1586 1944 antiq.

129 1941 220 1973 Nam
231 1941 311 1972 elidi
326 1941 377 1973 lit.
394 1940 423 1972 m
439 1942 538 1973 facile
552 1947 711 1982 poterat;
734 1947 770 1972 ut
787 1952 843 1982 ap.
861 1942 1001 1973 Ennium
1027 1947 1035 1960 ‘
1052 1942 1149 1974 fortis
1165 1944 1404 1985 equus...Vicit
1422 1944 1588 1986 Olympia

128 1992 219 2015 nunc
230 1984 324 2014 senio
338 1983 511 2016 confectu’
527 1985 670 2026 quiescit
684 1985 704 2023 ς’
729 1986 782 2015 ubi
801 1987 898 2016 metri
915 1996 1016 2016 causa
1031 1986 1064 2016 in
1082 1996 1165 2017 voce
1188 1989 1196 2004 ‘
1213 1986 1392 2018 confectus
1404 1990 1411 2003 '
1434 1988 1484 2019 lit.
1496 1999 1512 2019 s
1528 1989 1587 2019 eii-

128 2026 236 2058 ditur.
258 2027 346 2058 Perl.
390 2028 550 2068 Inceptum
566 2028 643 2068 Bip.
661 2029 873 2068 Bemb.—20
899 2029 1041 2060 Recliisse
1065 2029 1142 2060 edd.
1161 2030 1387 2061 eaedem.——2l
1411 2029 1453 2061 Τὸ
1481 2031 1514 2061 Is
1537 2042 1584 2063 vs,

129 2070 235 2109 priori
251 2070 404 2111 adjungit
420 2071 547 2110 Delpb.
564 2077 598 2101 et
613 2072 690 2112 Bip.
737 2072 804 2102 Ms.
823 2071 922 2103 Bodl.
939 2072 975 2102 Si
990 2073 1069 2112 quod
1090 2072 1167 2103 mihi
1182 2074 1302 2105 dederit
1318 2075 1354 2105 (Ie
1369 2074 1426 2104 hac
1441 2084 1475 2105 re
1487 2075 1586 2105 consi-

127 2112 216 2148 lium,
232 2113 265 2144 id
281 2123 443 2153 exsequar.
487 2114 533 2144 Et
555 2113 593 2143 τὸ
610 2115 772 2154 Exsequar
786 2119 837 2145 est
853 2115 885 2145 in
904 2115 988 2146 Mss.
1006 2116 1047 2147 G.
1065 2116 1158 2155 Lips.
1176 2116 1258 2147 Wit.
1275 2126 1353 2147 cum
1370 2117 1441 2148 ΕΡ.
1459 2123 1495 2148 et
1512 2117 1585 2150 EA.

127 2160 232 2197 atque
247 2157 297 2188 ita
313 2156 400 2197 legit
415 2156 667 2188 Gambarellus.
710 2158 863 2188 Exhibeo
887 2158 1070 2190 lectionem
1086 2158 1220 2196 Faiirni,
1238 2159 1375 2200 Guyeto
1392 2160 1583 2200 probatam.

133 2199 235 2231 West.
283 2200 374 2235 Quod
388 2200 466 2231 mihi
481 2200 598 2231 dederit
611 2201 648 2231 de
664 2200 718 2230 hac
734 2210 766 2231 re
781 2200 952 2239 consilium,
967 2201 1000 2231 id
1014 2211 1161 2242 exequar.
1185 2201 1295 2233 Juxta
1310 2203 1431 2234 librum
1449 2204 1586 2236 Bembi-

127 2250 207 2274 num
224 2242 408 2274 dictionem
431 2243 471 2283 is,
495 2253 570 2285 quae
588 2243 840 2285 praecedentem
857 2254 990 2275 versum
1015 2244 1102 2285 finit,
1117 2245 1216 2286 hujus
1235 2245 1403 2287 principio
1421 2247 1584 2287 attribuo,

784 2338 925 2370 NOTAE

127 2402 225 2432 tuere
240 2400 273 2431 in
290 2401 473 2442 integrum,
495 2402 630 2435 Gallice
655 2405 783 2435 relever.

172 2453 213 2482 17
261 2451 405 2492 Amplius
441 2454 671 2485 deliberandum
707 2454 828 2494 censeo]

126 2501 319 2544 Ampliare,
344 2508 396 2534 est
427 2505 641 2543 protrahere,
671 2503 825 2545 differre,

123 2552 200 2585 haec
216 2562 280 2584 vox
297 2553 398 2584 etiam
414 2553 597 2594 adjudicia
611 2556 826 2595 pertinebat:

126 2607 166 2635 ut
188 2613 264 2635 cum
280 2614 356 2635 reus
380 2605 536 2645 ampliari
553 2605 681 2637 dicitur
698 2617 707 2645 3
741 2606 829 2647 qnod

125 2658 197 2686 tum
214 2654 331 2695 fiebat,
354 2665 428 2686 cum
453 2665 554 2686 causa
571 2655 744 2697 judicibus
763 2667 829 2687 non

126 2706 209 2738 satis
222 2711 296 2737 erat
312 2706 457 2747 probata
476 2715 484 2735 ε
507 2715 581 2736 nam
597 2706 686 2747 apud
708 2707 829 2738 Roma-

125 2767 200 2793 nos,
231 2758 259 2789 si
290 2767 395 2789 causa
425 2757 600 2788 obscurior
628 2763 733 2798 esset,
762 2768 830 2789 am·

127 2809 215 2851 plius
232 2811 517 2852 pronuntiabatur
528 2810 745 2851 ajudicibus,
769 2811 827 2853 qui

883 2402 1015 2435 duabus
1032 2404 1082 2435 bis
1100 2404 1206 2435 literis
1223 2405 1269 2436 N.
1287 2405 1324 2437 L.
1346 2404 1397 2447 (id
1415 2410 1480 2445 est,
1505 2407 1586 2438 Non

885 2455 1008 2497 liquet)
1024 2456 1261 2497 significabant
1282 2456 1345 2487 sibi
1362 2466 1427 2488 non
1443 2457 1588 2498 liquere,

885 2506 963 2546 quid
991 2507 1210 2537 statuendum
1249 2511 1350 2545 esset,
1379 2517 1585 2549 causamque

883 2557 996 2588 denuo
1013 2567 1087 2589 esse
1106 2557 1298 2589 dicendam.
1328 2558 1383 2589 Ad
1396 2559 1586 2599 ampliatio·

883 2617 959 2639 nem
976 2608 1052 2639 haee
1068 2608 1172 2639 verba
1188 2614 1303 2639 textus
1319 2608 1485 2641 alludunt.

928 2662 967 2690 18
992 2660 1152 2700 Numquid
1166 2669 1222 2690 nos
1233 2659 1293 2699 vis]
1315 2658 1586 2691 Abiturientium

883 2715 937 2742 est
968 2709 1113 2742 formula
1144 2710 1238 2752 quasi
1263 2710 1370 2751 dicat,
1410 2711 1584 2753 Numquid

881 2760 972 2792 aliud
998 2765 1062 2797 est.
1092 2761 1181 2804 quod
1199 2770 1258 2794 nos
1277 2761 1373 2802 velis,
1390 2762 1583 2804 priusquam

883 2810 1038 2843 abimus?
