1966 3302
345 224 431 266 918
844 235 884 264 P.
917 234 1162 265 'ruREN'rn
1195 236 1312 267 AFR!

345 329 570 372 Voluntas
590 335 742 372 vostra
762 331 800 371 si
822 330 880 372 ad
900 331 1079 385 poetam
1102 333 1360 383 accesserit,
1746 332 1805 375 30

344 398 464 440 Date
483 412 660 452 operam
681 412 691 440 :
723 397 872 439 adeste
893 412 1023 452 aequo
1045 401 1193 441 animo
1214 414 1292 455 per
1313 399 1566 453 silentium3

345 465 417 507 Ne
438 466 572 508 simili
592 470 766 506 utamur
786 467 978 516 fortuna,
1000 472 1132 521 atque
1153 470 1224 508 usi
1248 482 1414 520 sumus,

345 533 456 575 Cum
479 547 556 587 per
577 534 809 575 tumultum
830 539 979 575 noster
1001 547 1107 587 grex
1128 540 1273 577 motus
1291 537 1392 578 loco
1413 536 1490 588 ’st;

347 601 494 652 Quem
516 602 680 642 actoris
702 602 843 642 virtus
863 602 992 642 nobis
1010 602 1202 643 restituit
1221 603 1381 654 locum,

343 670 617 723 Bonitasque
639 675 787 712 vostra
808 670 1030 725 adjutans,
1063 675 1193 725 atque
1214 672 1544 726 aequanimitas.
1743 672 1802 714 35

343 787 408 814 tam
430 784 668 825 prosequemini,
695 787 767 816 date
792 785 973 816 recitationi
990 785 1112 823 fabuloe
1138 796 1272 826 operam,
1290 796 1358 817 cum
1378 785 1501 817 silentio
1515 781 1610 825 oequi‘
1619 787 1649 816 el
1656 783 1802 822 faventes

342 827 469 863 auditu
496 838 533 858 ne
546 828 660 858 similis
674 838 740 859 sors
756 829 837 859 mala
851 828 937 859 nobis
951 829 1125 867 contingat,
1138 830 1238 869 qualis
1251 829 1385 868 contigit
1398 829 1487 869 prius
1501 839 1569 859 cum
1582 837 1638 868 per
1652 827 1759 858 turbas
1772 830 1802 857 et

343 872 432 901 rixas
447 873 540 904 coetus
553 875 657 901 noster
675 871 876 902 Histrionum
891 872 953 902 loco
969 872 1148 902 deturbatus
1159 876 1218 911 est,
1231 883 1320 913 quem
1331 873 1482 903 Actorum
1497 873 1598 902 virtus
1611 873 1756 902 constans
1771 873 1802 902 et

338 914 571 952 perseverantia
587 914 674 945 nobis
687 914 837 954 reddidit,
854 918 1013 955 vestraque
1029 915 1217 956 humanitas,
1239 916 1429 956 oequitasque
1450 915 1559 955 animi,
1572 913 1709 945 subsidio
1735 923 1802 955 quoe

339 956 428 987 nobis
433 957 516 995 fuit.

948 1009 1184 1022 eeeeeeeeeeee

344 1073 545 1116 quibusdam
563 1075 662 1106 codd.
695 1075 766 1106 ΕΡ.
780 1076 916 1114 geritur.
948 1076 1088 1108 Dicitur
1110 1078 1249 1109 autem‘
1267 1077 1341 1118 agi’
1359 1077 1471 1119 potius
1487 1087 1539 1108 res
1556 1077 1589 1108 in
1614 1078 1800 1118 Comoedia,

341 1127 440 1190 qiliaui
497 1118 592 1159 geri’
620 1120 714 1150 West.
760 1119 855 1150 Libri
879 1129 995 1150 omnes
1020 1121 1151 1162 antiqui
1178 1131 1218 1152 ac
1250 1122 1318 1152 Do.
1337 1125 1475 1160 geretur.
1511 1121 1572 1151 Fa.
1618 1121 1664 1152 Et
1692 1103 1800 1152 nostri

344 1161 500 1201 plerique
513 1164 655 1199 geretur.
680 1162 782 1193 Bent.
828 1162 883 1193 Ita
899 1167 934 1194 et
950 1163 1010 1194 Bu.
1035 1164 1120 1194 GM.
1137 1165 1203 1195 Ms.
1230 1164 1272 1195 R.
1291 1175 1345 1205 ap.
1362 1164 1460 1195 Lind.
1485 1163 1586 1195 Both.
1599 1163 1680 1204 Bip.
1704 1164 1798 1195 Pei-,l

341 1204 468 1244 Delpli.
472 1207 555 1235 —31
580 1205 671 1245 Guy.
689 1205 816 1244 mallet,
832 1206 918 1237 Dale
932 1216 1055 1246 operam
1072 1208 1186 1238 adesse.
1231 1208 1389 1240 Quatuor
1413 1216 1512 1247 porro
1529 1210 1710 1246 sequentes
1726 1217 1799 1237 ver-

342 1256 398 1276 sus
415 1247 590 1278 addititios
605 1253 714 1278 vocat.
743 1248 841 1279 West.
844 1251 927 1279 —34
952 1249 1093 1290 Actoris]
1119 1251 1154 1280 L.
1173 1250 1322 1281 Ambivii
1337 1250 1540 1289 Turpionis
1565 1250 1661 1289 cujus
1674 1250 1800 1280 virtute

344 1289 482 1320 tandem
507 1298 649 1330 recepta
673 1297 705 1321 et
731 1291 968 1322 commendata
983 1298 1047 1323 est.
1095 1293 1189 1324 Male
1217 1293 1324 1325 Codd.
1341 1293 1489 1333 quidam,
1505 1293 1651 1323 auctoris.
1699 1292 1799 1324 Hunc

341 1338 455 1363 autem
474 1343 605 1364 versum
624 1334 716 1374 Guy.
733 1334 765 1364 in
783 1335 899 1374 glossis
915 1335 1053 1365 ineditis
1071 1345 1112 1365 ex
1126 1336 1405 1377 Pseudopiologo
1423 1336 1572 1376 Hecyrae
1587 1335 1799 1376 descriptum

341 1375 409 1413 ait;
434 1375 577 1407 innuens
597 1376 668 1407 Alt.
700 1377 793 1407 Prol.
813 1386 899 1408 vers.
925 1380 974 1408 13.
1019 1378 1224 1419 Sequentein
1254 1385 1366 1410 autem
1384 1388 1515 1409 versum
1534 1387 1575 1408 ex
1593 1378 1704 1409 verbis
1721 1379 1798 1409 ulti

339 1418 404 1449 mis
430 1419 569 1459 Prologi
597 1419 745 1459 Adelph.
789 1420 798 1437 ‘
818 1420 946 1458 Facite,
973 1423 1207 1462 aequauimitas
1224 1421 1345 1454 Poetae
1367 1422 1408 1453 ad
1435 1421 1652 1453 scribendum
1673 1427 1800 1462 augeat

343 1461 570 1502 industriam‚’
587 1463 767 1494 formatum
783 1462 909 1494 ibidem
926 1464 1021 1496 dicit.
1045 1464 1142 1496 Idem.

1004 1563 1035 1594 N
1042 1561 1144 1594 OTAE

387 1625 427 1654 33
455 1624 532 1654 Cum
541 1633 598 1663 per
610 1625 790 1665 tumultum]
810 1624 849 1656 Id
862 1630 926 1664 est,
941 1636 1043 1667 prop·
1097 1629 1153 1669 qui
1172 1629 1329 1659 exclusus
1343 1628 1443 1660 toties
1460 1638 1478 1659 a
1495 1627 1720 1659 tumultuante
1738 1636 1797 1669 po·

343 1677 395 1704 ter
409 1673 498 1704 rixas
517 1675 632 1714 populi
650 1675 692 1706 de
707 1676 844 1706 sedibus
861 1676 893 1707 in
909 1684 1043 1718 specta·
1097 1682 1176 1723 pulo
1190 1673 1337 1713 animum
1355 1692 1420 1713 nou
1433 1682 1622 1723 abjecerit;
1647 1681 1707 1714 sed
1722 1691 1797 1723 per-

343 1725 428 1755 culis
446 1725 653 1756 contendere
671 1726 775 1758 soliti.
1096 1733 1306 1765 severaverit
1321 1743 1424 1774 agere
1437 1738 1472 1765 et
1486 1732 1645 1764 recitare.

386 1777 426 1805 34
455 1775 553 1810 Quem
579 1776 694 1807 actoris
718 1776 837 1817 virtus]
860 1777 1042 1818 Nimirum,
1653 1787 1655 1789 '

767 2013 970 2056 ACTUS
1005 2015 1043 2057 Ι.
1102 2012 1309 2055 SCENA
1340 2011 1377 2053 Ι.

982 2146 1165 2177 DAVUS.

343 2203 564 2262 Aincus
587 2234 784 2262 summus
805 2234 930 2262 meus
951 2225 996 2261 et
1018 2219 1247 2274 popularis
1268 2218 1387 2261 Geta

344 2288 457 2329 Heri
481 2289 535 2330 ad
558 2303 626 2330 me
648 2290 764 2331 venit
783 2303 792 2330 :
825 2294 922 2330 erat
943 2289 984 2329 ei
1007 2289 1061 2329 de
1079 2287 1329 2329 ratiuncula

343 2356 618 2411 Jampridem
642 2358 760 2412 apud
783 2371 850 2398 me
870 2358 1089 2411 reliquom
1110 2356 1409 2411 pauxillulum

384 2468 512 2499 Amicus
527 2468 604 2499 mihi
619 2468 759 2507 intimus,
782 2470 810 2498 et
828 2477 869 2497 ex
884 2468 988 2498 eadem
1000 2470 1104 2506 gente,
1123 2466 1206 2497 Geta
1229 2466 1296 2497 heri
1315 2476 1363 2496 me
1377 2464 1467 2495 adiit.
1516 2465 1595 2512 Erat
1609 2463 1636 2495 ei
1651 2463 1733 2505 apud
1747 2472 1794 2494 me

339 2511 487 2551 reliquum
503 2512 726 2552 aliquantulum
740 2511 888 2551 pecunioe‚
904 2510 991 2548 cujus
1005 2510 1034 2541 ei
1050 2509 1170 2541 debitor
1193 2519 1289 2549 eram,
1304 2510 1341 2539 de
1356 2509 1458 2549 aliqua
1472 2511 1628 2538 ratlonum
1647 2510 1794 2547 supputa-

943 2594 1183 2607 eeraeetteeaeeae

383 2653 401 2681 3
426 2651 508 2682 Cod.
535 2651 561 2682 C
588 2653 705 2691 semel,
726 2650 785 2682 sed
814 2651 985 2683 dilucide:
1009 2650 1172 2691 reliquum.
1197 2649 1299 2682 Both.
1343 2650 1389 2681 Et
1415 2648 1463 2680 ita
1486 2648 1651 2679 Bent.—7
1675 2647 1707 2678 li
1729 2656 1792 2687 pro

997 2734 1137 2767 NOTAE

424 2803 442 2831 3
467 2800 662 2840 Jampridem
676 2802 757 2842 apud
770 2811 815 2832 me
828 2800 994 2841 reliquum]
1011 2799 1160 2842 Aliquod
1175 2799 1346 2831 residuum
1365 2796 1519 2840 pecuuiae
1538 2796 1569 2829 ei
1584 2796 1704 2829 debeo.
