1966 3302
317 223 402 264 592
813 234 850 262 P.
883 230 1120 261 'rssnsufru
1158 230 1269 261 Ami

321 329 397 369 Sic
417 342 486 369 me
515 329 570 369 Di
593 328 818 378 amabunt,
841 332 887 368 ut
904 340 973 367 me
997 330 1167 368 tuarum
1183 325 1421 366 miseritum
1437 330 1520 373 est,

320 397 595 446 Menedemo,
615 397 894 436 ffirtunarum.
956 395 1052 436 ΜΕ.
1085 395 1245 436 Faciat
1265 393 1379 447 quod
1399 393 1542 434 lubet:
1714 391 1771 431 55

318 465 487 512 Surum,
510 467 755 512 consumat,
778 462 946 516 perdat,
967 463 1189 503 decretum
1210 462 1263 502 'st
1283 461 1394 515 pati,

321 531 440 572 Dum
461 533 582 572 illurn
604 531 737 571 modo
758 530 947 571 habeam
971 544 1158 572 mecum.
1219 529 1309 571 CH.
1341 529 1390 570 Si
1412 533 1578 569 certum
1602 530 1670 567 est
1689 526 1770 567 tibi

320 601 394 641 Sic
414 599 572 647 facere,
590 597 698 652 illud
720 598 945 650 permagni
964 598 1118 638 referre
1139 597 1340 645 arbitror,

320 666 381 707 Ut
397 680 448 706 ne
469 666 679 707 scientem
702 665 869 706 sentiat
885 669 929 705 te
945 665 990 705 id
1010 665 1097 706 sibi
1113 664 1230 705 dare.

320 734 416 775 ME.
450 733 570 784 Quid
592 733 786 774 faciam?
848 732 936 773 CH.
970 733 1162 784 Quidvis
1192 731 1358 785 potius,
1389 742 1520 783 quam
1552 728 1669 783 quod
1701 741 1771 769 co-

491 802 607 853 gitas
625 813 633 840 :
1717 795 1773 836 60

321 870 410 910 Per
431 869 562 909 alium
585 867 788 921 quemvis
810 871 857 908 ut
879 867 982 908 des:
1015 866 1107 907 falli
1130 870 1171 906 te
1193 866 1315 906 sinas

317 936 510 979 Technis
530 948 609 989 per
631 935 876 986 servulum3
909 934 988 975 etsi
1012 934 1216 975 subsensi
1232 933 1277 974 id
1297 945 1489 986 quoque,

319 1006 433 1046 Illos
455 1004 516 1044 ibi
535 1017 649 1052 esse,
671 1007 715 1044 et
735 1003 781 1043 id
804 1016 931 1056 agere
953 1005 1062 1044 inter
1085 1015 1132 1042 se
1148 1001 1410 1043 clanculum.

319 1073 454 1127 Syrus
477 1084 574 1112 cum
595 1072 671 1111 illo
696 1076 841 1111 vestro
863 1069 1173 1111 consusurrat!
1205 1068 1433 1109 conferunt

320 1138 520 1182 Consilia
542 1137 868 1178 adolescentes:
902 1142 946 1179 et
967 1136 1048 1179 tibi
1070 1136 1250 1190 perdere
1719 1135 1776 1176 65

319 1277 434 1311 ament,
462 1278 494 1304 ut
524 1276 647 1304 tuorum
675 1274 818 1304 bonorum
832 1273 968 1311 jactura·
994 1271 1257 1303 commiseratione
1285 1280 1413 1302 moveor.
1459 1271 1532 1301 Mn.
1559 1269 1669 1300 Faciat
1685 1266 1778 1308 filius

320 1327 405 1347 meus
417 1327 457 1348 ecc
472 1317 569 1347 animi
591 1316 638 1347 sui
653 1317 828 1352 sententia;
848 1319 956 1356 sponte
971 1315 1087 1355 capiat,
1102 1318 1132 1345 et
1147 1317 1295 1354 quantum
1310 1315 1389 1344 volet
1404 1313 1582 1352 exhauriat,
1595 1313 1636 1342 ad
1649 1309 1782 1342 nihilum

319 1360 445 1398 redigat
457 1370 467 1396 ;
490 1359 610 1390 decrevi
623 1359 688 1389 haec
700 1359 907 1398 omniaferre,
922 1358 1082 1389 dummodo
1097 1358 1164 1396 ejus
1174 1356 1457 1398 proesentiafmmr.
1503 1356 1570 1387 CH.
1595 1353 1633 1385 Si
1647 1353 1694 1384 ita
1708 1362 1778 1384 con-

318 1402 464 1433 stitutum
479 1406 521 1432 est
539 1401 596 1432 tibi
601 1401 722 1440 facere,
736 1411 840 1432 censeo
852 1403 885 1432 id
900 1402 1030 1432 multum
1045 1401 1086 1431 ad
1099 1403 1234 1432 vestrum
1245 1409 1310 1430 rem
1324 1398 1483 1439 interesse,
1494 1401 1529 1429 ut
1544 1398 1596 1429 ille
1609 1396 1779 1434 existimet,

321 1449 351 1475 te
367 1446 517 1476 nesciente
532 1445 580 1475 vel
595 1446 729 1484 decepto,
752 1448 873 1475 tantum
895 1443 956 1474 sibi
978 1447 1134 1474 sumtuum
1157 1442 1280 1473 concedi
1294 1442 1412 1481 facere.
1457 1441 1532 1472 ΜΕ.
1559 1440 1644 1476 Quid
1663 1442 1781 1478 agam?

322 1489 390 1519 CH.
416 1488 580 1523 Quodlibet
595 1488 693 1525 uliud,
705 1488 812 1528 potius
827 1497 918 1527 quam
933 1487 966 1517 id
981 1487 1060 1526 quod
1074 1485 1263 1516 constituisti
1273 1495 1286 1522 ;
1307 1485 1424 1515 scilicet
1438 1485 1518 1524 pati,
1530 1486 1566 1514 ut
1580 1485 1694 1519 sumat,
1708 1491 1778 1512 con-

318 1535 433 1568 sumat,
449 1532 557 1570 perdat
575 1540 587 1567 ;
609 1534 655 1568 ut,
670 1531 748 1570 quod
764 1530 811 1560 illi
825 1530 896 1561 duri
910 1529 969 1568 vis,
983 1530 1036 1560 des
1043 1538 1100 1569 per
1112 1527 1276 1568 quemlibet
1290 1527 1397 1565 alium,
1407 1527 1543 1567 patiaris
1558 1529 1587 1557 te
1601 1524 1778 1562 deludisal-

320 1574 410 1604 luciis
420 1584 475 1614 per
490 1574 661 1604 servulum.-
686 1573 825 1612 quumvis
845 1573 940 1603 etiam
961 1571 1063 1611 aliquo
1082 1572 1168 1602 modo
1194 1571 1327 1610 percepi,
1345 1570 1425 1604 illos,
1450 1579 1557 1610 nempe
1570 1577 1682 1607 servos,
1697 1567 1732 1597 in
1746 1576 1780 1597 eo

321 1619 402 1646 totos
417 1626 492 1654 esse,
507 1619 538 1647 et
553 1616 655 1646 moliri
671 1617 751 1646 clam
755 1615 889 1654 fraudes
902 1616 984 1645 inter
996 1624 1040 1653 se,
1057 1617 1092 1645 ut
1112 1617 1142 1644 te
1159 1613 1289 1652 fallunt.
1335 1612 1436 1654 Syrus
1450 1622 1519 1644 cum
1540 1611 1699 1642 Dromone
1711 1608 1780 1639 sub-

323 1660 416 1690 missu
430 1669 502 1690 voce
516 1659 695 1700 colloquitur
709 1669 719 1690 .·
742 1659 811 1700 filii
826 1658 925 1690 nostri
947 1657 1172 1689 communicant
1194 1656 1324 1687 invicem
1349 1655 1486 1686 consilia.
1529 1654 1647 1685 Melius
1661 1655 1707 1684 est
1722 1651 1781 1683 tibi

934 1758 1166 1772 eeeeeeeeeeee

320 1850 419 1880 ritum
436 1852 492 1880 est.
538 1848 617 1880 Non
631 1848 698 1885 Ita,
724 1846 784 1877 sed
801 1846 857 1877 Sic
873 1844 973 1875 estin
990 1854 1021 1875 o.
1038 1844 1059 1875 1.
1073 1854 1099 1875 s.
1117 1847 1152 1874 et
1179 1847 1257 1882 post
1281 1846 1328 1881 ut,
1352 1840 1490 1872 additur
1514 1849 1573 1870 me.
1599 1839 1658 1871 Fa.
1701 1839 1712 1857 ‘
1725 1839 1781 1870 Sic

323 1898 359 1923 et
376 1892 493 1923 nosti-i.
540 1892 629 1932 Guy.
647 1901 707 1931 pro
721 1889 869 1920 anlabzmt
885 1887 1021 1927 reponit
1035 1886 1188 1918 amassint
1200 1897 1210 1916 .·
1234 1890 1328 1916 recte
1344 1883 1501 1924 quidem3
1525 1883 1553 1913 si
1570 1887 1630 1913 aut
1643 1882 1781 1913 codices

319 1936 497 1975 juberent,
521 1939 579 1965 aut
595 1934 785 1975 postularet
800 1941 921 1962 sermo.
965 1929 1033 1960 Sed
1050 1929 1166 1960 Plaut.
1182 1929 1280 1959 I'oen.
1298 1937 1322 1957 1.
1338 1929 1368 1958 3.
1385 1929 1437 1957 30.
1459 1927 1468 1943 ⁸
1485 1926 1537 1956 Ita
1561 1933 1614 1955 rue
1633 1925 1675 1955 Di
1693 1934 1781 1955 ama-

326 1977 429 2009 bunt!
463 1983 498 2008 et
525 1986 578 2008 xv.
605 1979 637 2008 2.
663 1979 715 2007 47.
738 1976 746 1992 ‘
766 1974 942 2014 Diespiter
967 1983 1020 2003 me
1047 1972 1096 2003 sic
1120 1971 1271 2002 amabit?
1293 1971 1476 2001 Remu-55
1504 1968 1590 2003 Quid
1616 1966 1733 1999 Guelf.
1749 1970 1780 1997 1.

323 2021 419 2052 Libet
434 2022 582 2051 Br.-58
605 2019 661 2050 Sic
675 2018 785 2057 facere
800 2019 833 2048 id
845 2016 1022 2057 permagni.
1067 2016 1137 2046 Pro
1154 2015 1200 2052 id,
1221 2014 1299 2044 illud
1315 2013 1442 2052 legitur
1457 2012 1488 2042 in
1506 2011 1602 2041 Bem.
1630 2010 1710 2041 Bas.
1728 2010 1782 2040 vi.

325 2070 359 2094 et
378 2064 492 2095 multis
507 2063 594 2100 aliis,
617 2068 652 2092 ut
668 2068 704 2092 et
719 2061 806 2091 ratio
822 2069 938 2090 versus
963 2058 1116 2099 requirit.
1146 2057 1202 2087 Fa.
1247 2058 1256 2074 ‘
1270 2056 1327 2086 Sic
1351 2059 1386 2086 et
1402 2053 1534 2085 nostri.’
1558 2053 1654 2084 Bent.
1700 2053 1783 2083 Illud

323 2108 368 2146 id,
381 2116 533 2147 pronom.
548 2106 627 2136 illud
642 2105 752 2135 relato
769 2103 810 2134 ad
828 2102 1015 2142 superiora,
1033 2099 1280 2132 Guelf.·2.-59
1297 2098 1352 2129 Ita
1364 2097 1469 2135 edidi,
1485 2101 1620 2127 secutus
1636 2095 1783 2126 auctori-

326 2156 432 2180 tatem
452 2149 592 2189 Guyeti.
628 2147 694 2178 Sed
711 2152 746 2177 et
764 2147 812 2176 ita
827 2146 926 2176 estin
943 2144 1004 2175 Tr.
1043 2144 1084 2175 In
1101 2152 1166 2173 uno
1185 2141 1283 2172 Leid.
1299 2141 1437 2180 legitur,
1459 2140 1503 2171 Ut
1517 2139 1668 2169 nesciente
1683 2147 1707 2168 s.
1723 2141 1747 2168 t.
1761 2138 1784 2167 i.

322 2202 350 2223 s.
361 2193 442 2222 duri.
488 2192 613 2231 Vulgo,
641 2191 680 2221 U.
699 2189 892 2220 nescientem.
916 2188 1022 2218 West.
1069 2187 1077 2203 ‘
1093 2186 1164 2217 Pal.
1181 2185 1272 2225 Guy.
1298 2184 1405 2214 Boecl.
1433 2182 1496 2213 Vir
1518 2181 1664 2219 doctus-3
1688 2185 1783 2211 recte

327 2245 457 2272 omnes,
485 2235 526 2265 Ut
555 2243 592 2264 ne
616 2235 774 2264 scientem.
822 2231 989 2262 Nimirum
1016 2230 1082 2267 vel,
1104 2233 1142 2259 ut
1166 2228 1227 2266 illi,
1259 2237 1298 2258 ne
1322 2227 1470 2257 scientem
1497 2224 1633 2259 sentiat:
1657 2223 1722 2262 vel,
1746 2228 1783 2253 ut

326 2287 424 2318 :reque
442 2278 539 2315 bene,
560 2276 744 2307 nescientem
755 2278 885 2305 censeat.
931 2273 1034 2304 Certe
1049 2277 1242 2310 utrumque,
1266 2274 1302 2300 et
1314 2269 1498 2300 nescientem
1512 2272 1547 2297 et
1560 2266 1674 2296 sentiat
1690 2271 1783 2296 stare

329 2331 395 2350 uua
413 2320 466 2350 vix
485 2318 646 2359 possunt.'
670 2319 765 2348 Bent.
811 2318 820 2333 ‘
836 2315 1044 2355 Legendum,
1065 2315 1104 2344 U.
1119 2323 1157 2344 ne
1172 2313 1317 2343 scientem
1332 2311 1369 2342 s.'
1394 2311 1433 2342 R.
1450 2310 1493 2340 D.
1543 2309 1587 2340 Ut
1601 2309 1784 2338 nescientem

329 2364 387 2394 ΒΓ.
404 2364 480 2403 Bip.
498 2363 537 2392 Z.
583 2361 668 2392 Dari
684 2358 799 2391 Guelf.
815 2361 934 2389 3.—60
958 2358 1029 2389 Hoc
1043 2362 1122 2387 aute
1138 2357 1228 2395 quod.
1252 2355 1391 2385 Id.—63
1416 2352 1557 2392 Aliquot
1583 2350 1665 2381 libb.
1696 2351 1784 2381 iuter

330 2416 414 2446 quos
442 2406 538 2436 Bem.
559 2404 637 2434 Bas.
655 2403 711 2433 Vi.
737 2403 808 2432 haec
835 2401 961 2431 habent
988 2401 1061 2430 sine
1086 2397 1340 2438 conjunctione,
1365 2395 1455 2436 quod
1483 2399 1520 2424 et
1542 2393 1723 2430 elegantiae
1748 2398 1784 2423 et

329 2448 440 2479 versui
458 2447 573 2477 servit.
600 2446 657 2477 Fu.
703 2445 712 2461 ‘
727 2445 839 2475 Etiam
857 2443 1014 2478 auostris
1032 2442 1127 2473 abest
1142 2444 1195 2476 ct‚·
1220 2445 1255 2470 et
1273 2445 1387 2470 tamen
1404 2438 1437 2468 in
1455 2441 1551 2467 textu
1572 2435 1691 2467 Faerni
1709 2435 1784 2465 sub-

329 2491 430 2521 sistit.
477 2490 549 2521 Nos
593 2494 709 2518 nostro
734 2487 815 2527 jure
839 2486 1012 2516 exulatum
1039 2481 1229 2514 mittimus,y
1253 2482 1350 2512 Bent.
1396 2481 1439 2511 Et
1469 2479 1566 2510 abest
1591 2478 1651 2509 ΒΓ.
1683 2478 1782 2508 Both.

330 2533 554 2572 Delph.—-6-1.
577 2534 617 2561 65
645 2531 770 2560 Omnes
794 2528 868 2559 fere
894 2528 1024 2569 antiqui
1051 2527 1127 2558 libri
1154 2527 1395 2556 consusurrant:
1419 2522 1509 2563 quod
1528 2530 1609 2551 vero
1624 2521 1790 2561 sequitur,

329 2575 491 2613 conserunt
524 2573 663 2604 Consilia
691 2573 912 2610 adulescentes,
943 2572 977 2601 in
1001 2571 1096 2601 Bem.
1123 2573 1175 2599 est
1204 2569 1243 2598 ad
1277 2567 1507 2597 adulescentes.-
1543 2569 1580 2594 ut
1604 2567 1638 2594 et
1667 2572 1784 2593 versus

331 2618 496 2658 exposcit.
541 2617 645 2646 Forte
669 2615 851 2653 legendum
879 2618 942 2652 est,
968 2619 1004 2644 ut
1027 2612 1169 2652 conjicit
1196 2611 1343 2649 Lolgius‚
1369 2606 1530 2639 Consiliad
1559 2606 1785 2637 adulescentes:

334 2669 370 2691 ut
395 2662 426 2699 d,
457 2661 694 2698 interponatur
717 2659 827 2688 hiatus
853 2656 981 2687 vitandi
1013 2664 1127 2693 causa,
1156 2654 1244 2684 sicut
1267 2653 1299 2682 iu
1318 2651 1417 2682 ‘med
1440 2649 1546 2690 erga-⁷
1570 2649 1627 2680 Fa.
1671 2647 1785 2679 ‘Illud

334 2703 444 2741 Lolgii
463 2703 576 2732 neseio
593 2701 688 2740 cujus
707 2700 867 2730 Consiliud
885 2700 925 2729 ad
944 2698 1151 2729 morbouiam
1168 2694 1389 2736 relegandum
1405 2697 1466 2723 est.
1516 2692 1607 2730 Lege
1629 2699 1671 2721 ex
1687 2691 1784 2721 Bern.

331 2749 563 2782 cmzsusurrunt,
577 2744 737 2781 conterunt
757 2742 895 2772 Consilia
909 2743 947 2772 ad
960 2739 1188 2771 adulescentes?
1210 2739 1313 2769 Beut.
1359 2736 1560 2766 Lectionem
1576 2733 1694 2764 Bembi
1709 2742 1783 2773 pro-

335 2790 394 2820 bat
412 2787 593 2819 Ruhnken.
620 2791 656 2817 et
682 2786 763 2815 dant
790 2784 891 2815 Both.
916 2784 1008 2814 Peri.
1029 2784 1108 2823 Bip.
1131 2781 1195 2813 nisi
1212 2780 1303 2822 quod
1320 2779 1419 2810 Both.
1434 2777 1473 2808 τὸ
1491 2777 1544 2808 illo
1559 2776 1783 2808 emittm—67
