1966 3302
474 258 785 289 PHORMloNIS
820 258 926 290 ACT.
960 258 1023 289 IV.
1058 258 1124 289 SC.
1165 259 1237 290 ΙΙΙ.
1507 251 1593 294 989

137 351 228 394 Gn.
265 353 387 395 Nam
408 353 558 395 hercle
590 365 670 407 ego
692 366 884 407 quoque,
915 353 961 394 id
996 353 1177 407 quidem
1213 354 1389 407 agitans
1421 367 1593 397 mecum

307 421 479 472 sedulo,
1535 423 1592 464 10

133 487 302 537 Inveni,
326 489 496 542 opinor,
519 489 760 530 remedium
781 488 886 528 huic
906 488 984 529 rei.
1044 488 1134 529 DE.
1167 487 1302 539 Quid,
1325 489 1476 531 Geta?

135 554 265 605 Quod
287 556 559 597 remedium?
620 555 709 596 GE.
729 554 791 596 Ut
811 554 902 595 abii
924 554 1004 594 abs
1026 559 1083 603 te,
1105 554 1155 595 fit
1174 556 1285 596 forte
1307 557 1487 598 obviam

134 621 248 663 Mihi
270 622 492 664 Phormio.
552 623 711 664 CHRE.
733 621 826 672 Qui
849 621 1093 662 Phormio?
1153 621 1244 664 GE.
1267 623 1331 674 Is,
1354 625 1430 678 qui
1451 624 1592 667 istam.

304 690 462 731 CHRE.
495 690 614 731 Scio.

133 757 220 798 GE.
252 757 410 798 Visum
432 763 501 798 est
520 757 642 807 mihi,
660 761 712 797 ut
733 756 830 810 ejus
853 760 1066 797 tentarem
1089 757 1364 799 sententiam.

131 824 304 866 Prendo
324 825 541 866 hominem
564 825 735 866 solum:
769 837 845 864 cur
864 836 965 874 non,
988 826 1186 877 inquam,
1209 825 1430 876 Phormio,
1528 827 1585 868 15

129 891 287 941 Vides,
307 893 418 934 inter
436 905 518 934 vos
538 893 603 933 sic
626 892 725 933 haec
745 893 897 946 potius
919 905 1018 932 cum
1039 893 1155 932 bona

134 958 198 1000 Ut
217 964 534 1014 componantur
555 960 710 1013 gratia,
728 973 856 1013 quam
881 973 979 1001 oum
1001 961 1147 1001 mala‘?

138 1025 293 1068 Herus
312 1027 511 1068 liberalis
532 1031 614 1077 est,
637 1032 681 1068 et
701 1027 891 1081 fugitans
911 1028 1050 1069 litium
1069 1042 1078 1069 :

131 1131 270 1170 agebam.
296 1131 363 1163 GE.
379 1132 530 1172 Equidem
538 1142 593 1172 per
609 1132 773 1164 Herculem
781 1142 838 1172 ego
850 1142 966 1174 quoqne
975 1133 1008 1164 id
1018 1133 1120 1164 animo
1130 1134 1212 1174 apud
1223 1145 1269 1165 me
1278 1144 1356 1176 soepe
1366 1136 1498 1173 versari,
1507 1136 1593 1174 adeo,

132 1174 269 1212 nisallor
284 1174 436 1214 opinione,
447 1178 482 1205 ut
493 1174 565 1206 huic
580 1175 626 1206 νεῖ
638 1176 822 1206 medicinam
834 1176 1014 1207 invenerim.
1059 1177 1128 1207 DE.
1156 1178 1242 1213 Quid
1258 1177 1364 1209 Geta?
1386 1189 1455 1219 qnoe
1468 1180 1593 1210 medice·-

131 1226 171 1247 na
182 1215 198 1247 ἲ
228 1217 295 1248 GE.
317 1218 361 1248 Ue
373 1227 391 1246 a
404 1221 434 1248 te
444 1218 585 1257 discessi,
591 1219 680 1256 sorte
691 1219 767 1248 mihi
780 1219 930 1249 Phormio
941 1218 1162 1257 obviasfactus
1171 1224 1228 1251 est.
1254 1221 1324 1252 CH.
1341 1221 1414 1261 Qui,
1423 1222 1572 1253 Phormio
1582 1226 1595 1253 ‚⁹

133 1259 200 1290 GE.
226 1259 270 1297 Is,
287 1260 339 1299 qui
354 1260 446 1290 istam
461 1260 616 1299 virginem
631 1260 783 1299 defendit.
829 1262 898 1292 CH.
924 1262 1009 1292 Novi
1024 1263 1184 1295 hominem.
1223 1263 1291 1295 GE.
1314 1264 1353 1295 In
1370 1269 1502 1295 mentem
1518 1265 1594 1296 mihi

131 1302 230 1340 venit,
246 1302 312 1340 ejus
324 1303 513 1333 voluntatem
527 1303 688 1343 indagare.
723 1304 841 1335 Seduco
857 1314 991 1335 seorsum
1007 1306 1157 1336 hominem
1169 1307 1287 1344 solum;
1302 1316 1356 1337 cur
1371 1317 1441 1347 non,
1454 1308 1594 1349 inquam,

131 1344 295 1384 Phormio,
307 1355 412 1383 cnraS,
425 1349 460 1376 ut
472 1346 538 1376 hoec:
550 1356 601 1377 res
622 1347 705 1378 inter
718 1357 771 1377 vos
782 1348 977 1386 transigatur
988 1349 1092 1388 potins
1104 1359 1171 1379 cum
1186 1349 1405 1390 benevolentia,
1420 1361 1511 1390 cluam
1525 1361 1593 1381 cum

131 1388 211 1419 male
223 1388 356 1420 volentia
368 1388 488 1420 diutius
503 1389 667 1429 agitetur?
689 1389 781 1421 herus
797 1390 952 1431 Demipho
967 1391 1103 1422 liberalis
1118 1395 1164 1423 est
1176 1392 1311 1433 ingenii,
1328 1393 1479 1432 ingenuus
1491 1397 1548 1434 est,
1565 1397 1595 1424 et

736 1497 977 1511 eeeeeeeeeeee

129 1563 186 1595 hoc
199 1574 267 1594 cum
281 1565 409 1604 agebam
424 1566 623 1598 commodum.
658 1565 745 1598 Haec
762 1566 935 1598 Chremeti
952 1566 1070 1598 tribuit
1087 1567 1179 1607 Guy.
1208 1566 1308 1598 West.
1345 1565 1414 1598 Alii
1431 1566 1592 1600 ordinant

132 1607 212 1637 Cum
226 1608 282 1638 hoc
295 1609 339 1638 id.
363 1609 424 1639 ΒΥ.
442 1610 526 1649 legit
540 1610 579 1639 Id
589 1619 656 1640 cum
668 1609 723 1640 hoc
735 1609 863 1648 agebam
875 1610 1105 1641 incommodum.
1122 1611 1225 1641 Bent.
1239 1610 1331 1641 Perl.
1344 1610 1448 1641 Both.
1458 1609 1540 1651 Rip.
1553 1612 1594 1643 Z.

129 1649 257 1690 Delph.
270 1650 312 1681 Id
323 1661 391 1682 cum
404 1651 468 1682 hoc.
487 1652 596 1683 Notat
608 1653 708 1683 etiam
724 1653 805 1692 Bip.
819 1653 828 1669 ‘
839 1653 905 1684 Ms.
917 1653 1003 1692 Reg.
1019 1659 1106 1684 teste
1117 1653 1202 1685 Dae.
1220 1652 1393 1684 Chremeti
1405 1653 1518 1693 aptius
1532 1655 1593 1685 tri-

130 1692 219 1730 buit,
232 1702 306 1732 quae
317 1694 419 1732 vulgo
427 1694 653 1734 Demiphonis
665 1693 798 1726 faciunt
810 1695 926 1726 verba.
942 1696 1025 1727 Scil.
1036 1696 1209 1731 Chremes,
1220 1695 1276 1736 qui
1287 1696 1365 1726 filiae
1374 1696 1515 1728 causaid
1527 1706 1594 1728 ma-

131 1735 181 1775 gis
198 1745 289 1766 curae
306 1736 420 1772 habet,
438 1737 542 1768 etiam
559 1738 726 1776 promtior
743 1743 796 1768 est
821 1738 862 1768 ad
891 1738 1209 1779 loquendum.'—10
1234 1739 1320 1769 Nam
1335 1739 1435 1769 hercle
1449 1749 1505 1778 ego
1521 1750 1595 1780 quo·

129 1787 186 1817 que
201 1778 234 1809 id
249 1778 372 1817 quidem
386 1789 503 1810 mecum
516 1780 644 1819 agitans
658 1781 771 1811 sedulo.
793 1781 863 1811 Soli
880 1781 957 1812 libri
979 1782 1022 1813 V.
1040 1787 1076 1813 et
1093 1781 1149 1811 vi.
1168 1786 1203 1812 et
1217 1781 1296 1813 Bas.
1323 1781 1373 1812 ita
1398 1781 1540 1822 habent,
1556 1789 1593 1815 ut

127 1820 163 1851 in
179 1820 330 1852 lectione
347 1822 508 1862 vulgata:
546 1827 581 1853 at
607 1833 686 1854 vero
704 1833 818 1855 omnes
836 1823 906 1862 alii,
925 1829 959 1854 et
975 1824 1007 1854 in
1032 1824 1072 1855 iis
1097 1824 1297 1863 Bembinus‚
1313 1824 1384 1854 sine
1399 1823 1436 1854 τὸ
1461 1826 1595 1866 quidem,

128 1863 194 1894 hoc
211 1862 324 1901 modo,
341 1865 426 1896 Nam
440 1865 540 1896 hercle
555 1875 612 1904 ego
634 1876 751 1907 quoque
776 1866 809 1897 id
834 1867 961 1905 agitans
976 1877 1091 1898 mecum
1106 1868 1232 1902 sedulo‚·
1266 1876 1334 1908 qua
1360 1867 1508 1898 lectione
1533 1868 1591 1899 ad-

128 1907 243 1945 missa,
257 1915 322 1938 non
339 1906 403 1938 fiet
417 1908 543 1939 collisio
560 1910 594 1939 in
617 1909 627 1926 ‘
641 1918 716 1940 nam
733 1909 871 1940 hercle-⁹
910 1910 969 1941 Fa.
1027 1911 1114 1941 Nam
1137 1910 1237 1941 hercle
1252 1920 1309 1949 ego
1333 1920 1449 1950 quoque
1475 1911 1509 1941 id
1524 1913 1593 1949 agi-

129 1952 199 1980 tans
213 1958 329 1980 mecum
342 1951 456 1981 sedulo.
480 1950 537 1982 Sic
553 1951 650 1983 dedit
666 1951 816 1983 Faernus
831 1963 840 1990 ;
866 1953 972 1983 sedin
989 1954 998 1970 ‘
1013 1962 1091 1984 nam
1107 1953 1222 1984 hercle
1234 1952 1243 1965 '
1265 1954 1457 1984 necessario
1471 1953 1509 1984 fit
1525 1956 1592 1985 col-

128 1991 224 2031 lisio;
255 2002 336 2032 ergo
351 1998 460 2032 recte,
477 1994 567 2035 quod
584 1999 619 2026 et
635 1996 742 2026 nostri
759 2004 888 2035 omues,
907 1996 1096 2027 recentiore
1122 2005 1188 2026 uno
1215 2000 1375 2036 excepto,
1391 1996 1477 2027 Nam
1492 1997 1593 2028 hercle

128 2044 184 2073 ego
200 2045 315 2076 quoque
329 2035 362 2066 id
378 2036 498 2076 quidem
515 2037 642 2076 agitans
656 2048 773 2069 mecum
793 2039 908 2070 sedulo.
942 2039 1046 2070 Bent.
1099 2037 1142 2069 Τὸ
1156 2038 1280 2079 quidem
1297 2039 1396 2070 abest
1413 2039 1450 2070 Z.
1464 2040 1592 2080 Delph.

125 2078 134 2094 ‘
153 2078 259 2109 Metti
275 2088 378 2110 causa
394 2078 516 2119 quidem
533 2085 608 2119 post
634 2081 668 2111 id
692 2091 735 2112 ex
763 2081 862 2112 codd·
882 2081 926 2113 V.
949 2082 1028 2112 Bas.
1047 2085 1083 2112 et
1100 2081 1155 2112 Vi.
1172 2082 1381 2113 restituimus
1397 2091 1473 2112 cum
1491 2082 1592 2114 Beni,

128 2120 226 2151 Bem.
244 2130 309 2152 non
327 2120 448 2161 habet;
473 2122 550 2153 hinc
567 2123 625 2154 Fa.
638 2128 674 2153 et
691 2124 832 2154 asseclae
850 2123 1022 2156 omisere.’
1047 2124 1210 2164 Βὴλ-11
1235 2125 1320 2155 Mss.
1337 2124 1438 2156 Bodl.
1452 2125 1494 2156 G.
1510 2125 1590 2158 Wit.

127 2163 250 2195 Boend.
267 2168 301 2195 et
318 2164 392 2195 ΕΡ.
409 2164 533 2201 Inveni,
547 2169 582 2196 ut
594 2165 714 2205 opinor.
738 2166 845 2198 West.
893 2168 962 2199 DE.
990 2168 1086 2206 Quid,
1111 2167 1216 2199 Geta?
1241 2167 1325 2198 Haec
1342 2168 1515 2199 Chremeti
1533 2170 1590 2199 tri-

127 2206 278 2237 buuntur
294 2207 328 2237 in
355 2207 558 2248 quibusdam
587 2208 690 2239 codd.
714 2209 772 2239 illa
795 2218 878 2240 vero
905 2209 996 2245 Quod
1010 2210 1200 2241 remedium?
1238 2209 1459 2250 Demiphoni.
1492 2211 1591 2243 Idem.

127 2248 242 2280 Recte
256 2249 318 2280 hoc
337 2250 547 2289 Bembinus;
572 2255 608 2281 et
624 2251 768 2287 idcirco,
781 2252 872 2292 quod
887 2253 1000 2284 omisit
1016 2252 1179 2290 Faernus,
1189 2252 1223 2283 in
1241 2257 1373 2284 textum
1389 2254 1591 2293 recepimus.

127 2292 224 2323 Bent.
246 2292 302 2323 Ita
319 2297 355 2323 et
372 2293 474 2324 Both.
493 2293 586 2324 Perl.
605 2294 684 2334 Bip.
709 2295 794 2330 Quid
809 2298 857 2325 est
873 2294 991 2326 Guelf.
1008 2298 1126 2327 3.—-l3
1152 2295 1259 2326 Istunc
1275 2295 1354 2327 Hel.
1365 2296 1445 2337 Bip.
1459 2297 1590 2338 Delph.

126 2334 230 2366 Both.
255 2335 356 2366 Istum
372 2334 489 2367 Guelf.
506 2338 624 2367 3.-14
648 2337 766 2368 Codex
783 2342 898 2369 noster
914 2339 1115 2369 veterrimus
1133 2348 1194 2378 pro
1210 2339 1276 2378 ejus
1289 2339 1391 2369 habet
1407 2339 1519 2380 prius;
1543 2341 1591 2371 al-

127 2380 255 2408 ter900
270 2387 430 2409 annorum
445 2379 534 2419 prius
545 2379 611 2417 ejus
621 2390 631 2410 :
657 2380 777 2411 tertius
789 2380 853 2418 ejas
866 2384 1086 2421 pertentarem.
1133 2381 1238 2413 Certe
1250 2382 1333 2412 illud
1348 2385 1512 2419 tentarem,
1530 2393 1591 2424 pes

126 2420 293 2451 molossus
311 2430 387 2452 cum
403 2421 541 2462 duplice
558 2427 719 2461 accentu,
736 2423 940 2455 dehonestat
964 2424 1051 2455 hunc
1070 2433 1215 2456 versum.
1258 2425 1401 2465 Repono
1423 2425 1531 2456 Visum
1546 2430 1591 2457 est

125 2463 182 2499 mi,
199 2466 234 2493 ut
248 2462 314 2501 ejus
329 2466 482 2494 tentarem
507 2464 597 2504 prius
622 2466 819 2497 sententiam.
845 2467 948 2497 Bent.
994 2467 1051 2498 Ita
1067 2472 1101 2498 et
1115 2467 1215 2498 Both.
1231 2467 1326 2499 Perl.
1371 2468 1592 2501 Pertentarem

128 2505 289 2537 EP.—15
316 2507 490 2542 Quaerenda
506 2507 659 2539 homine-m
675 2509 733 2539 ΒΓ.
756 2509 816 2540 sed
833 2514 930 2540 notat
947 2509 1072 2548 Bruns,
1096 2512 1104 2527 ‘
1123 2510 1206 2541 edit.
1231 2514 1267 2541 et
1282 2511 1384 2541 Bent.
1405 2512 1540 2551 Prendo,
1556 2517 1592 2544 et

127 2548 177 2579 sic
193 2552 316 2579 mutat.
333 2550 367 2579 in
387 2549 560 2580 cod.’—-16
584 2551 682 2582 Bona
695 2551 780 2583 Mss.
793 2561 884 2591 pars,
898 2552 981 2583 inter
995 2563 1062 2590 nos,
1074 2552 1242 2593 quomodo
1259 2558 1294 2584 et
1310 2553 1399 2592 Eug.
1416 2554 1510 2593 legit.
1535 2555 1591 2586 Sic

127 2591 226 2622 abest
241 2602 260 2622 a
277 2592 359 2622 Mss.
374 2592 475 2623 Bodl.
491 2597 526 2622 et
541 2592 623 2624 Wit.
640 2593 698 2624 sed
716 2593 760 2625 G.
777 2599 813 2625 ct
829 2595 950 2625 Boend.
968 2595 1006 2626 si.
1031 2597 1139 2626 XVest.
1184 2596 1263 2627 Non
1282 2596 1394 2636 placet
1420 2596 1504 2627 illud
1523 2598 1567 2628 sic
1580 2610 1590 2628 .-

127 2634 170 2664 ab
187 2634 317 2675 aliquot
332 2634 428 2665 libris
445 2635 559 2674 abest3
584 2637 617 2666 in
635 2637 710 2667 aliis
726 2636 765 2667 si.
812 2637 991 2668 Praeterea
1006 2638 1039 2668 in
1057 2638 1174 2669 multis
1192 2643 1245 2669 est
1258 2648 1323 2676 nos,
1338 2648 1405 2669 non
1421 2649 1486 2670 vos.
1525 2640 1590 2671 Re·

128 2685 229 2714 pono,
251 2678 408 2715 Videmus,
425 2678 508 2708 inter
524 2688 578 2708 nos
594 2679 660 2710 hoec
681 2679 786 2718 potius·
809 2689 878 2710 cum
903 2681 988 2711 bona.
1047 2682 1149 2712 Certe
1166 2690 1241 2711 cum
1258 2681 1342 2712 inter
1357 2692 1422 2721 nos,
1438 2683 1491 2713 vel
1506 2683 1591 2713 inter

128 2727 180 2749 vos
195 2719 291 2759 dicit,
309 2721 486 2761 utriusque
504 2721 610 2761 partis
627 2720 774 2753 officium
791 2727 900 2763 notat,
917 2732 983 2753 non
1007 2725 1108 2754 unius
1137 2727 1280 2756 tantum.
1326 2724 1438 2756 Quare
1455 2731 1513 2756 aut
1536 2726 1590 2756 Vi-

129 2762 234 2792 demus
249 2763 331 2794 inter
343 2773 398 2794 nos
413 2764 499 2803 lege,
515 2769 574 2794 aut
595 2764 713 2795 Videtis
728 2765 810 2795 inter
822 2775 886 2796 vos.
942 2765 1042 2806 Apud
1061 2767 1119 2797 Pr.
1135 2771 1246 2798 tamen
1264 2776 1297 2807 p.
1314 2769 1409 2798 1103.
1432 2768 1526 2799 Vides
1541 2769 1588 2799 in-

129 2807 177 2834 ter·
191 2814 254 2836 vos.
277 2806 380 2838 Bent.
426 2806 462 2838 Si
478 2816 539 2846 pro
555 2807 610 2848 sic,
626 2808 748 2839 omisso
767 2807 824 2848 Ut,
841 2808 958 2842 Guelf.
976 2812 1006 2841 3.
1037 2808 1124 2842 lbid.
1140 2810 1173 2841 in
1188 2809 1276 2841 boma.
1300 2810 1309 2827 ⁴
1326 2809 1379 2842 Sit
1391 2811 1456 2842 hcec
1470 2822 1500 2851 p.
1514 2821 1539 2842 c.
1559 2812 1586 2841 Ιι,
