1966 3302
439 225 855 257 HEAUTON'rimoR.
888 225 996 255 Aer.
1019 223 1093 253 111.
1127 223 1197 253 sc.
1222 222 1298 252 111.
1517 207 1603 248 605

142 321 226 364 CL.
255 320 379 364 Dite
401 320 643 369 eradicent,
663 318 791 373 Syre,
813 319 890 372 qui
918 331 987 359 me
1020 317 1120 358 hinc
1148 315 1362 357 extrudis.
1423 314 1507 355 ΞΥ.
1538 312 1600 354 At

311 393 358 430 tu
378 388 454 441 pol
475 388 555 428 tibi
573 387 684 427 istas

141 455 336 498 Posthac
357 455 638 508 comprimito
658 465 829 494 manus.
1195 504 1202 511 .

141 522 327 566 Censen'
345 523 476 565 vero?
501 523 609 576 quid
626 523 746 563 illum
764 533 892 574 porro
906 519 1047 560 credis
1063 519 1291 567 facturum,
1313 517 1516 566 Chreme,
1548 516 1606 557 30

140 591 246 633 Nisi
273 605 388 642 eum,
428 594 637 645 quantum
672 589 755 630 tibi
788 589 888 641 opis
922 587 983 628 Di
1018 586 1136 636 dant,
1179 598 1349 635 servaS,
1384 585 1601 638 castigas,

312 658 496 700 mones?

141 724 359 779 CH.‘Ego
393 725 511 766 istuc
547 724 726 765 curabo.
789 722 875 764 ΞΥ.
906 719 1052 775 Atqui
1091 732 1222 770 nunc,
1261 719 1377 771 here,
1414 720 1486 760 hie
1523 719 1603 761 tibi

310 792 607 834 asservandus
629 795 710 834 est.

139 859 228 902 CH.
261 860 375 902 Fiet.
435 860 520 901 SY.
552 860 602 900 Si
635 859 814 912 sapias:
855 871 958 898 nam
993 855 1101 897 mihi
1121 855 1217 910 jam
1248 854 1408 906 minus,
1440 855 1604 896 minus-

1255 924 1269 939 C

309 942 396 983 que
417 929 708 981 obtemperat.

139 995 227 1038 CH.
270 995 391 1047 Quid
420 996 497 1036 tu‘?
536 994 697 1049 ecquid
734 993 788 1034 de
822 993 919 1043 illo,
958 992 1081 1046 quod
1122 990 1290 1032 dudum
1332 993 1478 1031 tecum
1516 991 1601 1044 egi,

309 1064 454 1117 egisti,
477 1062 620 1115 Syre?
652 1066 729 1104 aut

136 1207 220 1235 recte
245 1204 333 1243 dicit,
356 1202 401 1235 sic
425 1203 562 1235 arbitror
587 1213 651 1234 esse
669 1203 864 1242 faciendum.
911 1201 973 1232 CL.
1000 1202 1028 1232 Ο
1053 1201 1145 1242 Syre,
1162 1201 1221 1232 Diz'
1246 1204 1276 1231 te
1298 1199 1466 1239 extirpent,
1482 1200 1535 1239 qui
1557 1209 1604 1231 me

136 1246 233 1277 istinc
247 1246 346 1285 ejicis.
391 1247 453 1279 ΞΥ.
476 1247 539 1278 Sed
553 1257 608 1286 per
626 1247 794 1285 Pollucem,
820 1248 855 1276 tu
877 1245 1013 1276 cohibete
1025 1245 1151 1285 posthac
1168 1244 1246 1274 istas
1261 1252 1368 1273 ηιαηιιε
1383 1246 1465 1282 tuas,
1481 1252 1535 1273 uec
1551 1253 1604 1274 eas

136 1289 255 1320 inseras
276 1289 311 1320 in
332 1289 434 1321 sinum
459 1289 648 1320 mulieribus.
687 1290 840 1320 Censesne
864 1297 946 1325 vere,
979 1287 1120 1325 Chreme,
1148 1287 1221 1326 quid
1249 1287 1291 1316 sic
1317 1287 1493 1325 agendum?
1519 1286 1605 1320 Quid

134 1335 229 1372 putas
244 1332 332 1363 illum
345 1332 453 1372 filium
469 1332 632 1370 facturum
655 1341 731 1369 esse,
758 1331 821 1362 nisi
845 1331 994 1369 castigas,
1020 1330 1174 1368 observem,
1201 1330 1344 1359 admones
1359 1338 1438 1366 eum,
1455 1331 1604 1368 quantum

133 1375 298 1415 potestatis
313 1375 373 1406 Dii
390 1375 448 1406 tibi
463 1376 564 1405 dant?
610 1375 678 1406 Cu.
706 1375 776 1413 Ego
806 1374 889 1404 omm·
913 1373 1015 1403 studio
1040 1373 1124 1403 istud
1139 1372 1273 1409 faciam.
1318 1372 1379 1402 ΞΥ.
1405 1371 1497 1402 Certe
1521 1381 1604 1402 nime

127 1417 222 1458 filius
235 1417 355 1448 esttibi
369 1418 596 1449 custodiendus.
642 1417 711 1448 Cn.
737 1417 790 1447 Ita
797 1416 872 1457 fiet.
915 1416 979 1446 ΞΥ.
997 1415 1035 1446 Si
1052 1415 1207 1455 sapienter
1220 1424 1307 1452 agas,
1322 1414 1376 1444 hoc
1384 1414 1506 1452 facies.-
1530 1424 1604 1444 nam

130 1459 199 1499 jam
220 1460 322 1491 minus
343 1460 502 1501 minusque
524 1460 663 1500 sequitur
689 1469 756 1490 mea
783 1458 923 1489 consilia.
969 1457 1038 1489 CH.
1067 1458 1152 1493 Quid
1178 1462 1212 1489 tu
1226 1457 1359 1495 fecisti?
1382 1457 1467 1487 Num
1483 1457 1604 1496 aliquid

136 1503 232 1543 egssii
250 1503 288 1534 de
308 1503 365 1534 illa
385 1513 432 1544 re,
445 1505 484 1534 de
498 1513 557 1543 qua
569 1504 661 1544 paulo
678 1506 750 1534 ante
766 1505 796 1533 te
811 1501 963 1532 conveni?
984 1503 1040 1531 aut
1055 1500 1215 1539 interiisti,
1232 1501 1310 1540 quod
1326 1499 1385 1531 tibi
1397 1503 1524 1538 gratum
1539 1499 1606 1531 sit?

744 1596 985 1609 “new-‘vette-

139 1642 286 1673 Bn—-27
312 1642 382 1678 Quo
397 1642 456 1673 vis.
501 1642 646 1673 Divisim
673 1641 777 1682 edidi,
805 1646 944 1673 secutus
967 1641 1052 1671 dnos
1077 1640 1162 1671 Mss.
1184 1638 1328 1671 Codices
1347 1638 1544 1677 Leidenses,
1568 1642 1605 1670 et

137 1685 438 1725 praestantissimas
465 1684 645 1724 editiones,
668 1684 765 1716 Junt.
788 1684 868 1716 Ald.
893 1685 946 1716 St.
967 1684 1118 1721 Heinsii‚
1142 1683 1295 1713 aliorum.
1340 1682 1467 1721 Vulgo,
1483 1682 1602 1721 quovis.

139 1727 180 1758 In
197 1727 257 1759 Tr.
274 1728 369 1768 prior
386 1737 501 1759 versus
518 1729 551 1758 in
567 1727 635 1759 fine
649 1727 753 1758 habet
770 1738 842 1768 qua,
866 1737 1009 1768 sequens
1035 1726 1070 1756 in
1095 1727 1168 1766 ipso
1190 1726 1299 1764 initio,
1314 1724 1385 1756 vis.-
1409 1724 1498 1754 unde
1516 1725 1604 1756 certi

136 1769 222 1800 nihil
238 1770 399 1801 constitui
418 1776 545 1810 potest.
582 1771 632 1801 M.
651 1771 748 1801 Recte
763 1771 852 1801 dicis.
869 1771 980 1802 West.
1028 1769 1305 1809 Quorisjunctim
1323 1768 1407 1798 dant
1424 1768 1482 1798 Br.
1499 1768 1603 1800 Bent.

137 1812 232 1844 Perl.
253 1813 294 1845 Z.
332 1813 465 1844 divisim
483 1813 587 1844 Both.
607 1814 786 1853 Bip.-2S.
804 1816 846 1845 29
870 1812 959 1844 Alii:
985 1812 1072 1847 Quid
1093 1822 1141 1842 me
1161 1812 1233 1842 hinc
1259 1809 1426 1842 extrudis?
1471 1811 1601 1841 Rursus

138 1855 208 1894 aiii,
233 1856 405 1891 Quimeh.
421 1857 582 1888 extrudas.
627 1856 729 1887 Bodl.
757 1856 820 1891 Qui
844 1867 885 1886 m.
903 1856 997 1886 istinc
1012 1856 1175 1886 excrucias.
1220 1855 1288 1885 Ms.
1313 1854 1406 1893 Lips.
1427 1853 1532 1893 legit:
1556 1854 1602 1885 At

137 1901 204 1929 tute
218 1898 296 1929 istas
311 1899 446 1930 Posthac
461 1909 488 1930 c.
506 1909 546 1930 m.
573 1899 678 1929 West.
724 1899 734 1916 ‘
763 1899 827 1934 Qui
850 1909 889 1929 m.
916 1899 1010 1930 istinc
1033 1898 1188 1928 extrudis.
1234 1898 1286 1927 Ex
1313 1898 1446 1927 ratione
1475 1906 1606 1937 versus,

137 1945 174 1972 et
188 1940 256 1971 fide
271 1941 350 1972 libri
367 1941 525 1973 Bembini
547 1946 582 1972 et
600 1941 731 1983 aliquot
749 1943 904 1980 aliorum,
934 1941 1023 1981 lego,
1037 1940 1109 1970 hinc
1123 1939 1288 1971 extrudis?
1312 1940 1370 1971 Fa.
1414 1940 1424 1956 ‘
1442 1938 1530 1969 Illud
1552 1941 1604 1979 pol

137 1983 254 2015 nescio
270 1984 360 2015 unde
377 1985 526 2015 venerit.
572 1985 648 2015 Nec
666 1994 708 2015 ex
723 1986 848 2016 nostris
872 1984 972 2024 ullus,
992 1993 1056 2014 nec
1073 1987 1157 2013 vett.
1181 1983 1258 2014 edd.
1280 1982 1312 2013 id
1331 1989 1541 2022 agnoscunt:
1566 1987 1603 2013 et

137 2026 287 2057 universi
301 2027 430 2058 habent
445 2027 552 2066 istinc,
575 2036 639 2057 non
656 2027 739 2058 hinc.
786 2028 948 2068 Repone:
974 2027 1022 2057 Di
1045 2029 1076 2056 te
1099 2025 1268 2064 eradicent,
1294 2026 1346 2065 qui
1368 2026 1461 2056 istinc
1481 2035 1528 2055 me
1547 2035 1603 2055 ex-

137 2070 262 2108 trudas,
277 2068 365 2110 Syre.
412 2070 473 2100 SY.
495 2070 542 2101 At
559 2072 593 2101 tu
608 2069 667 2100 tibi
683 2070 761 2100 istas
782 2071 910 2110 posthac
925 2080 952 2100 c.
969 2079 1088 2100 manus.
1140 2069 1301 2098 Extrudas
1317 2078 1392 2098 cum
1411 2068 1442 2098 in
1459 2068 1603 2099 veterri-

136 2121 192 2141 mo
207 2116 322 2142 nostro
339 2117 404 2151 est,
428 2118 499 2143 tum
516 2114 549 2143 in
568 2112 704 2152 egregio
729 2113 789 2143 illo
813 2113 969 2144 Palatino
987 2112 1032 2143 G.
1049 2110 1224 2142 Fabricii!
1247 2111 1344 2142 Bent.
1392 2110 1400 2127 ‘
1417 2110 1474 2141 Al.
1491 2112 1604 2143 omitt.

134 2153 199 2194 pol.
244 2154 318 2186 Hos
334 2163 398 2195 ego
416 2164 481 2185 vss.
497 2158 551 2187 28.
567 2157 620 2186 29.
643 2156 761 2195 recepi
784 2165 803 2185 a
824 2156 928 2186 Bent.
946 2155 994 2185 ita
1011 2160 1048 2185 ut
1065 2153 1120 2184 hic
1137 2164 1195 2184 eos
1211 2153 1401 2185 constitnit.
1446 2154 1601 2186 Quorum

139 2195 234 2236 prior
258 2196 478 2238 hyper-meter
507 2197 581 2228 est-³
607 2197 696 2228 Peri.
720 2198 776 2238 qui
806 2203 934 2236 tamen,
963 2197 1071 2238 quoad
1100 2196 1218 2232 verba,
1247 2202 1285 2227 ut
1311 2206 1372 2227 nos
1398 2196 1493 2236 legit.
1541 2197 1601 2228 ΒΓ.

141 2239 183 2275 Q.
198 2249 239 2270 m.
253 2239 349 2270 istim:
364 2240 516 2272 extrudis.
561 2240 607 2271 At
622 2243 656 2270 tu
671 2240 728 2271 tibi
744 2241 831 2271 istas⁴
877 2240 979 2271 Both.
996 2241 1081 2280 legit
1098 2245 1133 2270 et
1149 2239 1269 2269 dividit
1286 2244 1325 2270 ut
1340 2240 1442 2270 Bent.
1460 2244 1603 2280 praeter-

138 2291 241 2321 quam
258 2282 348 2323 quod
374 2282 411 2312 τὸ
430 2284 484 2323 pol
506 2283 626 2313 inserit
642 2288 719 2323 post
735 2285 868 2313 tu.-30
895 2282 1023 2314 Censen'
1041 2285 1131 2313 tero?
1176 2282 1263 2313 Haec
1280 2282 1464 2322 Clitiplioni
1482 2283 1602 2314 tribuit

138 2324 230 2365 Guy.
245 2325 364 2356 laudat
379 2326 488 2357 Boecl.
506 2326 639 2366 quando
657 2325 807 2366 εἰρωνικὸν
820 2324 938 2356 fuerit.
973 2326 1146 2356 Videntur
1164 2326 1276 2364 potius
1290 2326 1367 2365 Syri
1385 2325 1426 2355 ad
1445 2325 1602 2356 Chreme-

136 2373 208 2398 tem
224 2368 340 2399 verba.
368 2369 464 2399 West.
511 2368 587 2399 Hoc
610 2378 711 2399 versu
737 2378 859 2399 novam
885 2378 1021 2399 scenam
1039 2368 1160 2407 incipit
1176 2368 1343 2407 Bip.—3l
1371 2367 1529 2402 Quantum
1554 2369 1603 2399 Di

137 2411 215 2441 dant
235 2410 295 2441 tibi
318 2411 395 2450 opis.
440 2411 566 2442 Melior
584 2410 719 2442 videtur
735 2411 948 2452 compositio,
971 2421 1046 2452 quae
1064 2415 1116 2441 est
1132 2411 1164 2440 in
1181 2411 1279 2442 Bem.
1298 2416 1333 2441 et
1350 2411 1423 2440 aliis
1441 2412 1602 2452 antiquis,

138 2456 288 2492 quantum
303 2453 362 2484 tibi
377 2453 444 2493 opis
460 2454 506 2484 Di
521 2454 608 2485 dant.
632 2454 692 2486 Fa.
738 2455 747 2471 ‘
766 2454 885 2486 Nostri
909 2463 1037 2491 omnes,
1062 2453 1122 2485 tibi
1138 2453 1223 2493 opis‚·
1248 2453 1309 2484 sed
1328 2453 1428 2483 iidem
1444 2455 1516 2484 (lent
1533 2463 1602 2485 non

139 2494 240 2526 dant!
264 2496 365 2527 Bent.
411 2495 420 2512 ‘
438 2495 508 2527 Gu.
524 2499 554 2526 1.
568 2502 603 2527 et
620 2496 701 2528 Hel.
717 2496 816 2528 dent.'
840 2496 944 2528 Both.
990 2497 1049 2527 ΒΓ.
1073 2507 1101 2536 q.
1120 2499 1145 2527 t.
1162 2496 1207 2526 D.
1225 2498 1297 2527 dent
1319 2506 1346 2526 o.
1374 2496 1460 2526 Dent
1487 2496 1602 2527 Guelf-

135 2539 170 2568 3.
195 2537 323 2578 Delpb.
346 2548 377 2578 q.
394 2537 439 2569 D.
455 2539 529 2569 dant
546 2549 574 2570 o.
592 2539 751 2570 uba-32
773 2540 860 2570 Mss.
875 2539 1025 2579 quidam,
1048 2539 1265 2570 observandus.
1312 2538 1393 2576 Alii,
1411 2541 1603 2570 servandus.-

141 2584 189 2618 et,
210 2580 294 2618 here,
321 2580 375 2611 ibi.
398 2581 590 2612 West.—33
613 2582 700 2613 Mss.
725 2587 761 2613 et
788 2582 945 2622 impressi
974 2581 1109 2621 quidam
1143 2587 1290 2620 veteres,
1314 2582 1354 2612 Si
1373 2582 1467 2622 sapis.
1492 2583 1601 2614 Idem.

139 2621 253 2662 Sapis‚·
276 2623 318 2653 ab
335 2624 442 2654 altera
457 2633 559 2654 manu
576 2625 679 2664 sapias
696 2624 812 2655 Guelf.
829 2627 947 2656 2.-34
972 2625 1017 2656 Ec
1033 2625 1106 2664 quid
1121 2623 1232 2656 Idem.
1279 2626 1287 2640 ‘
1302 2624 1404 2664 Vulg.
1422 2628 1522 2656 tecum
1538 2626 1603 2665 egi,

139 2664 260 2703 egisti?
282 2666 415 2706 putide.
458 2666 499 2696 In
517 2666 630 2697 verbis
645 2669 654 2683 ‘
669 2668 760 2707 quod
777 2667 903 2698 dudum
919 2673 1032 2698 tecum
1046 2667 1055 2680 ’
1080 2667 1216 2707 elegans
1240 2666 1366 2706 ellipsis
1382 2673 1445 2698 est.
1492 2667 1601 2699 Codd.

139 2706 182 2741 B,
199 2707 240 2746 C,
260 2708 338 2738 Hel.
355 2708 471 2747 egistin
486 2709 581 2740 etiam
596 2710 690 2746 (nam
709 2710 800 2750 vulg.
818 2710 918 2740 abest
935 2710 1059 2748 etiam),
1077 2709 1175 2748 bene,
1196 2710 1257 2740 nisi
1273 2709 1367 2748 egisti
1385 2710 1600 2740 retinendum

140 2749 218 2781 est.'
232 2750 332 2782 Both.
357 2752 414 2792 qui
431 2751 535 2792 igitur
550 2752 636 2792 legit
651 2754 728 2793 quod
744 2754 859 2784 dudum
874 2756 984 2792 tecum,
995 2753 1089 2792 egisti
1111 2752 1217 2793 etium,
1229 2753 1322 2793 Syre,
1339 2757 1404 2784 aut.
1450 2753 1508 2784 Br.
1520 2763 1550 2793 q.
1568 2754 1601 2783 d,
