1966 3302
408 227 831 259 HEAUTONTimoR.
865 227 975 256 Ac'r.
1009 226 1082 256 ιιι.
1115 225 1183 256 Sc,
1217 225 1247 254 1.
1479 212 1563 252 :393

104 326 337 368 Talentum
358 323 443 365 hoc
466 328 602 377 pacto
620 324 763 364 satius
784 326 865 372 est,
888 334 1020 376 quam
1041 321 1115 362 illo
1135 321 1312 360 minam.

107 393 208 435 Non
227 405 341 433 nunc
361 391 415 432 de
434 391 625 445 pecunia
648 391 812 442 agitur:
845 388 925 429 sed
941 388 1070 437 illud,
1090 386 1313 441 quomodo

108 460 294 501 Minimo
314 459 482 514 periclo
504 458 548 498 id
570 458 727 498 demus
745 456 1087 498 adolescentulo.

108 527 227 570 Nam
249 528 288 568 si
310 527 444 567 semel
466 530 589 567 tuum
610 526 801 566 animum
822 525 893 565 ille
915 523 1194 571 intellexerit,

106 594 239 636 Prius
259 593 537 649 proditurum
554 596 595 634 te
616 598 737 633 tuam
759 592 911 641 vitam,
934 595 977 632 et
997 591 1117 644 prius
1512 591 1568 631 '70

108 663 353 705 Pecuniam
373 674 565 711 omnem,
589 674 719 714 quam
742 660 822 701 abs
842 664 885 700 te
906 659 1082 700 amittas
1108 658 1272 706 filiuin;
1304 656 1394 705 hui,

109 729 334 780 Quantam
356 729 589 769 fenestram
613 728 668 769 ad
692 729 940 782 nequitiam
965 725 1248 780 patefeceris!

107 797 212 838 Tibi
233 803 379 837 autem
399 808 529 849 porro
548 800 598 836 ut
618 808 705 837 non
727 797 787 836 sit
809 808 948 836 suave
972 794 1141 835 vivere:
1245 788 1249 791 ’

109 863 231 905 Nam
247 863 488 903 deteriores
508 876 661 903 omnes
681 875 835 903 sumus
855 862 1051 903 licentia.

111 930 434 984 Quodcumque
456 930 658 972 inciderit
678 931 723 971 in
742 934 946 980 mentem,
968 930 1112 971 volet:
1146 941 1288 982 neque
1311 928 1355 968 id

110 997 312 1047 Putabit‚
333 1010 520 1051 pravum
541 1011 598 1039 an
617 1002 788 1038 rectum
810 997 908 1047 siet,
930 997 1049 1050 quod
1070 1000 1205 1050 petet.

1517 930 1543 969 xl

1546 930 1575 969 Qu

107 1127 237 1167 perdere
252 1128 401 1159 talentum
416 1137 520 1158 eorum
535 1127 666 1166 technis,
691 1138 780 1168 quam
809 1128 925 1159 minam
951 1130 981 1157 te
994 1126 1069 1168 filio
1098 1126 1358 1165 indulgentiorem
1380 1125 1575 1155 ostendendo.

113 1170 206 1200 Nunc
221 1180 278 1200 non
294 1171 404 1209 agitur
425 1176 530 1201 utrum
550 1171 710 1210 pecuniam
737 1171 888 1209 largiaris
901 1169 990 1210 filio,
1017 1179 1132 1206 necne;
1165 1171 1219 1199 sed
1245 1169 1332 1208 illud,
1347 1179 1404 1209 quo
1425 1171 1514 1208 pacto
1527 1167 1575 1197 illi

110 1213 273 1251 largienda
291 1213 346 1252 sit,
359 1214 486 1244 minimo
501 1215 708 1244 incommodo:
733 1224 817 1252 riom,
833 1213 862 1244 si
879 1213 973 1254 filius
991 1216 1061 1243 tuus
1073 1211 1245 1252 perceperit
1261 1212 1448 1242 voluntatem
1464 1214 1548 1241 tuam
1566 1220 1575 1245 ;

112 1255 252 1287 videlicet
269 1259 300 1286 te
312 1256 403 1296 prius
416 1257 610 1296 perditurum
625 1257 721 1287 vitum
737 1260 826 1288 tuom
840 1260 932 1295 atque
955 1265 1071 1286 omnem
1091 1255 1253 1295 pecuniam
1269 1264 1357 1294 quam
1370 1254 1478 1295 filium
1492 1253 1577 1283 ubire

112 1298 218 1335 sinas5
241 1298 307 1337 hui,
331 1309 421 1338 quam
447 1309 592 1338 magnum
609 1300 730 1329 aditum
746 1300 904 1339 aperueris
919 1299 959 1329 ad
975 1298 1083 1328 luxum
1098 1308 1134 1328 ac
1150 1297 1308 1328 libidinem
1320 1296 1334 1327 ,Ι
1358 1299 1431 1327 adeo
1446 1300 1480 1326 ut
1496 1299 1578 1326 certe

114 1351 174 1371 non
189 1341 231 1372 sit
247 1341 306 1371 tibi
324 1342 496 1380 jucundum
523 1342 651 1378 τίων-8,·
675 1352 747 1372 nam
769 1341 940 1373 deteriores
965 1341 1122 1372 evadimus
1146 1340 1242 1370 nimia
1269 1339 1423 1370 libertate.
1471 1339 1576 1369 Filius

113 1386 184 1415 tuus
195 1384 276 1415 volet
290 1394 376 1415 omne
389 1385 469 1425 quod
485 1385 514 1416 ez'
527 1385 560 1416 in
575 1387 708 1416 mentem
724 1385 860 1422 venerit;
882 1394 977 1425 neque
992 1384 1214 1424 considerabit,
1230 1393 1271 1414 an
1288 1384 1331 1423 id,
1346 1384 1426 1424 quod
1438 1383 1578 1423 postula-

726 1481 966 1494 eeeeeeeeeeee

116 1540 205 1572 Edd.
221 1539 381 1582 quaedam
406 1546 564 1580 vetustae,
589 1541 623 1572 in
648 1540 769 1581 quibus
787 1541 884 1573 Junt.
911 1544 947 1571 et
964 1539 1043 1571 Ald.
1069 1550 1135 1571 non
1153 1544 1338 1579 agnoscunt
1352 1538 1389 1569 τὸ
1405 1540 1463 1570 de:
1490 1539 1577 1579 quod

115 1593 179 1614 nec
209 1583 243 1614 in
260 1583 470 1614 Gambarelli
497 1584 806 1615 observationibus
830 1583 970 1613 editum.
995 1584 1079 1614 Mss.
1099 1584 1240 1614 variant.
1271 1582 1370 1614 West.
1418 1583 1467 1612 De
1483 1583 1579 1612 ornit-

115 1630 195 1658 tnnt
217 1626 319 1657 Bent.
343 1627 422 1667 Bip.
451 1627 542 1658 Perl.
568 1628 759 1658 Boiu—68
784 1627 883 1667 Vulg.
909 1626 1023 1666 periclo
1047 1627 1078 1657 id
1106 1628 1227 1657 demus:
1253 1625 1383 1665 putide.
1400 1625 1496 1655 Both.
1520 1627 1578 1666 qui

115 1669 220 1710 igitur
237 1670 269 1699 id
282 1669 508 1700 emittm—69
532 1670 630 1702 Libb.
647 1670 755 1710 antiq.
771 1670 809 1699 is.
827 1669 911 1699 GM.
924 1669 1063 1700 intelleae.
1080 1670 1142 1708 ille,
1159 1675 1280 1699 eontra
1308 1668 1465 1699 iambum.
1490 1668 1577 1699 Perl.

115 1715 198 1742 —71
216 1711 350 1742 Amittis
368 1713 427 1742 ΒΓ.
446 1712 538 1743 Illum
562 1723 623 1753 pro
642 1713 750 1753 filium
767 1712 884 1743 Guelf.
901 1714 1020 1743 3.-72
1037 1712 1187 1752 Reponit
1215 1713 1320 1743 Bent.
1356 1711 1396 1746 Q.
1417 1711 1458 1750 eji
1487 1711 1519 1748 f.
1548 1721 1577 1742 α,

115 1755 282 1795 nequitiem
303 1765 335 1794 p.
373 1756 383 1772 ⁴
402 1755 509 1795 Vulg.
536 1757 633 1786 abest
664 1756 706 1794 ei,
741 1755 935 1796 requisitum
961 1755 995 1785 id
1030 1755 1169 1796 quidem
1203 1756 1244 1785 ab
1273 1755 1433 1794 opposito
1459 1753 1578 1794 ‘Titus

119 1802 370 1838 proptereaque
398 1798 502 1828 etiam
534 1799 787 1837 assumendum,
823 1806 867 1828 ne
895 1807 961 1828 non
991 1798 1064 1828 elisi
1093 1798 1189 1829 verbi
1217 1797 1385 1838 nequitiem
1415 1802 1580 1828 accentus

118 1839 284 1879 offendat,
311 1845 475 1880 sequente
508 1842 633 1880 vocali,
657 1841 860 1872 retrahatur.
885 1841 986 1871 Bent.
1014 1842 1056 1876 Q.
1074 1840 1116 1878 eja·
1134 1841 1166 1877 f.
1191 1841 1251 1871 sed
1277 1840 1424 1880 dialyses
1456 1840 1516 1870 has
1545 1844 1580 1870 et

116 1883 243 1913 similes
261 1881 348 1922 ‘eji,'
372 1884 381 1898 ‘
394 1883 479 1919 reii‚’
500 1883 631 1924 ‘speii,’
653 1886 662 1901 ‘
679 1883 853 1924 hospita'1'‚’
876 1885 885 1900 ⁴
906 1883 1049 1914 Clinia'i'
1066 1886 1256 1924 elegantem
1275 1893 1384 1924 neque
1396 1883 1580 1923 Epicoruni

117 1925 326 1957 obsoletiora
342 1930 532 1957 sectantem
547 1936 726 1967 usurpasse
743 1927 920 1965 Nostrum,
944 1926 1125 1957 admodum
1149 1927 1251 1957 dubia
1268 1931 1319 1957 est
1343 1935 1394 1955 res
1411 1937 1417 1954 :
1443 1925 1579 1956 accedit

117 1968 206 2009 quod
224 1969 289 1999 isto
308 1974 410 2008 pacto
428 1979 493 1999 vox
509 1970 704 2009 gravissima
723 1970 880 2004 Quantam
895 1969 1103 2001 elideretur!
1127 1969 1227 2000 Both.
1247 1970 1303 2010 qui
1321 1968 1398 1999 inde
1420 1969 1517 2007 legit,
1540 1970 1581 1999 ud

117 2011 283 2051 nequitiem
297 2011 326 2041 ei
337 2021 372 2052 p.
420 2012 600 2052 Nequitiem
625 2012 709 2043 dant
737 2013 831 2044 Peri.
850 2012 890 2043 Z.
938 2013 1120 2052 Nequitiam
1137 2012 1220 2043 GM.
1239 2013 1296 2043 ΒΓ.
1314 2012 1476 2051 Bip.——73
1501 2012 1580 2042 Ele-

119 2062 203 2092 gans
228 2054 282 2084 hic
310 2063 427 2084 versus
445 2054 581 2095 Guyeto
604 2061 644 2086 ut
673 2055 806 2096 spurius
831 2056 1050 2095 expungitur.
1081 2056 1270 2087 West.—74
1304 2055 1511 2086 Scholiastes
1537 2054 1581 2085 ad

120 2096 206 2127 Hor.
222 2096 335 2127 Carm.
363 2106 388 2128 1.
414 2099 465 2127 19.
491 2100 521 2128 3.
548 2099 646 2138 legit,
669 2098 876 2138 corruptiores
902 2107 1005 2128 sumus
1028 2109 1055 2129 o.
1081 2099 1104 2129 l.
1130 2108 1148 2127 e
1164 2103 1343 2138 corrupto,
1367 2103 1406 2128 ut
1434 2097 1582 2136 videtur,

120 2139 252 2170 codice.
276 2139 374 2170 Idem.
418 2140 428 2156 ‘
441 2140 511 2170 Pro
525 2141 625 2182 fimus
641 2141 745 2171 Bent.
763 2141 872 2171 edidit
892 2150 1017 2171 sumus:
1041 2141 1149 2172 minus
1166 2140 1362 2180 eleganter)
1385 2141 1582 2172 Zeun.-75.

119 2184 162 2213 76
185 2181 228 2212 G.
245 2181 285 2212 R.
301 2187 338 2212 et
354 2186 424 2213 vet.
442 2183 517 2213 cod.
532 2193 586 2223 ap.
604 2183 704 2214 Lind.
723 2184 812 2219 Quod
826 2183 934 2223 cuique
948 2193 1084 2223 cumque.
1127 2184 1187 2215 ΒΓ.
1206 2185 1274 2219 Quo
1300 2184 1349 2215 cui
1374 2193 1580 2224 quoecumque.

120 2225 129 2241 ‘
145 2224 185 2256 In
202 2224 252 2255 liis
268 2223 400 2256 duobus
417 2226 573 2257 versibus
589 2236 712 2267 magna
725 2227 894 2256 variarum
912 2227 1097 2257 lectionum
1124 2232 1177 2257 est
1202 2236 1301 2267 seges
1316 2238 1325 2266 3
1348 2231 1386 2257 ut
1412 2227 1445 2256 in
1471 2227 1582 2257 nothis

120 2271 156 2298 et
182 2266 370 2299 subdititiis
397 2269 483 2299 solet
506 2270 657 2301 evenire.
700 2270 847 2300 Veteres
876 2269 1031 2309 plerique
1055 2270 1184 2300 nostri:
1210 2271 1300 2305 Quod
1324 2270 1433 2309 cuique
1458 2279 1584 2309 cumque

119 2309 266 2340 inciderit
283 2309 317 2340 in
331 2314 463 2342 mentem
479 2311 579 2349 volem
605 2312 714 2352 Neque
739 2312 772 2343 id
794 2312 931 2352 putavit,
951 2322 1082 2351 pravum
1107 2323 1147 2343 an
1172 2317 1291 2343 rectum
1314 2315 1359 2343 sic
1371 2316 1468 2352 petet.
1514 2313 1583 2343 Alii

124 2353 213 2388 Quod
226 2353 427 2393 cuicumque,·
450 2354 507 2384 alii
523 2355 565 2384 sit
579 2357 661 2395 quod
670 2358 767 2395 petet.
812 2354 906 2386 Tolle
924 2360 1033 2386 totum
1048 2356 1111 2386 hoc
1128 2356 1231 2395 panni
1243 2356 1394 2395 vulgaris
1411 2365 1583 2386 assumen-

120 2400 205 2426 tum.
253 2396 305 2426 Ex
321 2397 437 2427 notula
452 2397 564 2438 aliqua
579 2399 659 2428 olim
675 2399 709 2428 in
726 2401 856 2428 textum
874 2397 1014 2438 irrepsit
1037 2398 1242 2429 sententiola
1266 2399 1446 2438 generalis.
1494 2399 1583 2429 Nam

120 2437 204 2469 illud
217 2438 324 2478 cuique
339 2439 420 2470 satis
436 2438 589 2471 declarat
604 2441 645 2471 ad
661 2442 768 2471 solum
790 2440 948 2479 Cliniam,
969 2446 1007 2471 ut
1035 2441 1200 2481 oportuit,
1222 2442 1285 2472 hoc
1306 2451 1373 2471 non
1398 2441 1584 2481 pertinere.

122 2481 252 2512 Postea
269 2491 331 2521 pro
347 2487 450 2522 captu
467 2492 526 2513 suo
543 2483 667 2523 singuli
684 2484 717 2514 in
733 2493 852 2515 versus
865 2483 1021 2523 redigere
1037 2484 1247 2516 laborarunt.
1293 2484 1401 2514 Miror
1426 2484 1584 2525 equidem

121 2523 310 2564 Guyetnm‚
334 2525 391 2565 qui
409 2529 461 2555 tot
476 2525 581 2556 bonos
596 2536 711 2557 versus
727 2527 887 2566 ejecerit,
912 2527 972 2556 lios
989 2527 1130 2557 insulsos
1154 2532 1222 2557 tam
1247 2527 1421 2567 patienter
1445 2527 1582 2558 tulisse:

123 2567 183 2597 sed
199 2567 342 2597 miseror
358 2568 475 2598 Virum
491 2568 676 2607 eruditum,
698 2570 755 2610 qui
772 2569 806 2600 id
824 2569 939 2600 multis
955 2569 1069 2600 verbis
1095 2570 1179 2610 agit,
1203 2574 1240 2601 ut
1264 2579 1306 2600 ex
1330 2570 1426 2600 malis
1454 2570 1585 2610 pejores

122 2608 253 2640 faciat)
276 2610 373 2640 Bent.
421 2611 459 2642 Ρ.
474 2620 506 2650 p.
523 2621 553 2641 α.
570 2621 596 2643 r.
612 2613 690 2651 quod
703 2615 800 2651 petet,
819 2612 891 2642 siet.
939 2611 1068 2643 Omnes
1095 2611 1168 2643 fere
1195 2613 1216 2642 l.
1242 2622 1267 2643 s.
1294 2612 1334 2643 Ι).
1358 2623 1391 2652 p.
1418 2622 1449 2643 a.
1475 2622 1503 2643 r.
1529 2613 1585 2649 sit,

122 2653 201 2692 quod
214 2655 316 2692 petet:
339 2652 455 2693 aliqui,
477 2663 517 2683 an
530 2658 646 2685 rectum
660 2655 741 2685 siet.-
763 2655 850 2695 quod
866 2659 977 2685 tamen
1005 2664 1070 2685 non
1095 2655 1237 2695 adjuvat
1263 2664 1407 2686 versum.
1454 2656 1494 2686 In
1520 2664 1584 2686 nno

125 2699 257 2726 tantum
273 2695 360 2726 libro
377 2700 443 2734 est,
462 2706 651 2737 pravumque
665 2707 705 2728 un
720 2701 835 2728 rectum
847 2708 857 2727 .·
881 2707 948 2738 quo
965 2698 1100 2737 quidem
1118 2697 1216 2728 modo
1239 2703 1308 2728 stat
1334 2698 1463 2738 optime
1487 2707 1585 2728 sena·

126 2736 215 2767 rius!
241 2738 299 2768 Fa.
342 2739 351 2754 ‘
367 2737 461 2769 Alias
485 2739 590 2779 petit)
616 2740 675 2770 Er.
719 2740 862 2770 Bothius
889 2741 983 2779 legit,
1008 2740 1225 2780 Quodcumque
1248 2742 1279 2770 in
1305 2751 1344 2770 m.
1370 2741 1530 2778 inciderit,
1552 2741 1585 2771 id

126 2779 217 2819 volet,
236 2784 331 2820 pelet,
356 2781 463 2821 Neque
477 2783 510 2812 id
523 2782 648 2821 putabit
661 2792 830 2823 prauumue
846 2793 886 2813 un
902 2787 1019 2814 rectum
1045 2784 1113 2815 siet.
1159 2784 1215 2815 ΒΓ.
1240 2793 1382 2824 pravum,
1405 2794 1445 2813 un
1469 2787 1584 2813 rectum

211 2833 326 2874 Delph.
337 2838 366 2866 et
384 2835 459 2866 Var.
474 2835 560 2867 Clas.
792 2837 919 2868 Terent.
1425 2840 1444 2868 2
1469 2835 1499 2867 P
