1966 3302
412 222 830 255 HEAUToNrimoR.
866 225 974 254 Ac‘r.
1008 223 1073 254 1v.
1107 225 1176 256 sc.
1214 224 1319 255 vm.
1508 216 1592 257 637

142 317 326 360 Factum
347 323 456 373 puto
477 332 594 371 esse,
615 324 761 374 gnate,
785 333 886 361 cum
909 327 951 362 te
973 320 1173 373 intelligo

138 385 390 440 Resipisse.
468 385 559 428 CH.
609 387 674 428 Ut
704 387 845 429 errat!
925 387 1023 429 ME.
1067 389 1134 429 Te
1157 388 1304 442 ipsum
1327 387 1591 441 quaerebam,

144 494 149 499 .
309 453 508 497 Chreme.

139 521 289 570 Serva,
310 522 428 575 quod
450 522 493 562 in
514 527 559 564 te
579 527 659 573 est,
680 523 835 574 filium,
855 527 898 564 et
915 536 998 573 me,
1018 527 1059 564 et
1080 523 1305 565 familiam.

139 588 229 630 CH.
260 588 380 632 Cedo
402 590 510 644 quid
523 591 626 633 vis'i
657 591 832 633 faciam.
864 590 963 633 ME.
988 591 1207 632 Invenisti
1228 590 1354 632 hodie
1374 589 1527 631 filiam.
1565 590 1594 631 5

139 654 228 696 CH.
260 655 382 707 Quid
402 658 526 698 tum?
587 657 684 700 ΜΕ.
717 658 847 699 Hanc
868 659 954 699 sibi
975 671 1161 699 uxorem
1183 658 1277 699 dari
1298 658 1390 700 volt
1412 657 1571 699 Clinia.

137 721 225 765 CH.
255 722 442 775 Quaeso,
463 724 582 779 ‘quid
618 730 666 766 tu
696 724 885 767 hominis
917 726 1003 768 es‘?
1065 725 1165 767 ΜΕ.
1198 724 1320 776 Quid
1340 726 1438 767 est?
1498 724 1589 767 CH.

306 791 336 833 J
341 805 467 833 amne
488 793 650 835 oblitus
672 805 736 844 es,
1527 812 1530 814 ’

136 856 258 898 Inter
272 870 355 899 nos
377 858 480 913 quid
500 859 557 900 sit
577 859 744 901 dictum
765 860 818 901 de
837 860 1030 910 fallacia,

136 922 199 966 Ut
219 937 273 965 ea
293 925 366 966 via
385 925 465 966 abs
486 929 528 967 te
545 932 773 979 argentum
795 927 1068 969 auferretur?
1130 928 1227 969 ΜΕ.
1259 927 1378 969 Scio.

135 991 224 1035 CH.
255 992 322 1034 Ea
339 1006 407 1034 res
427 1006 543 1036 nunc
563 995 704 1048 agitur
721 995 832 1050 ipsa.
866 996 963 1038 ΜΕ.
989 995 1114 1047 Quid
1136 996 1264 1046 dixti,
1286 995 1471 1038 Chreme
1486 998 1505 1037 ’ἒ
1535 996 1592 1038 10

135 1122 254 1163 vivunt,
276 1133 345 1154 cum
369 1134 516 1164 cognosco
542 1127 572 1156 te
594 1126 635 1155 ad
662 1125 816 1156 meliorem
840 1129 972 1157 mentem
1000 1125 1141 1157 rediisse.
1187 1127 1257 1159 CH.
1284 1128 1442 1163 Quantum
1461 1127 1591 1165 fallitur

135 1166 294 1197 arbitrans
307 1167 415 1208 filium
434 1167 622 1208 resipuisse!
667 1168 740 1199 ΜΕ.
768 1169 796 1198 Ο
813 1169 953 1207 Chreme,
977 1173 1006 1199 te
1029 1169 1127 1208 ipsam
1143 1171 1327 1210 quaerebam.
1371 1169 1469 1200 Serva
1485 1181 1543 1207 me,
1560 1175 1590 1202 et

126 1207 235 1249 filium
250 1209 398 1248 Cliniam,
411 1214 442 1241 et
447 1210 619 1248 familiam,
641 1212 720 1250 quod
738 1214 835 1251 potes.
880 1212 949 1242 CH.
971 1211 1046 1248 Dic,
1063 1212 1135 1252 quid
1150 1224 1197 1244 me
1213 1213 1397 1250 vissacere?
1442 1213 1515 1243 ΜΕ.
1536 1214 1590 1244 Fi-

135 1251 210 1282 liam
233 1255 319 1284 tumn
338 1253 484 1284 hodierno
500 1254 550 1284 die
565 1253 718 1293 reperisti.
765 1254 835 1286 CH.
861 1255 945 1290 Quid
971 1255 1043 1286 inde
1068 1256 1231 1295 sequitur?
1276 1257 1349 1287 ME.
1375 1255 1480 1287 Clinia
1505 1258 1589 1296 cupit

135 1293 214 1325 hamc
219 1294 326 1334 filiam
341 1298 426 1326 taam
441 1296 500 1327 sibi
516 1296 600 1326 tradi
623 1297 655 1326 in
675 1306 814 1328 uxorem.
861 1298 931 1328 Cn.
957 1299 1102 1335 Ovsecro,
1125 1299 1226 1338 qualis
1252 1299 1338 1330 homo
1361 1308 1394 1329 es
1420 1302 1474 1329 tu?
1517 1300 1590 1331 ME.

138 1336 249 1372 Qualis
263 1337 351 1368 homo
361 1338 440 1370 sim?
484 1339 554 1370 CH.
577 1338 629 1370 An
644 1339 791 1370 oblivioni
804 1341 959 1371 mandasti
979 1351 1026 1379 ea,
1042 1351 1110 1381 quoe
1126 1342 1265 1372 collocuti
1279 1351 1382 1372 sumus
1403 1342 1440 1372 de
1456 1342 1590 1379 fallacia

134 1378 168 1410 in
183 1382 281 1420 ceper
295 1390 414 1412 servum
419 1381 570 1418 facienda
582 1392 593 1418 ;
615 1383 730 1413 scilicet
759 1386 793 1413 ut
807 1382 887 1423 ficto
909 1384 1104 1414 matrimonio
1130 1388 1295 1423 argentum
1322 1384 1382 1415 tibi
1406 1384 1588 1424 eriperetur.

134 1422 209 1453 ME.
235 1423 332 1454 Teneo
347 1424 494 1455 memoria
509 1435 544 1455 ea
564 1426 600 1456 cle
615 1425 724 1465 quihus
737 1426 820 1455 inter
836 1436 892 1456 nos
905 1427 1059 1458 convenit.
1105 1427 1173 1458 CH.
1200 1428 1339 1458 Fallacia
1354 1427 1414 1458 ista
1438 1437 1518 1458 nunc
1530 1428 1588 1470 fic,

135 1474 226 1504 quam
249 1468 285 1497 tu
307 1469 401 1507 putas
414 1476 478 1499 esse
492 1477 558 1499 rem
571 1469 696 1500 seriam.
739 1468 816 1500 ΜΕ.
843 1470 872 1498 Ο
893 1468 1035 1510 Chreme,
1061 1469 1135 1511 quid
1159 1470 1295 1501 dixisti?
1308 1471 1414 1508 salsus
1436 1480 1523 1501 sum:
1546 1473 1590 1501 sic

176 1621 217 1654 In
248 1622 349 1655 Both.
377 1622 521 1656 Act.1v.
550 1624 607 1657 Sc.
623 1627 655 1657 4.
681 1625 713 1656 in
739 1625 819 1666 Rip.
847 1625 925 1658 Act.
943 1636 990 1658 1v.
1018 1626 1075 1658 Sc.
1093 1629 1188 1658 5.—-1
1216 1625 1336 1658 Nostri
1362 1636 1493 1666 omnes,
1523 1638 1588 1660 uno

135 1665 327 1697 recentiore
351 1672 513 1707 excepto,
536 1677 612 1699 cum
639 1672 722 1699 vett.
747 1669 826 1700 edd.
851 1670 902 1700 M.
918 1680 947 1701 ο.
965 1679 1011 1700 me
1026 1679 1117 1701 nunc.
1141 1670 1244 1701 Bent.
1290 1670 1345 1701 Ita
1369 1674 1403 1700 et
1430 1670 1514 1702 dant
1528 1672 1587 1703 ΒΓ.

136 1709 296 1741 Per1.—2
320 1710 405 1741 Dum
433 1720 494 1750 pro
520 1721 588 1742 cum
611 1709 726 1743 Guelf.
751 1714 845 1743 3.—3
871 1712 940 1743 Alii
964 1712 1168 1753 Resipiscere.
1192 1712 1308 1744 Gueif.
1334 1715 1365 1744 3.
1400 1712 1590 1754 Resipuisse.

134 1751 245 1784 Abest
272 1752 402 1783 Chreme
417 1756 450 1784 2.
486 1753 632 1785 Chremes
657 1754 741 1792 legit
770 1755 871 1786 Z.-4
894 1756 974 1786 Vet.
1003 1755 1079 1787 cod.
1105 1765 1163 1796 ap.
1188 1754 1285 1786 Lind.
1309 1766 1356 1786 me
1379 1758 1410 1786 et
1427 1756 1589 1794 familiam

134 1799 306 1827 mentm—5
331 1795 409 1826 Par.
435 1796 509 1836 quid
532 1797 601 1828 vis?
629 1796 762 1835 faciam.
807 1797 877 1828 Sed
904 1808 944 1829 ea
972 1797 1149 1829 distinctio
1181 1806 1314 1829 ¹sensum
1342 1803 1464 1831 mutat.
1501 1800 1588 1832 Peri.

135 1837 222 1874 Quid
233 1837 280 1868 vis
293 1837 438 1876 ,s'u.‹:1'c1m.⁹v
472 1840 574 1870 Bent.
604 1840 682 1880 Rip.
707 1840 748 1872 Z.
773 1841 876 1871 Both.
902 1841 995 1872 Peri.
1015 1841 1140 1881 Delph.
1165 1841 1250 1876 Quid
1266 1842 1312 1872 vis
1328 1842 1460 1879 facium.
1484 1842 1588 1875 ΒΓ.-

134 1882 156 1911 6
179 1880 309 1912 Omnes
332 1881 440 1912 nostri
465 1881 542 1913 hanc
568 1892 694 1914 uxorem
718 1883 789 1915 sibi.
814 1884 916 1916 Bent.
963 1883 1020 1914 Ita
1042 1890 1076 1914 et
1104 1885 1162 1915 ΒΥ.
1186 1885 1493 1925 Both.De1pn.—7
1519 1887 1586 1918 Ms.

134 1923 229 1964 Lips.
245 1932 312 1957 non
330 1925 485 1965 agnoscit
501 1928 548 1964 tu,
564 1934 674 1966 neque
690 1926 764 1958 EA.
778 1932 813 1957 et
830 1926 902 1958 ΕΡ.
929 1936 1040 1968 neque
1068 1927 1168 1958 Bodl.
1185 1932 1219 1957 et
1236 1927 1358 1958 Boend.
1393 1928 1457 1958 Est
1473 1934 1586 1960 autem

132 1975 209 1998 cum
235 1971 408 1998 contemtu
439 1967 581 1999 dictum.
609 1969 705 1999 West.
750 1970 889 2000 Frustra
919 1976 1082 2001 oneratur
1113 1980 1241 2000 versum.
1289 1971 1406 2001 Nostri
1437 1972 1586 2003 universi

133 2009 335 2040 rotundius:
364 2010 489 2047 Quaeso,
502 2011 576 2050 quic]
589 2011 721 2042 hominis
737 2015 790 2043 es?
827 2012 930 2048 Quid?
966 2014 1080 2044 Jamne
1096 2013 1206 2044 oblitus
1221 2011 1277 2044 es?
1300 2014 1403 2045 Beut.
1448 2018 1456 2031 ‘
1477 2015 1588 2050 Quoeso

135 2051 209 2091 quid
223 2051 355 2083 hominis
368 2056 422 2083 es?
455 2054 540 2084 Pau.
559 2057 604 2085 tu.
621 2053 677 2085 Al.
694 2055 804 2086 omitt.
844 2055 943 2087 Hanc
971 2062 1084 2087 antem
1100 2056 1182 2087 Par.
1206 2061 1305 2096 putat
1322 2056 1496 2088 formulam
1513 2067 1586 2089 esse

134 2094 322 2126 comicam.'
346 2095 435 2126 Pei-l.
480 2096 539 2126 ΒΓ.
556 2097 635 2136 ssip.
659 2098 783 2128 habent
802 2103 839 2130 ut
855 2099 959 2130 Bent.
998 2099 1143 2130 Bothius
1172 2099 1254 2139 legit
1283 2099 1367 2134 Quia
1393 2103 1426 2130 tu
1445 2100 1587 2140 hominis,

133 2146 247 2177 quaeso,
262 2140 312 2168 es?
337 2138 422 2173 Quid
435 2138 468 2168 id
483 2137 551 2171 est?
583 2140 697 2170 Jamne
719 2141 830 2171 oblitus
855 2151 898 2174 es.
946 2141 1051 2177 Quid?
1073 2142 1196 2172 omisso
1212 2145 1257 2172 est
1282 2141 1398 2173 Guelf.
1413 2145 1512 2174 2.—9
1536 2144 1586 2174 M.

132 2179 305 2218 auferatur.
336 2179 393 2211 lta
408 2186 443 2211 et
459 2180 575 2212 Gueif.
593 2185 621 2213 1.
646 2183 838 2222 Distinguit
851 2186 883 2216 3.
929 2184 1003 2215 ME.
1028 2184 1101 2215 Scio
1115 2195 1162 2217 ea.
1209 2185 1276 2216 CH.
1303 2184 1366 2215 Res
1382 2195 1473 2225 nanc,
1489 2188 1586 2226 5513.—

134 2225 175 2254 10
198 2221 376 2263 Integrum
393 2224 501 2255 locum
519 2225 567 2255 ita
582 2225 658 2265 lego
675 2235 714 2256 ac
730 2225 904 2267 distinguo
920 2237 928 2258 ε
977 2227 1045 2258 CH.
1070 2228 1119 2258 Ea
1134 2237 1182 2258 res
1195 2237 1275 2258 nunc
1289 2228 1396 2267 agitur
1421 2228 1498 2268 ipsa.
1537 2230 1583 2260 M.

96 2289 100 2295 .
135 2265 220 2300 Quia
236 2266 332 2305 dixti,
347 2265 503 2298 Chreme?
547 2268 616 2299 CH.
642 2268 779 2299 Erravi:
803 2279 851 2300 res
876 2273 945 2300 acta
961 2269 1013 2300 ’st.
1059 2270 1109 2301 M.
1134 2271 1260 2306 Quanta
1282 2280 1333 2311 spe
1357 2269 1481 2302 decidi!
1518 2271 1585 2303 Cn.

132 2308 178 2339 Et
192 2308 313 2349 quidem
328 2309 405 2348 haec,
431 2320 499 2350 quoe
514 2312 595 2351 apud
616 2314 647 2342 te
670 2315 728 2349 est,
745 2312 933 2353 Clitiphonis
951 2316 997 2344 est
1017 2312 1140 2345 Amica.
1187 2313 1387 2354 Quanquam
1405 2314 1583 2356 quomodo-

131 2359 277 2392 cumque
299 2352 405 2392 legas,
421 2357 456 2384 et
480 2363 641 2394 personas
668 2354 816 2395 ordines,
841 2362 907 2386 non
934 2356 1040 2387 omnis
1064 2355 1253 2387 obscuritas
1280 2357 1423 2388 tollitur.
1469 2357 1584 2390 Quare

132 2395 276 2434 amplius
292 2395 522 2434 cogitandum.
567 2397 656 2429 Quid
674 2397 700 2428 si
727 2398 814 2437 Syro
843 2399 1030 2439 aucupanti
1053 2409 1094 2430 ex
1112 2399 1248 2430 occulto
1264 2404 1452 2430 sermonem
1468 2410 1584 2431 senum

133 2437 364 2469 attribuantur
380 2439 473 2469 haec:
500 2439 637 2470 Enati.-
660 2450 710 2471 res
724 2444 793 2472 acta
810 2441 869 2473 'stt
893 2445 1008 2483 quanta
1030 2452 1082 2482 spe
1105 2442 1227 2474 decidi!
1260 2442 1411 2473 Primum
1426 2444 1527 2482 enim,
1545 2454 1585 2474 nt:

132 2489 328 2521 expungam
344 2491 420 2512 cum
434 2481 580 2521 Faenio,
594 2481 678 2514 facit
700 2493 886 2516 consensus
904 2485 1080 2516 Codicum.
1123 2485 1211 2515 Tum
1228 2485 1362 2516 videtur
1377 2485 1497 2525 Syrum
1517 2497 1584 2526 paff-

131 2523 255 2561 nitere,
271 2523 359 2564 qnod
378 2525 554 2555 consilinm
571 2524 613 2556 de
638 2527 851 2567 emungendo
880 2528 1087 2559 Menedemo
1113 2528 1303 2568 aperuisset
1328 2528 1512 2566 Chremeti,
1528 2530 1585 2560 ubi

130 2566 388 2605 animadvertit,
414 2568 531 2598 herum
557 2578 629 2598 eam
658 2579 725 2599 rem
751 2571 1003 2602 communicare
1033 2581 1106 2601 cnm
1137 2571 1354 2608 Menedemo,
1373 2578 1525 2602 metuens
1543 2582 1585 2603 ne

131 2608 356 2640 Menedemus
375 2610 635 2649 praesentiscens
663 2611 769 2652 dolos,
797 2619 932 2652 caveat,
956 2623 998 2644 ne
1024 2613 1227 2654 decipiatur.
1274 2614 1521 2654 Antesiguanus
1539 2615 1586 2645 ita

131 2650 336 2692 παραφράζει,
359 2658 395 2683 ut
423 2652 571 2690 dubites,
595 2654 830 2687 Chremetisue
855 2657 926 2687 sint
952 2656 1068 2696 verba,
1093 2666 1134 2687 an
1163 2656 1374 2687 Menedemi.
1423 2657 1523 2688 Quod
1541 2658 1584 2689 de

131 2693 216 2733 Syro
232 2694 318 2732 dixi,
335 2704 398 2725 non
417 2701 470 2726 est
487 2696 633 2727 insolens
650 2697 683 2728 in
707 2698 902 2730 Comoediis.
951 2698 1124 2730 Acidaiius
1140 2709 1222 2731 vero
1238 2699 1409 2730 emendari
1422 2699 1582 2738 judicat:

131 2735 201 2767 CH.
225 2737 275 2767 Ea
289 2747 339 2768 res
354 2748 432 2769 num·
446 2739 554 2778 agitur
566 2740 644 2779 ipsa.
690 2741 738 2772 M.
757 2741 840 2776 Quid
856 2751 977 2781 narras,
1006 2743 1156 2773 Chreme?
1179 2743 1276 2773 Immo
1292 2742 1356 2772 hcet*
1371 2742 1502 2782 quidem,
1517 2753 1584 2783 (ματ

130 2782 176 2809 est
189 2781 271 2819 apud
286 2790 344 2820 me,
362 2781 550 2821 Clitiphonis
565 2785 611 2813 est
626 2782 747 2814 Amica.
794 2785 862 2816 CH.
888 2785 941 2815 Ita
967 2785 1067 2824 aiunt,
1093 2789 1122 2816 et
1148 2788 1182 2815 lu
1207 2783 1331 2816 credis?
1376 2786 1426 2816 M.
1458 2786 1570 2816 Omnia

128 2820 196 2853 Sed
212 2828 246 2853 et
264 2832 379 2855 versus
398 2826 447 2855 ll.
463 2824 678 2858 desideratur
708 2827 741 2858 in
769 2827 970 2868 quibusdam
993 2827 1101 2860 libris.
1127 2829 1192 2860 ΜΞ.
1219 2827 1332 2860 Mark.
1365 2828 1434 2860 Cn.
1460 2828 1512 2859 Sic
1535 2839 1580 2859 ree
