1966 3302
465 210 880 243 HEAUToNrmoR.
913 208 1022 239 Ac'r.
1049 208 1113 237 ιν.
1147 207 1215 237 sc.
1239 207 1291 236 11.
1518 196 1603 237 617

152 310 270 352 Nam
283 308 402 364 quod
417 306 470 349 de
483 311 659 360 argento
672 318 861 360 sperem,
875 308 953 346 aut
966 315 1103 358 posse
1117 302 1342 356 postulem
1357 313 1426 341 me
1440 300 1603 350 fallere,

151 377 277 419 Nihil
297 380 386 418 est:
417 374 649 427 triumpho,
673 373 711 413 si
732 372 841 412 licet
860 385 929 413 me
949 372 1086 411 latere
1109 372 1223 410 tecto
1246 367 1499 408 abscedere.
1578 369 1606 407 5

152 444 349 493 Cmcior,
367 442 517 484 bolum
535 444 707 482 tantum
726 439 835 479 mihi
853 441 1050 492 ereptum
1071 440 1159 477 tam
1176 436 1324 477 subito
1339 448 1363 475 e
1383 435 1605 476 faucibus.

154 511 274 563 Quid
305 523 431 563 agam
444 510 462 550 ’ἰ
495 513 572 549 aut
605 507 710 562 quid
746 505 1091 548 comminiscar?
1121 504 1234 545 ratio
1262 503 1316 543 de
1345 502 1509 555 integro
1541 502 1607 542 in-

329 577 473 619 eunda
493 576 547 617 'st
566 575 688 616 mihi.

153 646 278 689 Nihil
299 650 386 687 tam
407 643 579 685 difficile
601 641 669 692 'st‚
701 642 808 695 quin
829 639 1067 694 quaerendo
1086 636 1342 690 investigari
1364 636 1549 690 possiet.

155 713 292 765 Quid,
312 712 351 753 si
381 713 466 753 hoc
496 722 612 751 nunc
645 709 711 750 sic
741 708 985 762 incipiam?
1018 706 1125 746 nihil
1153 708 1245 746 est:
1277 705 1400 758 quid,
1432 703 1471 744 si
1504 703 1606 744 sic?

325 778 580 821 tantundem
601 789 742 831 egero.

154 849 218 891 At
247 848 312 890 sic
339 847 521 901 opinor:
551 858 638 886 non
661 845 833 898 potest:
865 841 998 883 immo
1024 845 1219 894 optume,
1281 838 1432 891 Euge!
1462 838 1605 878 habeo

326 917 567 968 optumam.
1552 906 1608 946 lo

154 983 397 1026 Retraham
425 980 586 1029 hercle,
616 978 788 1032 opinor,
817 975 875 1017 ad
906 989 976 1017 me
1006 975 1124 1017 idem
1153 973 1262 1015 illud
1285 973 1519 1027 fugitivum
1540 985 1608 1014 ar-

327 1054 502 1104 gentum
532 1052 695 1089 tamen.

155 1194 235 1224 unde
251 1193 344 1225 ullam
355 1202 439 1233 spem
452 1191 579 1223 habeam
593 1188 752 1229 auferendi
767 1188 904 1227 argenti,
918 1190 973 1219 aut
982 1186 1119 1226 saliendi
1140 1187 1232 1218 senis.
1282 1185 1452 1218 Victoriam
1476 1185 1613 1223 obtineo,

156 1237 184 1266 si
200 1236 276 1267 mihi
291 1236 467 1267 conceditur
482 1239 562 1273 tuto,
577 1237 607 1265 et
622 1233 690 1264 siue
702 1232 806 1272 plagis
823 1230 915 1261 elabi.
938 1231 1049 1269 Angor
1065 1230 1176 1270 animi,
1187 1230 1266 1269 quod
1277 1232 1339 1259 tom
1357 1229 1465 1260 bonum
1473 1229 1614 1267 frustum

155 1278 234 1308 mihi
255 1288 294 1310 ex
319 1281 447 1318 gutture
477 1281 542 1308 tam
557 1279 682 1317 repente
697 1276 873 1305 extractum
887 1273 942 1313 sit,
959 1273 991 1303 ia'
1007 1277 1065 1311 est,
1077 1275 1168 1304 tanta
1182 1271 1396 1312 opportunitas
1410 1271 1615 1311 extorquendi

155 1322 282 1360 argenti
295 1331 314 1352 a
329 1330 412 1353 sene.
458 1320 542 1356 Quid
559 1319 693 1358 facium,
717 1320 771 1348 out
797 1317 872 1356 quid
894 1313 1092 1355 excogitem?
1126 1315 1351 1346 Inveniendum
1364 1316 1460 1345 denuo
1476 1314 1552 1344 milti
1567 1317 1614 1344 est

155 1365 240 1394 aliud
253 1367 463 1395 commentum.
510 1362 603 1393 Nihil
627 1364 673 1392 est
696 1364 762 1391 tam
787 1359 980 1400 impeditum,
1009 1359 1087 1398 quod
1113 1368 1174 1389 non
1199 1358 1298 1398 possit
1314 1359 1447 1388 conando
1463 1357 1616 1397 expediri.

159 1406 246 1442 Quid
259 1408 320 1439 erit
331 1407 359 1438 si
371 1416 452 1437 manc
466 1405 512 1436 sic
527 1405 654 1436 ordior?
676 1402 931 1443 tolefigmentum
944 1402 1058 1432 nullius
1070 1401 1218 1431 momenti
1233 1404 1290 1431 est.
1339 1401 1423 1436 Quid
1439 1402 1501 1431 erit
1515 1401 1542 1430 si
1560 1399 1615 1429 hoc

153 1451 245 1490 pacto
262 1447 408 1488 sociam?
440 1458 501 1479 non
524 1447 654 1487 amplius
673 1445 830 1486 profecero
841 1456 851 1475 .-
885 1447 918 1474 at
943 1453 1048 1475 censeo
1072 1444 1117 1473 sic
1130 1452 1216 1484 posse
1233 1442 1311 1484 fieri
1323 1454 1333 1474 .·
1358 1442 1482 1473 minime
1492 1445 1593 1483 potest
1607 1452 1615 1470 .-

157 1492 250 1522 immo
262 1502 335 1523 vero
347 1491 480 1533 perbelle
485 1490 564 1533 fieri
579 1492 693 1529 potest.
742 1488 801 1518 Eia
816 1487 879 1518 scio
896 1487 1003 1518 bonam
1014 1486 1150 1527 pecuniae
1167 1486 1325 1517 elicieudae
1339 1486 1502 1516 rationem.
1548 1485 1615 1515 Per·

158 1535 338 1574 Herculem,
352 1536 391 1565 ad
406 1544 465 1574 me,
478 1537 514 1564 ut
537 1536 624 1573 puto,
646 1532 789 1562 reducam
807 1530 969 1571 pecuniam
993 1530 1122 1561 eandem
1144 1529 1242 1570 illam,
1263 1538 1330 1569 quce
1346 1531 1490 1569 tanquam
1505 1528 1620 1559 manci-

153 1578 242 1618 pium
247 1577 423 1618 fugitivum
436 1587 456 1608 a
471 1586 518 1607 me
532 1585 564 1607 se
575 1574 746 1616 proripuit.

767 1669 1004 1682 eeeeeeeeeeee

157 1749 245 1791 legit
261 1749 335 1782 Nisi
349 1749 508 1790 provideo,
522 1750 638 1780 via—4
660 1747 716 1779 ΑΙ.
740 1749 819 1788 quod
834 1757 951 1788 sperem
967 1747 1004 1778 de
1019 1748 1160 1785 argento.
1182 1743 1358 1780 M.sollere
1375 1742 1558 1773 herum—5
1573 1743 1616 1774 R.

158 1792 355 1833 Stephanus
372 1792 426 1824 ed.
441 1793 475 1823 in
490 1795 521 1823 8.
539 1791 616 1823 anni
634 1794 733 1822 1545.
751 1791 802 1821 ita
827 1790 967 1821 exhibet
983 1800 992 1820 ε
1025 1789 1052 1819 si
1067 1788 1140 1819 licet
1155 1796 1202 1818 me
1218 1787 1313 1817 latere
1329 1789 1421 1824 tecto,
1445 1786 1598 1816 discedere
1611 1796 1621 1816 .·

159 1835 255 1877 quasi
271 1834 309 1866 τὸ
334 1835 345 1853 ⁴
361 1834 489 1866 latere’
519 1834 661 1866 verbum
692 1834 749 1872 sit,
771 1843 837 1864 non
855 1842 992 1864 nomen.
1020 1831 1121 1863 IVest.
1147 1830 1181 1860 in
1197 1830 1280 1860 Add.
1316 1829 1395 1868 Rip.
1419 1829 1514 1859 latere
1529 1831 1622 1867 tecto,

158 1878 278 1910 abst-ed.
301 1878 362 1909 ΒΓ.
378 1878 494 1909 scilicet
511 1887 558 1908 me
574 1878 681 1915 latere,
697 1879 779 1907 tecto
792 1875 922 1907 abs.—6
945 1876 1038 1914 Lege
1054 1883 1096 1904 ex
1114 1872 1246 1904 duobus
1265 1873 1406 1910 nostris,
1425 1871 1554 1901 Crucior
1569 1871 1620 1901 bo-

158 1922 222 1952 lum
237 1921 314 1952 mihi
329 1924 452 1952 tantum
477 1930 503 1951 e.
526 1921 628 1951 Bent.
674 1919 730 1950 Ita
748 1924 783 1950 et
808 1918 902 1950 Perl.
920 1918 1022 1949 Both.
1068 1916 1108 1947 In
1125 1914 1327 1957 quibusdam
1344 1914 1428 1945 Mss.
1443 1919 1516 1944 est:
1541 1913 1620 1944 mihi

158 1973 222 1995 esse
237 1967 375 2005 ereptum
389 1967 414 1993 t.
434 1973 460 1994 s.
478 1972 518 1993 ex
532 1962 691 2001 faucibus.
715 1962 827 1992 West.
871 1961 927 1992 Ita
943 1961 1002 1993 ΒΓ.
1039 1959 1080 1990 In
1098 1958 1137 1990 Z.
1150 1963 1185 1989 et
1202 1958 1301 1988 Both.
1317 1956 1533 1988 desubito—8
1561 1957 1620 1987 Est

159 2007 256 2038 abest
270 2007 426 2046 vulg.--9
450 2006 553 2037 Nunc.
573 2004 703 2036 Tui-bat
719 2003 945 2042 octonarium,
972 2007 1074 2042 atque
1097 2001 1195 2032 abest
1219 2010 1238 2031 a
1261 1999 1458 2040 quibusdam
1485 1999 1570 2030 Mss.
1583 1999 1618 2030 in

160 2049 235 2080 aliis
252 2048 416 2081 deletum.
444 2048 543 2080 West.
589 2048 692 2088 Vulg.
720 2047 816 2086 Quid,
831 2047 861 2077 si
876 2048 930 2079 hoc
944 2046 990 2076 sic
1013 2044 1159 2086 incipiam
1174 2053 1253 2074 nunc
1266 2046 1279 2073 Ρ
1302 2043 1400 2073 Bem.
1420 2042 1497 2072 Bas.
1513 2046 1548 2072 et
1565 2042 1620 2074 Vi.

160 2091 302 2131 habent,
321 2091 419 2128 Quid,
435 2091 463 2121 si
485 2091 539 2122 hoc
553 2100 633 2121 nunc
647 2100 672 2121 s.
693 2090 718 2121 i.
756 2090 826 2121 Pro
844 2099 935 2128 egero
952 2089 1056 2119 Bent.
1074 2087 1208 2127 reponit
1223 2095 1293 2125 ogo.
1330 2086 1339 2101 ‘
1354 2085 1457 2125 Vulg.
1482 2085 1568 2124 quid,
1593 2085 1621 2116 si

159 2135 225 2165 sic?
248 2134 329 2166 m.l.
374 2133 428 2164 Sic
442 2132 711 2164 subaudiendum
739 2137 804 2171 est,
826 2141 893 2163 non
915 2130 1154 2167 scribendum3
1182 2133 1298 2159 natum
1315 2127 1361 2164 id,
1386 2128 1420 2158 ni
1438 2121 1549 2166 satior,
1576 2136 1620 2158 ex

160 2179 169 2194 ‘
188 2176 240 2208 si!
286 2177 387 2207 Bent.
415 2185 477 2216 pro
504 2185 596 2214 egero
622 2175 813 2215 reponebat
836 2184 908 2214 ogo,
931 2174 1039 2204 minus
1054 2171 1190 2214 quidem
1208 2168 1455 2211 probabiliter.'
1479 2170 1621 2201 Both.—

161 2222 202 2251 10
228 2220 318 2259 Euge
333 2219 481 2260 optimam
494 2217 604 2257 habeo]
628 2218 726 2249 Bem.
741 2218 833 2249 habeo
848 2217 995 2258 optimam
1009 2226 1019 2246 .·
1043 2215 1090 2246 ita
1106 2219 1142 2245 et
1156 2214 1211 2245 Vi.
1227 2218 1263 2245 et
1286 2214 1367 2244 Bas.
1384 2222 1458 2253 quae
1475 2213 1620 2243 colloca-

161 2263 210 2293 tio
238 2261 447 2293 numerosior
473 2266 536 2291 est.
562 2260 622 2292 Fa.
668 2261 724 2291 Sic
751 2265 786 2291 et
812 2259 920 2290 nostri
945 2259 1034 2290 libri.
1070 2258 1167 2289 Bent.
1212 2257 1272 2288 Br.
1294 2256 1391 2286 Immo
1416 2258 1537 2295 optume
1563 2259 1620 2288 est.

160 2306 253 2344 Euge
267 2307 422 2345 optumam
447 2303 552 2334 habeo.
599 2303 608 2320 ‘
625 2303 693 2334 Ms.
719 2302 813 2343 Lips.
839 2302 955 2333 habeo.-
986 2300 1091 2339 euge!
1121 2300 1270 2340 optimam
1292 2298 1399 2329 habeo.
1435 2298 1516 2328 Itid.
1534 2298 1620 2329 GM.

160 2348 288 2387 injecto
304 2351 361 2378 est.
404 2347 472 2378 Qui
499 2346 565 2385 leg.
592 2349 628 2376 et
653 2345 773 2377 colloc.
801 2345 862 2383 ita,
880 2345 980 2375 Immo
1006 2346 1127 2384 optume
1154 2346 1213 2380 est,
1238 2351 1327 2380 euge,
1345 2342 1492 2381 optimam
1506 2340 1621 2371 habeo.’

161 2390 256 2421 Perl-
301 2391 361 2420 Est
376 2393 455 2430 post
470 2392 591 2428 optume
605 2387 721 2419 Guelf.
736 2390 851 2420 2.-11
877 2387 934 2418 Al.
950 2387 1028 2417 illud
1042 2387 1135 2418 idem.
1160 2386 1170 2403 ‘
1188 2383 1316 2425 Tamen]
1339 2385 1497 2416 Fortasse
1515 2384 1619 2424 valet,

163 2433 286 2465 tandem
295 2443 308 2471 ;
330 2432 390 2465 sed
406 2429 520 2472 ἐπέχω.
538 2431 629 2473 Guy.
646 2431 680 2465 in
697 2430 812 2464 Gloss.
828 2430 922 2464 Mss.'
949 2430 1045 2462 West.
