1966 3302
292 226 379 268 506
783 240 820 268 Ρ.
855 238 1094 269 TERENTH
1128 239 1245 270 ΑΒΜ

289 330 380 371 ΡΥ.
411 330 681 373 Conservam
701 333 709 374 !
733 332 811 373 vix
829 345 899 373 me
921 332 1142 383 contineo,
1165 333 1268 386 quin
1287 333 1482 375 involem
1503 335 1548 375 in
1678 336 1736 380 20

290 398 535 452 Capillum:
568 404 841 450 monstrum3
872 400 1003 439 etiam
1024 400 1138 441 ultro
1159 400 1348 441 derisum
1371 401 1566 443 advenit.

288 466 379 507 ΤΗ.
410 464 542 506 Abin’
563 466 676 516 hinc,
697 467 884 507 insana?
945 467 1034 508 ΡΥ.
1067 467 1188 518 Quici
1211 469 1273 508 ita
1295 469 1429 509 vero‘l
1456 469 1658 522 debeam,

289 532 446 583 Credo,
467 534 540 574 isti
561 534 796 587 quicquam
815 533 1034 584 furcifero,
1055 535 1093 575 si
1114 535 1158 575 id
1179 535 1381 588 fecerim3

292 600 546 641 Praesertim
564 613 665 642 cum
686 614 734 642 se
757 614 932 644 servum
956 602 1148 644 fateatur
1168 608 1305 644 tuum.

287 667 380 710 ΤΗ.
412 667 557 710 Missa.
573 668 669 709 haeo
690 669 921 711 faciamus.
982 669 1086 710 Non
1107 673 1149 711 te
1170 670 1367 723 dignum,
1390 670 1586 722 Chaerea,
1679 671 1737 713 25

291 735 484 788 Fecisti3
507 748 625 786 nam,
644 736 730 777 etsi
751 749 833 789 ego
854 737 988 790 digna
1006 736 1092 778 hac
1115 738 1385 779 contumelia

285 801 395 844 Sum
414 816 634 854 maxume,
656 808 704 844 at
725 808 771 845 tu
792 804 1010 857 indignus,
1029 804 1105 857 qui
1125 804 1295 845 faceres
1316 809 1472 846 tamen.

287 869 444 924 Neque
463 871 652 925 aedepol,
680 871 785 925 quid
807 884 923 912 nunc
943 871 1118 912 consilii
1137 872 1327 926 capiam,
1351 873 1460 923 scio,

293 937 358 978 De
376 938 544 991 virgine
563 939 701 980 istac:
724 939 788 980 ita
807 939 1079 980 conturbasti
1100 938 1205 979 mihi

287 1004 503 1046 Rationes
524 1018 693 1056 omnes,
712 1009 761 1046 ut
780 1019 877 1046 eam
898 1019 985 1046 non
1006 1006 1176 1059 possim
1197 1006 1306 1056 suis,
1679 1005 1737 1048 30

289 1070 365 1113 Ita
383 1077 434 1114 ut
450 1086 624 1128 aequum
644 1073 799 1124 suerat,
823 1078 958 1127 atque
978 1077 1030 1114 ut
1051 1072 1215 1125 studui,
1237 1073 1431 1125 tradere3

291 1219 426 1256 tempera
446 1217 520 1258 quin
539 1217 659 1248 irruam
682 1215 717 1248 in
741 1227 869 1248 comam.
916 1217 1105 1256 Monstrum,
1128 1215 1222 1248 etiam
1237 1225 1292 1246 nos
1306 1219 1342 1246 ut
1357 1214 1490 1246 ludibrio
1505 1213 1626 1254 habeat,
1639 1222 1679 1245 ea:
1693 1211 1742 1243 in-

291 1260 412 1291 dustria
427 1260 484 1291 huc
498 1261 636 1292 advenit.
679 1261 747 1291 ΤΗ.
770 1261 832 1291 Abi
847 1261 929 1298 hinc,
942 1261 1049 1290 stulta.
1096 1259 1163 1290 ΡΥ.
1181 1259 1279 1294 Quasi
1294 1268 1363 1289 vero
1377 1259 1470 1288 ullam
1483 1267 1604 1297 poenam
1619 1256 1743 1287 debeam

290 1302 347 1332 isti
359 1302 527 1344 furcifero,
551 1303 580 1334 si
602 1303 804 1334 involaverim
830 1304 863 1334 in
887 1303 1031 1342 capillum
1056 1301 1140 1340 ejus:
1162 1301 1337 1341 praesertim
1361 1311 1430 1331 cnm
1450 1309 1507 1331 non
1526 1300 1667 1336 liberum,
1689 1298 1742 1328 sed

290 1354 412 1375 servum
438 1349 524 1376 tuum
549 1355 581 1376 se
605 1355 668 1376 esse
690 1346 885 1388 profiteatur.
927 1346 994 1376 ΤΗ.
1019 1344 1099 1375 Hoec
1114 1344 1239 1375 inutilia
1255 1344 1442 1376 omittamus.
1489 1342 1562 1373 Non
1578 1345 1608 1373 te
1613 1340 1744 1380 facinus

291 1387 423 1426 dignum
447 1389 614 1425 admisisti,
642 1389 791 1420 Choerea:
813 1398 898 1426 nam,
916 1387 1054 1428 quamvis
1075 1390 1200 1427 propter
1221 1387 1427 1417 conditionem
1442 1394 1540 1416 meam
1555 1384 1612 1415 hac
1628 1383 1743 1421 injuria

292 1430 426 1461 maxime
441 1432 536 1470 digna
552 1432 670 1471 videar,
686 1435 786 1462 tamen
802 1434 836 1462 tu
852 1431 999 1470 indignus
1014 1440 1055 1469 es,
1070 1430 1121 1470 qui
1137 1439 1204 1460 eam
1219 1429 1426 1467 mihisaceres
1437 1439 1449 1465 ‚·
1461 1436 1554 1468 neque
1565 1436 1623 1467 per
1636 1426 1744 1457 Ponu-

292 1482 356 1503 cem
382 1484 462 1505 nunc
485 1474 547 1504 scio
573 1475 660 1514 quale
682 1474 841 1505 consilium
867 1474 988 1514 capiam
1013 1474 1050 1503 de
1074 1473 1137 1503 ista
1162 1472 1308 1510 virgine;
1334 1472 1381 1502 ita
1405 1480 1454 1501 res
1475 1479 1558 1501 meas
1580 1468 1746 1507 confudisti

292 1526 408 1554 onmes,
422 1520 457 1547 ut
471 1526 536 1547 eam
551 1527 697 1557 nequeam
720 1516 785 1547 suis
812 1517 917 1555 talem,
938 1516 1101 1550 intactam,
1126 1519 1156 1546 et
1178 1514 1331 1553 virginem
1354 1515 1492 1552 reddere,
1514 1512 1560 1543 ita
1573 1515 1609 1542 ut
1624 1519 1745 1551 oequum

285 1558 410 1600 suerat,
426 1562 516 1600 alque
530 1562 566 1590 ut
581 1560 663 1590 omni
686 1560 788 1591 studio
810 1562 920 1590 conata
936 1558 1010 1597 fui.-
1032 1561 1066 1588 ut
1090 1557 1243 1597 integram
1264 1556 1404 1596 gratiam
1419 1556 1531 1587 inirem
1548 1564 1568 1586 a
1585 1554 1746 1585 Chremele

901 1662 1137 1676 aeaeaeaeaeaeaeaeaeae

295 1749 436 1790 Repono
461 1748 586 1790 igitur:
629 1748 746 1780 Viticire
770 1748 886 1779 civem?
917 1746 1024 1778 Meam
1043 1744 1217 1777 conservam
1231 1742 1360 1774 credidi.
1383 1743 1573 1774 Bent.—20
1597 1739 1747 1772 Contineo

294 1802 341 1822 me
368 1793 553 1823 noun—21
581 1792 736 1832 Capillum
760 1795 906 1822 monstw.
951 1790 1071 1828 Etiam,
1097 1790 1150 1828 Syc.
1173 1787 1218 1817 id.
1265 1786 1461 1826 Interrogat
1481 1786 1542 1817 ΒΓ,
1565 1784 1598 1815 in
1621 1783 1747 1814 fine.-

294 1838 349 1866 22.
366 1838 405 1865 23
434 1835 578 1870 Quidita
602 1844 674 1865 vero
685 1834 711 1874 ?]
746 1834 812 1864 Ms.
840 1834 931 1872 Lips.
955 1833 1089 1873 aliique,
1116 1830 1201 1866 Quid
1224 1828 1272 1859 ita
1298 1838 1368 1860 vero
1393 1828 1519 1859 abeam?
1549 1827 1601 1858 Ex
1625 1826 1747 1865 glossa.

296 1877 342 1907 G.
374 1878 446 1909 ΕΤ.
475 1878 555 1908 ΕΜ.
585 1877 632 1907 ita
662 1876 851 1907 exhibent:
897 1876 981 1911 Quid
1003 1876 1048 1906 ita
1075 1884 1144 1904 vero
1173 1870 1305 1903 abeam?
1345 1869 1477 1901 Credon'
1508 1869 1562 1900 isti
1585 1868 1748 1908 quicquam

288 1920 454 1958 furcifero,
489 1920 686 1959 Proesertim,
723 1921 773 1959 &a
810 1919 916 1950 West.
977 1918 1079 1948 Liber
1104 1915 1300 1953 Bembinus,
1339 1923 1399 1953 pro
1435 1912 1510 1952 Abi,
1540 1911 1648 1948 Abiu;
1685 1919 1747 1950 pro

287 1963 430 2002 fecerim,
448 1963 554 2000 secero
584 1963 695 1992 habet.
723 1963 897 2001 Ceterum,
928 1960 1015 2001 quod
1047 1960 1200 1990 Donatus
1223 1957 1257 1987 in
1286 1955 1500 1996 expositione
1528 1954 1646 1985 horum
1673 1962 1750 1984 ver·

301 2005 417 2036 borum
460 2005 598 2042 debeam,
639 2005 749 2042 Credo,
787 2004 842 2034 isti
879 2004 1039 2044 quicquam
1079 2000 1247 2040 sarcilem,
1284 1999 1370 2029 dicit
1406 1996 1579 2028 subaudiri
1620 1994 1748 2026 debere

297 2050 306 2065 ⁶
325 2047 428 2087 vero,'
459 2057 523 2078 non
563 2046 660 2077 video
692 2056 752 2078 cur
780 2056 852 2077 eam
892 2046 1076 2076 dictionem
1112 2043 1295 2081 desideret,
1326 2050 1415 2082 qnae,
1447 2043 1580 2070 mutata
1615 2042 1748 2069 tantum

298 2090 532 2129 distinctione,
561 2095 687 2130 precsto
714 2093 784 2127 θεῖς
825 2089 851 2120 si
882 2089 970 2120 enim
1001 2091 1080 2128 post
1112 2088 1120 2103 ‘
1140 2085 1231 2118 Quid
1266 2083 1333 2115 ita'
1366 2081 1569 2123 distinguas,
1596 2084 1752 2112 remanet

299 2142 366 2163 vox
405 2143 473 2163 vero
504 2131 787 2172 subsequentibus
817 2132 1000 2172 applicata,
1031 2130 1092 2160 hoc
1124 2127 1245 2159 modo:
1286 2126 1370 2162 Quid
1398 2126 1466 2156 ita?
1507 2125 1587 2156 Vero
1614 2123 1752 2162 debeam,

304 2176 415 2215 Credo,
431 2176 487 2206 isti
502 2175 660 2214 quicquam
675 2174 844 2212 furcifero.
868 2175 926 2204 Fa.
971 2174 1065 2204 Unus
1082 2181 1123 2202 ex
1150 2169 1273 2201 nostris
1296 2168 1496 2199 veterrimus
1512 2166 1610 2205 Abin,
1625 2175 1646 2196 η
1661 2174 1751 2196 nunc

301 2228 418 2249 eraso:
444 2227 559 2248 onmes
577 2217 731 2255 fecerim;
755 2217 845 2257 quod
862 2215 1018 2257 equidem
1037 2213 1258 2255 praetulerim.
1282 2212 1377 2242 Bent.
1421 2210 1539 2241 Abeam
1554 2218 1614 2249 pro
1627 2207 1751 2239 debeam

302 2261 386 2291 GM.
412 2260 450 2291 Id
466 2260 627 2297 sifecerim
645 2259 742 2290 abest
757 2269 775 2290 a
792 2259 906 2291 Guelf.
923 2262 952 2289 1.
969 2261 1000 2289 2.
1019 2260 1048 2288 3.
1072 2257 1160 2288 Perl.
1203 2255 1240 2286 Si
1255 2254 1288 2284 id
1303 2253 1437 2292 fecerim
1458 2252 1576 2282 abesse
1591 2260 1658 2282 non
1676 2259 1751 2290 pos-

302 2308 393 2334 sunt.
418 2303 534 2333 Bruns.
581 2301 716 2333 Absnnt
732 2307 767 2332 et
785 2312 804 2332 a
824 2302 883 2332 ΒΓ.
909 2301 965 2341 qui
982 2300 1041 2331 dat
1057 2299 1131 2334 Abi,
1146 2302 1273 2328 etcum
1295 2296 1333 2327 Z.
1358 2295 1442 2330 Quid
1462 2294 1510 2324 ila
1531 2303 1602 2324 vero
1618 2290 1752 2324 abeam?

303 2346 428 2376 omisso
442 2345 577 2381 debeam,
596 2345 744 2375 exhibet.
790 2343 895 2382 Ante,
909 2353 973 2374 non
1000 2346 1088 2382 post,
1115 2343 1126 2357 ‘
1144 2349 1223 2370 vero
1237 2338 1246 2352 ’
1271 2339 1460 2377 interrogat
1474 2336 1659 2367 Rem—25
1683 2335 1753 2365 Ista

303 2393 383 2418 ante
408 2389 416 2404 ‘
440 2388 514 2418 haec
528 2387 536 2399 ¹
563 2385 676 2418 Guelf.
691 2389 807 2417 3.-26
830 2386 867 2416 Si
884 2395 942 2425 pro
958 2385 1016 2416 etsi
1031 2384 1089 2415 ΒΓ.
1106 2383 1206 2413 nent.
1224 2380 1264 2412 Z.
1281 2381 1358 2420 Bip.
1380 2379 1568 2410 Rom—27
1594 2378 1664 2409 Non
1681 2377 1754 2416 dig-

303 2440 360 2460 nus
378 2440 437 2469 pro
453 2430 601 2467 indignus
616 2430 769 2460 Br.-30.
791 2431 829 2459 31
855 2429 922 2459 Sex
940 2437 958 2458 e
980 2426 1104 2457 nostris
1130 2424 1287 2461 Codices,
1304 2428 1339 2453 et
1365 2421 1398 2452 in
1415 2422 1454 2452 iis
1471 2419 1701 2458 vetustissimi,
1715 2428 1753 2450 ne

300 2473 434 2512 possim.-
458 2482 543 2503 uuus
567 2472 668 2502 etiam
686 2472 843 2510 antiquus
870 2480 963 2510 neque
988 2473 1023 2499 ut
1038 2468 1152 2499 studui.
1197 2467 1353 2505 Repone,
1367 2467 1403 2494 ut
1417 2474 1484 2495 eam
1499 2472 1536 2494 ne
1548 2463 1660 2504 possim
1675 2461 1752 2501 suis,

305 2515 359 2546 Ita
385 2518 419 2545 ut
444 2524 562 2554 αἰμιιιηι
582 2514 703 2552 suerat,
730 2514 833 2553 itaque
848 2516 880 2543 ut
907 2512 1025 2550 studui,
1047 2511 1181 2541 tradere.
1217 2509 1319 2539 ssent.
1366 2507 1416 2538 Ne
1433 2515 1494 2547 pro
1509 2516 1569 2537 mm
1584 2505 1643 2537 dat
1658 2504 1754 2536 Peri.

955 2606 1099 2640 NOTAE

349 2689 388 2719 27
415 2687 503 2717 Atta
518 2685 866 2726 indignus,quif‹1ceres
881 2684 997 2723 tamen]
1052 2681 1117 2713 mei
1142 2678 1314 2719 amatoris,
1339 2682 1373 2709 et
1397 2676 1580 2717 diligenter
1603 2684 1643 2708 ac
1670 2674 1752 2707 libc-

307 2735 347 2768 ld
373 2740 439 2775 est,
456 2745 520 2766 non
547 2740 580 2766 te
603 2734 719 2766 decuit
747 2744 819 2765 eam
844 2734 999 2774 injuriam
1055 2733 1171 2765 taliter
1189 2730 1292 2763 fueris
1308 2728 1495 2762 institutus.

306 2785 386 2818 mihi
401 2784 527 2827 faeere,
544 2794 619 2817 cum
638 2785 680 2816 sis
697 2784 803 2817 frater
818 2783 1002 2824 Phaedriae,
