1966 3302
578 219 924 252 ADELPHORUM
959 218 1066 248 AcT.
1091 218 1122 247 1.
1155 217 1223 247 sc,
1253 217 1284 247 1.
1575 206 1659 247 679

207 319 319 362 Ruri
341 332 466 373 agere
488 318 623 359 vitam
641 330 650 357 :
683 327 858 368 semper
880 325 1014 367 parce
1036 325 1089 353 ac
1111 311 1276 353 duriter
1597 309 1657 350 20

206 387 265 428 Se
285 371 464 427 habere:
506 396 689 424 uxorem
711 381 863 423 duxit:
895 380 987 421 nati
1009 379 1085 420 filii

206 454 311 495 Duo
327 446 469 494 finde
484 464 565 503 ego
588 450 701 490 hunc
724 448 931 502 majorem
953 445 1165 500 adoptavi
1186 445 1314 486 mihi:

205 520 351 563 Eduxi
371 534 396 561 a
416 520 601 573 parvulo
619 531 630 569 3
660 516 811 565 habui,
829 514 974 556 amavi
995 527 1073 567 pro
1095 526 1214 563 meo3

208 589 261 629 Iu
281 589 334 629 e'o
352 601 421 628 me
442 587 637 627 oblecto:
668 583 809 625 solum
829 581 874 623 id
896 587 965 622 est
985 594 1133 622 carum
1154 579 1276 621 mihi.

208 656 290 696 Ille
311 661 359 696 ut
379 656 479 695 item
501 659 652 695 contra
673 665 741 692 me
763 652 939 700 habeat,
961 648 1079 690 facio
1102 648 1283 689 sedulo:
1600 646 1657 688 25

310 711 346 718 „-
397 708 463 723 ν...-

207 723 293 772 Do,
315 722 621 777 praetermitto:
654 733 741 761 non
761 705 941 759 nEEgsse
958 717 1099 758 habeo
1119 715 1265 756 onmia

207 791 294 831 Pro
315 803 411 830 meo
423 789 524 843 jure
548 801 687 841 agere.
748 787 995 841 Postremo,
1019 785 1092 826 alii
1115 783 1362 825 clanculum

206 858 365 900 Patres
385 871 485 911 quae
505 857 686 906 faciunt,
717 869 817 910 quae
839 854 922 895 fert
943 841 1301 901 adolescenffi‘f
1319 848 1322 849 ⁷

207 925 276 966 Ea
295 938 348 966 ne
368 938 438 965 me
461 925 589 975 celet,
612 923 862 966 consuefeci
882 922 1018 963 filium
1035 935 1046 973 ;

208 992 340 1043 Nam,
362 993 437 1047 qui
457 993 641 1042 mentiri,
664 997 741 1033 aut
761 992 909 1032 fallere
927 988 1107 1030 insuerit
1126 992 1309 1041 patrem,
1602 984 1658 1025 30

207 1061 301 1102 Aut
320 1061 513 1111 audebit,
535 1065 654 1102 tanto
676 1061 815 1113 magis
837 1058 1019 1100 aude-bit
1040 1062 1225 1098 ceteros.

568 1128 630 1137 ...a—.-

207 1183 329 1215 colendo
343 1183 440 1214 vitam
456 1191 606 1221 exercere,
615 1191 734 1222 semper
752 1185 873 1212 austere
886 1182 917 1210 et
933 1178 1081 1210 laboriose
1095 1189 1126 1210 se
1143 1181 1278 1208 tractare
1292 1187 1301 1207 .·
1326 1185 1450 1206 uxorem
1463 1174 1658 1206 matrimonio

207 1225 268 1256 sibi
287 1226 401 1265 junxit
412 1237 422 1257 .·
442 1226 531 1267 filios
559 1225 633 1256 duos
659 1224 787 1263 genuit.-
810 1224 918 1253 deinde
949 1223 1028 1252 hunc
1057 1232 1112 1261 ego
1138 1220 1283 1258 majorem
1311 1222 1388 1249 nutu
1415 1219 1446 1249 iu
1466 1218 1661 1258 adoptionem

207 1269 329 1308 accepi:
351 1280 369 1300 a
381 1278 475 1308 puero
490 1268 627 1306 edumei,
642 1267 745 1305 habui,
764 1270 795 1298 et
818 1266 915 1296 dilexi
931 1269 1075 1305 tunquam
1094 1263 1202 1305 filium
1217 1263 1388 1294 naturalem
1398 1273 1409 1298 ,·
1433 1261 1466 1292 in
1486 1272 1520 1292 eo
1534 1260 1660 1291 delicias

208 1321 311 1343 ornnes
325 1311 423 1352 capio,
441 1312 494 1342 hoc
506 1312 604 1342 solum
617 1311 784 1351 pretiosum
800 1308 892 1339 habeo
905 1319 915 1339 .-
938 1318 993 1347 ego
1004 1307 1087 1338 omui
1103 1317 1176 1338 curu
1191 1307 1305 1343 laboro,
1318 1309 1351 1335 ut
1367 1305 1485 1344 pariter
1498 1314 1543 1334 me
1554 1312 1661 1334 curum

208 1354 344 1386 vicissim
358 1354 466 1385 habeat
483 1355 555 1385 ille:
571 1355 609 1384 do
620 1357 747 1391 sumtus,
756 1352 964 1393 praetermitto
979 1354 1009 1381 et
1025 1350 1182 1380 dissimulo
1193 1348 1303 1379 delicta
1315 1348 1390 1386 eju8‚
1400 1357 1453 1378 uec
1466 1350 1604 1387 oportere
1614 1356 1662 1376 me

206 1400 281 1437 puto
295 1398 328 1428 in
343 1397 482 1429 omnibus
496 1397 584 1427 rebus
595 1397 699 1436 patria
716 1399 865 1436 potestate
879 1394 928 1425 ‘uti
943 1403 1018 1433 erga
1032 1394 1129 1423 illum.
1175 1393 1351 1430 Postremo,
1367 1391 1413 1421 ita
1428 1401 1495 1421 eum
1521 1388 1658 1427 institui,

207 1449 247 1470 ne
261 1440 338 1471 mihi
351 1441 480 1472 occultet
493 1451 539 1475 ea,
555 1449 621 1479 qua·
635 1439 690 1470 ulii
703 1438 773 1479 filii
787 1438 866 1468 clam
879 1437 1019 1477 patribus
1040 1436 1106 1466 suis
1125 1435 1263 1474 faciunt,
1283 1444 1390 1474 nempe
1411 1434 1527 1474 culpaS,
1551 1432 1659 1472 quibus

205 1483 338 1515 obnoxia
350 1487 396 1514 est
411 1486 487 1514 aetas
501 1483 710 1514 adolescentia»
723 1492 734 1518 ;
755 1491 838 1515 nom,
861 1480 913 1521 qui
927 1479 1115 1510 menducium
1136 1478 1274 1519 proloqui
1289 1486 1392 1508 coram
1406 1480 1507 1517 putre,
1521 1479 1574 1506 aut
1592 1485 1660 1506 eum

206 1526 316 1557 solitus
321 1525 427 1565 fuerit
441 1526 540 1556 verbis
551 1525 700 1566 decipere,
716 1526 812 1555 multo
827 1523 973 1555 audacius
994 1523 1059 1554 lioec
1078 1521 1178 1560 faciet
1195 1522 1229 1552 in
1242 1523 1372 1552 ceteros.
1419 1519 1536 1551 Utilius
1552 1521 1582 1549 et
1597 1527 1659 1548 me-

815 1629 1054 1642 “comoneat

212 1697 422 1737 distinguunt
446 1696 505 1727 Ille
527 1699 645 1736 contra,
672 1695 736 1726 hoec
752 1695 863 1726 omnia.
907 1694 1031 1726 Verius
1049 1693 1135 1735 quod
1160 1701 1235 1724 cum
1251 1692 1353 1723 Bent.
1374 1691 1554 1733 sequimur.
1582 1692 1659 1733 Bip.

211 1741 270 1772 Ille
289 1743 398 1771 contra
423 1739 487 1770 haec
507 1739 621 1775 omnia,
647 1738 727 1769 Ruri
743 1739 843 1769 Both.
865 1738 956 1770 Peri.
973 1742 1009 1768 et
1025 1738 1073 1768 sic
1089 1737 1148 1767 Br.
1174 1739 1321 1776 excepto
1348 1736 1436 1775 quod
1466 1734 1660 1775 plenissime

210 1782 388 1823 distinguit
416 1786 494 1822 post
519 1781 762 1813 ‘emmas—20
787 1782 830 1813 R.
855 1792 884 1813 a.
909 1790 1025 1821 semper
1048 1790 1077 1811 v.
1122 1779 1179 1810 Sic
1203 1783 1298 1809 certe
1318 1777 1388 1809 EA.
1414 1783 1582 1818 vetusque
1607 1779 1662 1810 ed.

209 1832 324 1857 nostra
342 1835 418 1856 cum
434 1824 513 1866 figg.
529 1825 647 1855 melius
664 1834 760 1866 quam
779 1825 868 1865 vulg.
914 1823 999 1854 Ruri
1021 1832 1112 1863 ogere
1125 1822 1243 1854 vitam.-
1265 1831 1385 1861 semper
1393 1831 1495 1861 parce,
1509 1823 1561 1861 Spe.
1580 1822 1659 1862 Bip.

211 1869 298 1901 Ra.
314 1868 410 1899 vitam
423 1877 553 1908 semper,
574 1877 678 1908 parce,
691 1869 744 1907 ᾅ-ε.
768 1867 869 1898 Both.
897 1867 954 1908 qui
977 1870 1096 1898 notat:
1125 1865 1263 1905 ‘Piget,
1288 1864 1482 1895 reverentia
1504 1865 1661 1896 codicum

209 1922 264 1943 me
280 1911 482 1942 deterritum
498 1911 586 1942 liaud
605 1910 793 1951 reposuisse
813 1910 854 1941 R.
871 1910 969 1941 vitam
983 1919 1087 1948 agere,
1104 1912 1141 1939 ut
1159 1909 1259 1949 plene
1275 1907 1497 1938 exaudiretur
1511 1906 1548 1937 τὸ
1565 1908 1661 1944 Ruri,

210 1955 350 1986 verbum
381 1953 630 1995 gravissimum,
661 1953 749 1994 quod
778 1953 958 1984 invenuste
991 1961 1078 1982 nunc
1107 1950 1470 1992 deproperatur.'-—22
1494 1950 1567 1981 Duo
1589 1955 1663 1982 sunt

210 1996 328 2029 Guelf.
359 1999 474 2028 2.-25
506 1997 591 2028 Mss.
624 1996 768 2036 plusculi
798 2001 834 2026 et
864 1995 960 2033 editi,
990 1995 1109 2026 itidem.
1164 1993 1245 2029 Alii,
1274 1993 1366 2025 idem.
1400 1993 1508 2024 West.
1574 1993 1663 2024 Idem

210 2039 327 2072 Guelf.
346 2043 375 2071 l.
390 2042 520 2071 2.—27.
545 2042 586 2070 28
611 2040 692 2070 Mss.
709 2038 859 2080 quidam,
884 2044 919 2070 et
943 2037 1014 2070 EA.
1039 2037 1207 2068 clanculum
1223 2037 1334 2068 Patre.
1381 2036 1449 2067 Sed
1470 2045 1534 2067 nec
1553 2037 1662 2077 pyrri·

211 2082 318 2121 chius,
346 2092 410 2113 nee
433 2082 601 2113 trochaeus
631 2082 737 2122 primo
768 2082 891 2113 senarii
921 2082 996 2112 loco
1025 2081 1106 2111 satis
1138 2084 1233 2111 recte
1262 2080 1428 2111 subsistit.
1459 2079 1559 2110 West.
1604 2079 1662 2110 Sic

213 2124 330 2158 Guelf.
361 2128 390 2156 1.
449 2124 617 2156 Adulescia
645 2125 802 2156 Br.-3o.
831 2127 870 2155 31
906 2124 1013 2155 ssoecl.
1044 2127 1122 2164 post
1158 2123 1251 2162 Guy.
1284 2122 1455 2154 insueverit
1493 2121 1661 2154 defendit.

210 2169 402 2209 Utrumque
428 2172 480 2199 est
504 2168 538 2198 in
560 2167 654 2198 libris
678 2168 814 2208 scriptis
837 2173 874 2198 et
897 2166 1081 2207 impressis,
1127 2164 1193 2197 Adi
1218 2164 1334 2197 Gifan.
1359 2165 1435 2196 Ind.
1460 2165 1599 2196 Lucret.
1629 2175 1661 2196 v.

213 2212 348 2250 Suetus,
363 2215 400 2242 et
414 2211 544 2241 Donat.
561 2210 602 2241 ad
620 2209 710 2241 And.
733 2219 767 2241 v.
791 2214 822 2241 2.
846 2213 898 2241 26.
942 2209 1010 2240 Aut
1031 2208 1155 2240 audebit
1182 2208 1304 2239 absunt
1329 2219 1347 2239 a
1362 2208 1558 2250 quibusdam
1579 2209 1663 2240 Mss.

211 2254 302 2286 unde
318 2255 484 2295 glossema
499 2257 642 2284 vocatur
658 2252 836 2292 Boiiclero,
857 2253 1000 2293 legenti,
1023 2257 1060 2283 ut
1077 2261 1194 2282 versus
1208 2255 1354 2291 constet,
1368 2251 1469 2290 magis
1488 2251 1525 2282 is.
1550 2251 1660 2283 West.

215 2297 284 2329 Pro
305 2296 447 2333 insuerit,
468 2296 523 2327 alii
547 2295 682 2327 codices
705 2295 890 2327 insueverit:
913 2294 1004 2336 apud
1029 2295 1240 2325 Mattianum
1264 2294 1440 2335 Capellam
1464 2304 1496 2334 p.
1521 2296 1592 2324 160.
1617 2294 1664 2325 in-

212 2341 361 2372 stituerit.
405 2338 487 2377 Sed,
511 2344 694 2380 utcumque
722 2339 779 2379 sit,
808 2339 914 2379 qualis
937 2347 1052 2378 quaeso
1078 2338 1204 2368 locutio
1220 2342 1284 2374 est,
1298 2337 1431 2368 insuerit
1446 2340 1500 2367 aut
1515 2336 1664 2369 audebit?

215 2383 318 2415 Certe
335 2387 393 2414 aut
407 2382 556 2413 insuescet
572 2387 607 2413 et
621 2381 747 2413 audebit
757 2392 769 2419 ;
792 2386 851 2413 aut
865 2381 995 2412 insuerit
1011 2385 1046 2411 et
1060 2390 1154 2411 ausus
1165 2380 1282 2418 suerit.
1329 2379 1448 2413 Qualis
1467 2390 1570 2421 porro
1587 2390 1664 2411 sen-

213 2426 348 2458 tentia?
373 2430 450 2466 post
472 2425 614 2464 insuerit,
631 2434 788 2466 quorsum
806 2424 952 2455 infertur
966 2424 1108 2454 audebit?
1130 2423 1226 2464 quasi
1244 2432 1310 2453 non
1327 2432 1417 2463 saepe
1435 2432 1474 2454 ac
1491 2423 1547 2454 diu
1563 2432 1663 2455 ausus

213 2469 272 2508 sit,
286 2470 480 2510 priusquam
497 2473 614 2508 posset
631 2467 846 2499 insuescere?
873 2467 972 2498 Varia
982 2467 1035 2498 hic
1054 2467 1236 2497 moliuntur
1252 2466 1489 2507 Interpretes3
1515 2466 1573 2497 sed
1591 2476 1662 2497 rein

213 2513 321 2552 ipsam
338 2517 421 2552 puto
441 2520 495 2541 me
511 2511 699 2550 reperisse:
726 2511 811 2541 Nam
826 2510 879 2551 qui
894 2510 1020 2542 mentiri
1034 2509 1222 2548 autsuttere‚
1236 2509 1283 2540 ita
1299 2510 1348 2540 uti
1353 2509 1412 2550 fit,
1426 2513 1547 2549 patrem
1561 2510 1662 2540 Aude-

212 2554 270 2591 bit,
299 2558 387 2585 tauto
418 2553 518 2593 magis
544 2554 668 2585 audebit
696 2557 822 2585 ceteros.
844 2554 943 2583 Beut.
991 2553 1163 2583 Insucverit
1194 2552 1276 2583 GM.
1324 2553 1462 2583 Insuer-it
1493 2553 1535 2583 al.
1559 2552 1663 2584 Bent.

215 2597 459 2636 vero‚divcrsis
481 2597 691 2637 temporibus
719 2597 839 2627 merito
862 2594 1019 2632 offensus,
1045 2595 1123 2626 milii
1150 2596 1374 2626 mutationem
1391 2605 1483 2626 suam
1500 2605 1565 2626 non
1587 2605 1663 2636 pro-

213 2640 320 2672 bavit.
363 2640 434 2671 Pro
458 2639 591 2670 insuerit
614 2640 728 2679 legere
750 2639 857 2670 ausim
881 2642 913 2669 ut
930 2638 1040 2677 suerit,
1054 2647 1153 2669 sensu
1171 2648 1210 2669 ac
1227 2644 1338 2669 metro
1353 2643 1499 2669 servato.
1544 2638 1662 2669 Verba

214 2683 415 2714 collocanda
429 2683 478 2713 ita
490 2691 686 2713 censerem:
712 2682 795 2712 Nam
809 2681 862 2722 qui
877 2685 933 2712 aut
946 2684 1041 2712 ment.
1057 2684 1109 2712 aut
1123 2681 1248 2719 fallere,
1271 2684 1306 2713 ut
1327 2681 1438 2719 suerit,
1456 2684 1574 2720 putrem
1597 2682 1663 2712 Αιι-

214 2726 312 2765 debit,
329 2728 427 2760 tunto,
442 2726 494 2764 &a
513 2725 603 2756 Peri.
648 2724 713 2756 Aut
729 2724 870 2764 audebit]
886 2724 950 2755 Aut
968 2725 1009 2755 al.
1027 2725 1137 2755 versui
1153 2727 1206 2755 31.
1222 2729 1438 2764 pr'aeponunt,
1454 2724 1495 2754 al.
1514 2724 1567 2764 [ut
1583 2724 1662 2764 Bip.

215 2768 356 2809 Delph]
384 2772 571 2800 annectunt
599 2768 714 2810 priori.
739 2768 835 2799 Idem.
882 2766 1072 2808 Insueverit]
1097 2767 1152 2799 Sic
1173 2772 1288 2798 nostra
1304 2767 1357 2798 ed.
1405 2767 1482 2800 Non
1499 2766 1663 2807 iutelligit
