1966 3302
418 232 832 264 HEAUTONrmoR.
865 234 972 264 Acr.
997 233 1063 264 1v.
1095 233 1161 265 sc.
1188 235 1251 264 iv.
1476 227 1561 268 623

488 381 693 424 ACTUS
726 383 811 425 IV.
870 383 1077 425 SCENA
1109 383 1191 425 IV.

264 500 487 532 BACCHIS.
519 501 710 532 CLINlA.
744 501 921 533 SYRUS.
957 504 1144 532 DROMO.
1178 505 1419 534 PHRYGIA.

113 568 230 610 ΒΑΘ.
261 568 425 618 SATIS,
457 567 551 621 pol,
575 571 775 621 proterve
804 582 875 609 me
907 569 1009 623 Syri
1040 570 1263 623 promissa
1294 572 1379 613 huc
1405 571 1562 613 indux-

282 639 432 686 erunt3

114 703 280 745 Decem
308 704 465 754 minas,
503 716 618 757 quas
650 703 755 744 mihi
789 703 893 745 dare
926 704 1157 758 pollicitus
1193 711 1282 747 est:
1315 707 1433 761 quod
1464 708 1502 749 si
1523 708 1563 748 is

282 783 400 812 nunc

114 836 191 878 Me
209 836 447 892 deceperit,
466 850 588 893 saepe
611 840 849 880 obsecrans
866 852 947 888 me,
961 843 1007 880 ut
1017 840 1204 890 veniam,
1222 840 1383 882 frustra
1403 841 1561 883 veniet.

111 903 206 947 Aut
226 917 324 945 cum
346 910 574 946 venturam
595 905 751 947 dixero
772 911 817 947 et
837 908 1138 957 constituer03
1170 921 1269 949 cum
1292 910 1330 950 is
1353 912 1472 949 certo

112 971 407 1021 Renuntiarit‚
428 971 624 1026 Clitipho
646 986 745 1014 cum
767 987 846 1027 spe
871 974 1079 1027 pendebit
1100 975 1234 1016 animi
1253 989 1264 1027 3
1537 976 1566 1016 5

111 1039 360 1093 Decipiam,
381 1053 434 1082 ac
455 1053 540 1082 non
561 1042 733 1082 veniam
750 1055 760 1082 :
793 1041 930 1094 Syrus
950 1042 1056 1083 mihi
1074 1047 1192 1095 tergo
1213 1056 1369 1097 poenas
1385 1043 1565 1098 pendet.

113 1106 197 1148 Cr..
228 1107 350 1148 Satis
377 1108 489 1149 scite
518 1109 734 1163 promittit
763 1108 859 1150 tibi.
919 1109 1004 1150 SY.
1038 1109 1180 1164 Atqui
1211 1114 1256 1152 tu
1285 1110 1398 1152 hanc
1421 1110 1567 1165 jocari

283 1175 456 1217 credis?

155 1275 223 1306 BA.
246 1274 314 1305 Per
330 1275 484 1306 Pollucem
498 1275 578 1306 sutis
592 1275 704 1315 inepte,
720 1277 750 1306 et
764 1274 1001 1312 inconsiderate,
1020 1276 1175 1316 promissa
1187 1275 1263 1319 Syri
1279 1287 1326 1309 me
1340 1277 1399 1308 huc
1414 1278 1454 1308 ad
1473 1277 1571 1309 Cliti-

107 1317 241 1358 phonem
252 1317 458 1357 induxerunt,
479 1321 604 1358 propter
623 1319 726 1348 decem
749 1318 850 1348 minas
864 1327 938 1358 quas
954 1319 1091 1359 Clitipho
1113 1320 1255 1360 promisit
1271 1331 1304 1351 se
1319 1321 1395 1351 mihi
1411 1322 1569 1352 daturum.

115 1360 206 1395 Quod
219 1360 248 1390 si
261 1359 362 1401 Syrus
375 1370 456 1392 nunc
462 1359 617 1398 fefellerit
633 1370 692 1399 me,
703 1361 767 1401 ipse
781 1371 859 1401 saepe
877 1360 952 1391 mihi
966 1363 1151 1402 supplicans,
1165 1366 1200 1393 ut
1214 1363 1422 1403 Clitiphonem
1436 1364 1568 1403 veniam,

103 1402 232 1440 frustra
247 1403 360 1434 veniet.
406 1404 471 1434 Aut
484 1407 646 1443 postquam
660 1403 830 1442 promisero
845 1413 892 1434 me
906 1407 1078 1443 venturam,
1094 1408 1124 1436 el
1139 1408 1258 1445 tempus
1278 1406 1458 1447 proefixero,
1481 1407 1568 1447 isque

112 1445 284 1485 Clitiphoni
307 1446 452 1476 retulerit
479 1450 594 1477 certum
610 1447 642 1476 id
659 1446 745 1485 fore,
772 1446 911 1486 Clitipho
929 1456 1001 1476 vero
1023 1451 1057 1477 ut
1082 1448 1202 1479 veniam
1217 1458 1355 1489 sperum,
1377 1460 1445 1480 cum
1460 1459 1570 1489 anceps

109 1487 208 1518 animi
231 1487 388 1528 pendebit,
403 1487 519 1526 fallam
539 1499 619 1527 eum,
643 1498 696 1520 nec
720 1489 853 1528 veniam,
874 1493 908 1520 ut
933 1490 1154 1520 constitueram
1177 1492 1216 1522 ei.
1277 1492 1354 1522 Tum
1379 1501 1450 1523 vero
1467 1492 1567 1533 Syrus

107 1530 261 1570 persolvet
281 1530 358 1561 mihi
379 1541 483 1571 pamas
498 1533 586 1562 dorso
600 1541 665 1562 suo.
715 1531 774 1562 CL.
796 1531 934 1562 Bacchis
953 1533 1112 1572 promittit
1135 1534 1193 1564 tibi
1210 1534 1290 1575 Syre
1306 1534 1384 1566 satis
1400 1535 1511 1575 lepide,
1537 1544 1569 1566 se

111 1572 295 1614 effecturam
316 1577 351 1605 ut
362 1584 470 1615 poeuas
485 1574 565 1614 ῑιιαε,
585 1575 614 1605 si
627 1584 694 1605 eom
707 1573 835 1615 decipis.
882 1575 947 1606 SY.
970 1575 1034 1606 Sed
1049 1580 1144 1616 certe,
1160 1587 1200 1608 αη
1215 1581 1249 1608 tu
1264 1578 1364 1609 credis
1378 1578 1569 1610 Bacchidem

721 1668 779 1680 ‘O‘
783 1668 962 1681 ,ΝΟΜ

155 1734 196 1765 In
216 1734 272 1767 ed.
297 1734 400 1766 Both.
422 1735 478 1767 hic
494 1739 547 1766 est
563 1734 644 1767 Act.
663 1745 719 1767 111.
737 1736 792 1767 Sc.
811 1745 874 1768 vn.
898 1737 931 1767 in
948 1736 1026 1777 Bip.
1045 1747 1103 1769 ιιι.
1126 1737 1181 1769 Sc.
1197 1742 1346 1770 vnn—l
1371 1739 1421 1769 M.
1438 1743 1473 1770 et
1489 1739 1570 1772 Par.

112 1787 173 1818 pro
190 1787 260 1808 var.
275 1779 484 1810 adduxerunt.
531 1779 618 1810 Post
631 1779 823 1810 induxerunt
845 1790 922 1810 cum
946 1785 1115 1811 commate
1137 1781 1355 1821 distinguunt
1378 1782 1437 1813 ΒΓ.
1467 1783 1569 1814 Bent.

112 1820 214 1851 Both.
230 1821 308 1861 Bip.
333 1821 457 1861 Delpli.
484 1825 520 1852 et
537 1822 630 1852 Perl.
656 1822 714 1862 qui
737 1823 786 1852 ita
812 1822 974 1853 lectorem
992 1829 1129 1854 monet:
1154 1824 1163 1840 ⁶
1181 1824 1273 1855 Cave
1299 1835 1341 1856 ne
1364 1834 1468 1864 ponas
1491 1835 1569 1857 cum

113 1862 317 1904 quibusdam
333 1869 411 1905 post
426 1864 536 1895 indux.
561 1864 817 1896 distinctionem
841 1871 1009 1897 commate
1036 1866 1235 1906 pleniorem.
1280 1867 1439 1907 intellige
1457 1869 1570 1908 potius

114 1911 151 1936 et
163 1912 335 1945 construe,
355 1907 364 1924 ‘
383 1907 512 1938 Decem
531 1907 631 1937 minae
657 1908 766 1948 quaS‚’
794 1910 860 1938 διο.
885 1908 1053 1949 quomodo
1079 1908 1187 1940 Andr.
1211 1909 1305 1940 Prol.
1339 1913 1368 1941 3.
1395 1915 1432 1941 et
1460 1911 1572 1942 26:—

112 1951 132 1978 2
159 1949 292 1988 Propter
307 1954 388 1980 ante
403 1951 506 1981 decem
522 1949 636 1981 Guelf.
653 1953 683 1980 3.
730 1951 780 1981 M.
807 1951 916 1981 Decem
938 1951 975 1982 ob
995 1952 1104 1983 minas.
1148 1952 1249 1983 Bent.
1280 1954 1378 1983 Both.
1405 1954 1499 1985 Perl.
1525 1954 1569 1985 ob

114 2000 249 2022 versum
278 1996 460 2031 reponunt,
491 1993 565 2023 dare
594 1996 640 2023 est
667 1993 834 2032 pollicitus,
880 1994 958 2034 Bip.
982 2004 1058 2034 quas
1084 1995 1161 2025 mihi
1187 1996 1289 2033 duret,
1310 1996 1462 2035 pollicitu’
1485 2000 1571 2029 st.—

114 2036 132 2064 3
159 2034 213 2064 Me
228 2034 394 2074 deceperit.
440 2035 545 2066 Ratio
562 2044 678 2066 versus
698 2036 853 2076 requirit,
869 2041 906 2067 nt
922 2037 1026 2068 dictio
1042 2048 1088 2068 me
1104 2037 1316 2078 praecedenti
1334 2040 1447 2070 versui
1465 2038 1586 2070 ascri-¹

116 2076 230 2112 batur,
254 2081 290 2108 et
305 2077 339 2107 in
355 2087 432 2107 eum
450 2077 587 2108 modum
602 2088 676 2108 eam
693 2078 817 2109 habent
835 2089 952 2110 omnes
969 2080 1050 2111 libb.
1068 2080 1187 2120 script.
1201 2081 1260 2111 Fa.
1291 2081 1345 2112 Ita
1361 2091 1496 2122 quoque
1512 2082 1569 2113 ha-

114 2118 198 2149 bent
210 2118 300 2150 Perl.
313 2119 415 2151 Both.
432 2120 508 2160 Bip.
524 2121 653 2160 Delph.
670 2121 836 2161 ‘Vu1g.ut
851 2123 989 2153 venium.-
1013 2122 1071 2153 sed
1089 2123 1303 2163 ineleganter
1319 2130 1572 2164 componuntur

115 2164 125 2178 ‘
141 2166 178 2191 ut
194 2161 337 2200 veniam,
352 2161 479 2193 frustra
495 2163 632 2194 veniet.'
668 2163 748 2194 Huc
764 2165 915 2204 pertinet
928 2165 1084 2196 Goveani
1099 2166 1215 2203 lectio,
1230 2166 1418 2205 codicibus,
1432 2172 1470 2199 ut
1484 2177 1570 2207 reor,

114 2203 251 2234 debita:
275 2207 329 2235 aut
347 2204 476 2242 frustra
491 2205 615 2236 veniet!
659 2206 761 2237 Both.
785 2207 840 2247 qni
857 2207 934 2238 inde
950 2208 1047 2248 legit,
1062 2212 1097 2239 ut
1111 2209 1226 2246 veniat,
1239 2209 1271 2246 f.
1287 2212 1383 2240 υ.-4
1410 2209 1461 2241 Al.
1477 2215 1570 2242 certe.

114 2249 176 2276 —5
201 2246 419 2279 Renuntiavi&
466 2247 520 2279 lta
537 2249 620 2280 Mss.
636 2249 770 2288 plurimi
786 2255 821 2280 et
837 2250 1005 2281 editiones
1023 2252 1174 2291 optimae.
1219 2252 1264 2282 Et
1280 2253 1456 2292 praecessit
1471 2255 1480 2270 ‘
1498 2253 1571 2284 dix-

115 2287 194 2319 ero’
217 2293 253 2319 et
276 2290 285 2306 ‘
303 2290 536 2321 constituero!
581 2292 682 2322 Unde
698 2293 786 2323 male
808 2293 909 2333 vulgo
934 2294 1151 2325 Renuntiam't.
1175 2295 1282 2325 West.
1328 2295 1430 2327 Bent.
1455 2297 1571 2334 legen-

115 2332 195 2361 dnm
210 2337 325 2363 monet
342 2333 561 2370 Renuntiabit,
583 2334 750 2374 probante
777 2335 869 2366 Perl.
914 2340 922 2352 ‘
941 2336 1082 2367 Plenior
1098 2336 1233 2368 videtur
1249 2338 1351 2368 lectio
1375 2338 1453 2370 libri
1470 2339 1573 2370 Bem-

117 2373 197 2414 bini,
210 2384 279 2406 cum
292 2374 326 2406 in
339 2375 417 2416 spe.‘
441 2377 500 2409 Fa.
539 2377 593 2408 Ita
609 2382 646 2408 et
659 2377 742 2408 dant
757 2378 861 2409 Bent.
878 2378 972 2409 Perl.
987 2379 1087 2410 Both.
1102 2380 1180 2421 Bip.
1197 2379 1238 2411 Z.
1256 2381 1383 2422 Delph.
1432 2382 1475 2412 Et
1490 2387 1570 2414 ante

774 2464 804 2494 N
811 2463 914 2495 OTAE

160 2526 177 2554 1
204 2523 363 2555 Promissa
382 2524 442 2556 huc
458 2525 666 2566 induxerunt]
689 2526 746 2558 Sic
759 2536 817 2558 ex·
915 2531 934 2560 2
951 2528 1067 2561 Decem
1083 2530 1199 2572 minas]
1211 2531 1306 2562 Mina
1322 2532 1477 2564 continet
1492 2542 1570 2564 cen-

116 2573 228 2614 plic03
244 2573 334 2605 Satis
346 2574 403 2614 pol
413 2580 573 2614 proterve
590 2577 728 2618 meSyri
741 2587 817 2618 pro·
873 2582 942 2609 tum
960 2578 1151 2612 drachmas.
1197 2583 1370 2613 Draclima
1396 2583 1487 2614 valet
1512 2593 1571 2615 sex

116 2624 219 2654 missa
232 2624 273 2655 ad
291 2624 521 2665 Clitiphonem
545 2627 610 2658 hue
627 2627 815 2668 duxerunt,
871 2629 1003 2660 assibus
1032 2631 1304 2664 Turonensibus:
1341 2634 1431 2664 valet
1469 2633 1573 2673 igitur

115 2673 149 2704 in
167 2674 286 2706 decem
312 2674 442 2715 minas3
468 2676 501 2707 id
535 2681 598 2716 est,
626 2678 668 2709 ad
697 2677 815 2709 decem
870 2679 960 2710 mina
989 2680 1129 2721 triginta
1155 2681 1257 2713 libras
1285 2683 1514 2721 Turonenses,
1537 2688 1573 2715 et

116 2725 224 2755 minas
241 2724 457 2765 accipiendas
475 2736 556 2767 quas
579 2727 729 2769 Clitipho
744 2729 815 2770 pol·
869 2728 989 2760 decem
1014 2731 1114 2763 minae
1140 2733 1258 2764 valent
1279 2737 1452 2765 trecentas
1482 2735 1571 2775 ejus-

116 2774 232 2805 licitus
248 2780 300 2806 est
311 2774 394 2807 dare
412 2776 502 2807 mihi.
868 2781 960 2812 modi
977 2781 1090 2823 libras,
1105 2783 1157 2814 vel
1176 2788 1312 2816 centnm
1329 2784 1528 2817 Coronatus.
