<?xml version="1.0" encoding="UTF-8"?>
<!DOCTYPE html PUBLIC "-//W3C//DTD XHTML 1.0 Transitional//EN"
    "http://www.w3.org/TR/xhtml1/DTD/xhtml1-transitional.dtd">
<html xmlns="http://www.w3.org/1999/xhtml" xml:lang="en" lang="en">
 <head>
  <title>
</title>
<meta http-equiv="Content-Type" content="text/html;charset=utf-8" />
  <meta name='ocr-system' content='tesseract 3.04.00' />
  <meta name='ocr-capabilities' content='ocr_page ocr_carea ocr_par ocr_line ocrx_word'/>
</head>
<body>
  <div class='ocr_page' id='page_1' title='image "./pubterentiiafric02tereuoft_0515.png"; bbox 0 0 1966 3302; ppageno 0'>
   <div class='ocr_carea' id='block_1_1' title="bbox 567 231 1635 272">
    <p class='ocr_par' dir='ltr' id='par_1_1' title="bbox 567 231 1635 272">
     <span class='ocr_line' id='line_1_1' title="bbox 567 231 1635 272; baseline 0.002 -2"><span class='ocrx_word' id='word_1_1' title='bbox 567 240 879 271; x_wconf 73' lang='lat' dir='ltr'>PHoRMioNis</span> <span class='ocrx_word' id='word_1_2' title='bbox 914 241 1021 272; x_wconf 63' lang='lat' dir='ltr'>Ac‘r.</span> <span class='ocrx_word' id='word_1_3' title='bbox 1044 242 1087 272; x_wconf 82' lang='lat' dir='ltr'><strong>v.</strong></span> <span class='ocrx_word' id='word_1_4' title='bbox 1119 241 1189 272; x_wconf 79' lang='lat' dir='ltr'>sc,</span> <span class='ocrx_word' id='word_1_5' title='bbox 1216 241 1248 272; x_wconf 79' lang='lat'><strong>1.</strong></span> <span class='ocrx_word' id='word_1_6' title='bbox 1523 231 1635 272; x_wconf 84' lang='grc'>1005</span> 
     </span>
    </p>
   </div>
   <div class='ocr_carea' id='block_1_2' title="bbox 184 332 1638 796">
    <p class='ocr_par' dir='ltr' id='par_1_2' title="bbox 187 332 1634 458">
     <span class='ocr_line' id='line_1_2' title="bbox 187 332 1634 391; baseline 0.001 -17"><span class='ocrx_word' id='word_1_7' title='bbox 187 335 265 375; x_wconf 86' lang='lat' dir='ltr'>So.</span> <span class='ocrx_word' id='word_1_8' title='bbox 296 332 428 384; x_wconf 84' lang='lat' dir='ltr'>Quod</span> <span class='ocrx_word' id='word_1_9' title='bbox 452 334 491 375; x_wconf 87' lang='lat' dir='ltr'>si</span> <span class='ocrx_word' id='word_1_10' title='bbox 513 347 613 375; x_wconf 90' lang='lat' dir='ltr'>eum</span> <span class='ocrx_word' id='word_1_11' title='bbox 634 349 746 377; x_wconf 88' lang='lat' dir='ltr'>nunc</span> <span class='ocrx_word' id='word_1_12' title='bbox 765 337 956 389; x_wconf 88' lang='lat' dir='ltr'>reperire</span> <span class='ocrx_word' id='word_1_13' title='bbox 977 339 1160 391; x_wconf 88' lang='lat' dir='ltr'>possim,</span> <span class='ocrx_word' id='word_1_14' title='bbox 1192 337 1296 378; x_wconf 86' lang='lat' dir='ltr'>nihil</span> <span class='ocrx_word' id='word_1_15' title='bbox 1327 339 1396 378; x_wconf 82' lang='lat' dir='ltr'>est</span> <span class='ocrx_word' id='word_1_16' title='bbox 1423 335 1541 390; x_wconf 90' lang='lat' dir='ltr'>quod</span> <span class='ocrx_word' id='word_1_17' title='bbox 1562 349 1634 377; x_wconf 90' lang='lat' dir='ltr'>ve-</span> 
     </span>
     <span class='ocr_line' id='line_1_3' title="bbox 353 401 998 458; baseline 0.005 -16"><span class='ocrx_word' id='word_1_18' title='bbox 353 414 461 443; x_wconf 82' lang='lat' dir='ltr'>rear.</span> <span class='ocrx_word' id='word_1_19' title='bbox 522 401 679 443; x_wconf 83' lang='lat' dir='ltr'><strong>CHRE.</strong></span> <span class='ocrx_word' id='word_1_20' title='bbox 712 403 779 444; x_wconf 88' lang='lat' dir='ltr'>Ea</span> <span class='ocrx_word' id='word_1_21' title='bbox 799 403 853 445; x_wconf 84' lang='lat' dir='ltr'>’st</span> <span class='ocrx_word' id='word_1_22' title='bbox 874 404 998 458; x_wconf 83' lang='lat' dir='ltr'>ipsa:</span> 
     </span>
    </p>

    <p class='ocr_par' dir='ltr' id='par_1_3' title="bbox 185 468 1638 581">
     <span class='ocr_line' id='line_1_4' title="bbox 185 468 1638 525; baseline 0.001 -16"><span class='ocrx_word' id='word_1_23' title='bbox 185 468 438 522; x_wconf 85' lang='lat' dir='ltr'>Colloquar.</span> <span class='ocrx_word' id='word_1_24' title='bbox 526 470 603 511; x_wconf 93' lang='lat' dir='ltr'>So.</span> <span class='ocrx_word' id='word_1_25' title='bbox 636 469 750 520; x_wconf 87' lang='lat' dir='ltr'>Quis</span> <span class='ocrx_word' id='word_1_26' title='bbox 790 470 862 512; x_wconf 91' lang='lat' dir='ltr'>hic</span> <span class='ocrx_word' id='word_1_27' title='bbox 894 471 1122 525; x_wconf 71' lang='lat' dir='ltr'>loquitur?</span> <span class='ocrx_word' id='word_1_28' title='bbox 1200 471 1358 512; x_wconf 79' lang='lat' dir='ltr'><strong>CHRE.</strong></span> <span class='ocrx_word' id='word_1_29' title='bbox 1390 471 1638 525; x_wconf 74' lang='lat' dir='ltr'>Sophrona.</span> 
     </span>
     <span class='ocr_line' id='line_1_5' title="bbox 356 537 1111 581; baseline 0.004 -4"><span class='ocrx_word' id='word_1_30' title='bbox 356 537 434 577; x_wconf 89' lang='lat' dir='ltr'>So.</span> <span class='ocrx_word' id='word_1_31' title='bbox 465 537 523 578; x_wconf 87' lang='lat' dir='ltr'>Et</span> <span class='ocrx_word' id='word_1_32' title='bbox 542 551 687 579; x_wconf 90' lang='lat' dir='ltr'>meum</span> <span class='ocrx_word' id='word_1_33' title='bbox 707 552 863 580; x_wconf 89' lang='lat' dir='ltr'>nomen</span> <span class='ocrx_word' id='word_1_34' title='bbox 884 539 1111 581; x_wconf 67' lang='lat' dir='ltr'>nominat?</span> 
     </span>
    </p>

    <p class='ocr_par' dir='ltr' id='par_1_4' title="bbox 184 603 1634 728">
     <span class='ocr_line' id='line_1_6' title="bbox 184 603 1634 659; baseline 0.003 -15"><span class='ocrx_word' id='word_1_35' title='bbox 184 603 342 645; x_wconf 83' lang='lat' dir='ltr'><strong>CHRE.</strong></span> <span class='ocrx_word' id='word_1_36' title='bbox 373 604 568 659; x_wconf 85' lang='lat' dir='ltr'>Respice</span> <span class='ocrx_word' id='word_1_37' title='bbox 601 606 658 647; x_wconf 87' lang='lat' dir='ltr'>ad</span> <span class='ocrx_word' id='word_1_38' title='bbox 695 620 773 648; x_wconf 90' lang='lat' dir='ltr'>me.</span> <span class='ocrx_word' id='word_1_39' title='bbox 834 607 911 647; x_wconf 92' lang='lat' dir='ltr'>So.</span> <span class='ocrx_word' id='word_1_40' title='bbox 944 607 1019 657; x_wconf 92' lang='lat' dir='ltr'>Di,</span> <span class='ocrx_word' id='word_1_41' title='bbox 1051 608 1237 648; x_wconf 89' lang='lat' dir='ltr'>obsecro</span> <span class='ocrx_word' id='word_1_42' title='bbox 1267 607 1374 648; x_wconf 86' lang='lat' dir='ltr'>vos!</span> <span class='ocrx_word' id='word_1_43' title='bbox 1406 612 1532 648; x_wconf 89' lang='lat' dir='ltr'>estne</span> <span class='ocrx_word' id='word_1_44' title='bbox 1562 607 1634 649; x_wconf 85' lang='lat' dir='ltr'>hic</span> 
     </span>
     <span class='ocr_line' id='line_1_7' title="bbox 359 673 1294 728; baseline 0 -14"><span class='ocrx_word' id='word_1_45' title='bbox 359 673 568 728; x_wconf 64' lang='lat' dir='ltr'>Stilpho?</span> <span class='ocrx_word' id='word_1_46' title='bbox 629 673 787 715; x_wconf 85' lang='lat' dir='ltr'><strong>CHRE.</strong></span> <span class='ocrx_word' id='word_1_47' title='bbox 820 675 940 716; x_wconf 89' lang='lat' dir='ltr'>Non.</span> <span class='ocrx_word' id='word_1_48' title='bbox 1001 675 1080 715; x_wconf 86' lang='lat' dir='ltr'>So.</span> <span class='ocrx_word' id='word_1_49' title='bbox 1112 674 1294 727; x_wconf 71' lang='lat' dir='ltr'>Negas?</span> 
     </span>
    </p>

    <p class='ocr_par' dir='ltr' id='par_1_5' title="bbox 184 739 1632 796">
     <span class='ocr_line' id='line_1_8' title="bbox 184 739 1632 796; baseline 0.001 -14"><span class='ocrx_word' id='word_1_50' title='bbox 184 739 344 782; x_wconf 85' lang='lat' dir='ltr'><strong>CHRE.</strong></span> <span class='ocrx_word' id='word_1_51' title='bbox 375 740 582 782; x_wconf 82' lang='lat' dir='ltr'>Concede</span> <span class='ocrx_word' id='word_1_52' title='bbox 603 742 702 783; x_wconf 89' lang='lat' dir='ltr'>hinc</span> <span class='ocrx_word' id='word_1_53' title='bbox 735 755 762 783; x_wconf 86' lang='lat' dir='ltr'>a</span> <span class='ocrx_word' id='word_1_54' title='bbox 792 742 962 783; x_wconf 88' lang='lat' dir='ltr'>foribus</span> <span class='ocrx_word' id='word_1_55' title='bbox 983 742 1214 796; x_wconf 82' lang='lat' dir='ltr'>paululum</span> <span class='ocrx_word' id='word_1_56' title='bbox 1236 743 1461 790; x_wconf 82' lang='lat' dir='ltr'>istorsum,</span> <span class='ocrx_word' id='word_1_57' title='bbox 1483 742 1632 793; x_wconf 88' lang='lat' dir='ltr'>sodes,</span> 
     </span>
    </p>
   </div>
   <div class='ocr_carea' id='block_1_3' title="bbox 184 808 1637 994">
    <p class='ocr_par' dir='ltr' id='par_1_6' title="bbox 184 808 1637 994">
     <span class='ocr_line' id='line_1_9' title="bbox 355 808 598 850; baseline 0 -1"><span class='ocrx_word' id='word_1_58' title='bbox 355 808 416 850; x_wconf 91' lang='lat' dir='ltr'>So</span> <span class='ocrx_word' id='word_1_59' title='bbox 449 808 598 849; x_wconf 88' lang='lat' dir='ltr'>hrona.</span> 
     </span>
     <span class='ocr_line' id='line_1_10' title="bbox 184 822 1634 931; baseline 0.001 -14"><span class='ocrx_word' id='word_1_60' title='bbox 184 875 255 917; x_wconf 87' lang='lat' dir='ltr'>Ne</span> <span class='ocrx_word' id='word_1_61' title='bbox 274 889 343 917; x_wconf 88' lang='lat' dir='ltr'>me</span> <span class='ocrx_word' id='word_1_62' title='bbox 364 822 477 917; x_wconf 51' lang='lat' dir='ltr'>istgc</span> <span class='ocrx_word' id='word_1_63' title='bbox 496 875 686 929; x_wconf 84' lang='lat' dir='ltr'>posthac</span> <span class='ocrx_word' id='word_1_64' title='bbox 706 877 884 918; x_wconf 89' lang='lat' dir='ltr'>nomine</span> <span class='ocrx_word' id='word_1_65' title='bbox 903 877 1190 931; x_wconf 84' lang='lat' dir='ltr'>appellassis.</span> <span class='ocrx_word' id='word_1_66' title='bbox 1252 877 1332 918; x_wconf 91' lang='lat' dir='ltr'>So.</span> <span class='ocrx_word' id='word_1_67' title='bbox 1357 876 1511 927; x_wconf 71' lang='lat' dir='ltr'>Quid?</span> <span class='ocrx_word' id='word_1_68' title='bbox 1534 891 1634 928; x_wconf 86' lang='lat' dir='ltr'>non,</span> 
     </span>
     <span class='ocr_line' id='line_1_11' title="bbox 353 943 1637 994; baseline 0.002 -10"><span class='ocrx_word' id='word_1_69' title='bbox 353 943 553 994; x_wconf 88' lang='lat' dir='ltr'>obsecro,</span> <span class='ocrx_word' id='word_1_70' title='bbox 576 957 640 994; x_wconf 87' lang='lat' dir='ltr'>es,</span> <span class='ocrx_word' id='word_1_71' title='bbox 1580 947 1637 987; x_wconf 83' lang='lat'>15</span> 
     </span>
    </p>
   </div>
   <div class='ocr_carea' id='block_1_4' title="bbox 183 1009 1634 1121">
    <p class='ocr_par' dir='ltr' id='par_1_7' title="bbox 183 1009 1634 1121">
     <span class='ocr_line' id='line_1_12' title="bbox 183 1009 1634 1065; baseline 0.002 -14"><span class='ocrx_word' id='word_1_72' title='bbox 183 1009 328 1061; x_wconf 81' lang='lat' dir='ltr'>Quem</span> <span class='ocrx_word' id='word_1_73' title='bbox 357 1024 529 1065; x_wconf 89' lang='lat' dir='ltr'>semper</span> <span class='ocrx_word' id='word_1_74' title='bbox 560 1016 604 1053; x_wconf 90' lang='lat' dir='ltr'>te</span> <span class='ocrx_word' id='word_1_75' title='bbox 640 1025 735 1053; x_wconf 89' lang='lat' dir='ltr'>esse</span> <span class='ocrx_word' id='word_1_76' title='bbox 766 1013 1011 1055; x_wconf 79' lang='lat' dir='ltr'>dictitasti&#39;?</span> <span class='ocrx_word' id='word_1_77' title='bbox 1073 1012 1231 1054; x_wconf 77' lang='lat' dir='ltr'><strong>CHRE.</strong></span> <span class='ocrx_word' id='word_1_78' title='bbox 1263 1011 1340 1053; x_wconf 86' lang='lat' dir='ltr'>St!</span> <span class='ocrx_word' id='word_1_79' title='bbox 1401 1012 1480 1054; x_wconf 87' lang='lat' dir='ltr'>So.</span> <span class='ocrx_word' id='word_1_80' title='bbox 1514 1011 1634 1063; x_wconf 83' lang='lat' dir='ltr'><strong>Quid</strong></span> 
     </span>
     <span class='ocr_line' id='line_1_13' title="bbox 351 1078 783 1121; baseline 0.002 -2"><span class='ocrx_word' id='word_1_81' title='bbox 351 1078 431 1120; x_wconf 85' lang='lat' dir='ltr'>has</span> <span class='ocrx_word' id='word_1_82' title='bbox 452 1080 612 1120; x_wconf 80' lang='lat' dir='ltr'>metuis</span> <span class='ocrx_word' id='word_1_83' title='bbox 633 1080 783 1121; x_wconf 72' lang='lat' dir='ltr'>fores?</span> 
     </span>
    </p>
   </div>
   <div class='ocr_carea' id='block_1_5' title="bbox 178 1194 1638 1494">
    <p class='ocr_par' dir='ltr' id='par_1_8' title="bbox 178 1194 1638 1494">
     <span class='ocr_line' id='line_1_14' title="bbox 180 1194 1636 1234; baseline 0.001 -11"><span class='ocrx_word' id='word_1_84' title='bbox 180 1194 283 1233; x_wconf 81' lang='lat' dir='ltr'>magis</span> <span class='ocrx_word' id='word_1_85' title='bbox 294 1194 490 1234; x_wconf 77' lang='lat' dir='ltr'>intelligam?</span> <span class='ocrx_word' id='word_1_86' title='bbox 534 1195 596 1227; x_wconf 90' lang='lat' dir='ltr'>So.</span> <span class='ocrx_word' id='word_1_87' title='bbox 621 1195 709 1231; x_wconf 77' lang='lat' dir='ltr'>Quod</span> <span class='ocrx_word' id='word_1_88' title='bbox 730 1196 759 1227; x_wconf 85' lang='lat' dir='ltr'>si</span> <span class='ocrx_word' id='word_1_89' title='bbox 784 1206 851 1227; x_wconf 88' lang='lat' dir='ltr'>eam</span> <span class='ocrx_word' id='word_1_90' title='bbox 870 1205 950 1227; x_wconf 83' lang='lat' dir='ltr'>nunc</span> <span class='ocrx_word' id='word_1_91' title='bbox 970 1196 1108 1227; x_wconf 76' lang='lat' dir='ltr'>invenire</span> <span class='ocrx_word' id='word_1_92' title='bbox 1128 1196 1254 1234; x_wconf 78' lang='lat' dir='ltr'>possim,</span> <span class='ocrx_word' id='word_1_93' title='bbox 1280 1195 1359 1226; x_wconf 79' lang='lat' dir='ltr'>nihil</span> <span class='ocrx_word' id='word_1_94' title='bbox 1381 1195 1441 1226; x_wconf 83' lang='lat' dir='ltr'>erit</span> <span class='ocrx_word' id='word_1_95' title='bbox 1457 1204 1567 1231; x_wconf 67' lang='lat' dir='ltr'>caum,</span> <span class='ocrx_word' id='word_1_96' title='bbox 1582 1205 1636 1226; x_wconf 82' lang='lat' dir='ltr'>cur</span> 
     </span>
     <span class='ocr_line' id='line_1_15' title="bbox 181 1237 1636 1279; baseline 0.001 -12"><span class='ocrx_word' id='word_1_97' title='bbox 181 1237 346 1277; x_wconf 75' lang='lat' dir='ltr'><strong><em>quidquam</em></strong></span> <span class='ocrx_word' id='word_1_98' title='bbox 359 1239 485 1278; x_wconf 76' lang='lat' dir='ltr'>posthac</span> <span class='ocrx_word' id='word_1_99' title='bbox 500 1238 635 1269; x_wconf 78' lang='lat' dir='ltr'>timeam.</span> <span class='ocrx_word' id='word_1_100' title='bbox 681 1240 749 1270; x_wconf 78' lang='lat' dir='ltr'>Cn.</span> <span class='ocrx_word' id='word_1_101' title='bbox 774 1240 823 1269; x_wconf 83' lang='grc' dir='ltr'>Εα</span> <span class='ocrx_word' id='word_1_102' title='bbox 838 1243 884 1270; x_wconf 87' lang='lat' dir='ltr'>est</span> <span class='ocrx_word' id='word_1_103' title='bbox 907 1239 975 1278; x_wconf 81' lang='lat' dir='ltr'>ipsa</span> <span class='ocrx_word' id='word_1_104' title='bbox 999 1239 1110 1269; x_wconf 71' lang='lat' dir='ltr'>nutrix</span> <span class='ocrx_word' id='word_1_105' title='bbox 1134 1239 1314 1279; x_wconf 78' lang='lat' dir='ltr'><em>Sophrona:</em></span> <span class='ocrx_word' id='word_1_106' title='bbox 1348 1239 1525 1269; x_wconf 76' lang='lat' dir='ltr'><strong><em>conveniam</em></strong></span> <span class='ocrx_word' id='word_1_107' title='bbox 1541 1238 1636 1269; x_wconf 77' lang='lat' dir='ltr'>illum.</span> 
     </span>
     <span class='ocr_line' id='line_1_16' title="bbox 179 1280 1638 1322; baseline 0.001 -12"><span class='ocrx_word' id='word_1_108' title='bbox 179 1281 238 1310; x_wconf 77' lang='lat' dir='ltr'>So.</span> <span class='ocrx_word' id='word_1_109' title='bbox 263 1280 363 1314; x_wconf 79' lang='lat' dir='ltr'>Quem</span> <span class='ocrx_word' id='word_1_110' title='bbox 387 1281 438 1311; x_wconf 75' lang='lat' dir='ltr'>hic</span> <span class='ocrx_word' id='word_1_111' title='bbox 459 1282 629 1321; x_wconf 83' lang='lat' dir='ltr'>loquentem</span> <span class='ocrx_word' id='word_1_112' title='bbox 651 1281 765 1312; x_wconf 83' lang='lat' dir='ltr'>audio?</span> <span class='ocrx_word' id='word_1_113' title='bbox 809 1281 878 1312; x_wconf 80' lang='lat' dir='ltr'><strong>CH.</strong></span> <span class='ocrx_word' id='word_1_114' title='bbox 904 1281 1073 1322; x_wconf 76' lang='lat' dir='ltr'><strong><em>Sophrona.</em></strong></span> <span class='ocrx_word' id='word_1_115' title='bbox 1117 1282 1175 1312; x_wconf 91' lang='lat' dir='ltr'>So.</span> <span class='ocrx_word' id='word_1_116' title='bbox 1200 1282 1244 1312; x_wconf 83' lang='lat' dir='ltr'>Et</span> <span class='ocrx_word' id='word_1_117' title='bbox 1260 1291 1306 1312; x_wconf 86' lang='lat' dir='ltr'>me</span> <span class='ocrx_word' id='word_1_118' title='bbox 1321 1282 1416 1312; x_wconf 78' lang='lat' dir='ltr'>etiam</span> <span class='ocrx_word' id='word_1_119' title='bbox 1437 1291 1500 1311; x_wconf 88' lang='lat' dir='ltr'>meo</span> <span class='ocrx_word' id='word_1_120' title='bbox 1515 1281 1638 1312; x_wconf 79' lang='lat' dir='ltr'>nomine</span> 
     </span>
     <span class='ocr_line' id='line_1_17' title="bbox 178 1322 1636 1365; baseline 0.001 -12"><span class='ocrx_word' id='word_1_121' title='bbox 178 1323 336 1362; x_wconf 77' lang='lat' dir='ltr'>appellat?</span> <span class='ocrx_word' id='word_1_122' title='bbox 374 1324 440 1355; x_wconf 74' lang='lat' dir='ltr'>Cn.</span> <span class='ocrx_word' id='word_1_123' title='bbox 464 1323 575 1363; x_wconf 78' lang='lat' dir='ltr'>Specta</span> <span class='ocrx_word' id='word_1_124' title='bbox 590 1325 727 1365; x_wconf 78' lang='lat' dir='ltr'>qm’sim.</span> <span class='ocrx_word' id='word_1_125' title='bbox 763 1324 823 1355; x_wconf 91' lang='lat' dir='ltr'>So.</span> <span class='ocrx_word' id='word_1_126' title='bbox 848 1324 919 1362; x_wconf 79' lang='lat' dir='ltr'>Dii,</span> <span class='ocrx_word' id='word_1_127' title='bbox 931 1328 1064 1355; x_wconf 72' lang='lat' dir='ltr'>vestram</span> <span class='ocrx_word' id='word_1_128' title='bbox 1070 1323 1194 1365; x_wconf 86' lang='lat' dir='ltr'>fidem!</span> <span class='ocrx_word' id='word_1_129' title='bbox 1216 1328 1300 1355; x_wconf 82' lang='lat' dir='ltr'>estne</span> <span class='ocrx_word' id='word_1_130' title='bbox 1314 1324 1364 1355; x_wconf 84' lang='lat' dir='ltr'>hic</span> <span class='ocrx_word' id='word_1_131' title='bbox 1379 1322 1528 1365; x_wconf 76' lang='lat' dir='ltr'><strong><em>Stilpho?</em></strong></span> <span class='ocrx_word' id='word_1_132' title='bbox 1567 1324 1636 1355; x_wconf 78' lang='lat' dir='ltr'><strong>CH.</strong></span> 
     </span>
     <span class='ocr_line' id='line_1_18' title="bbox 180 1365 1636 1407; baseline 0.002 -12"><span class='ocrx_word' id='word_1_133' title='bbox 180 1365 325 1397; x_wconf 72' lang='lat' dir='ltr'>Illinime.</span> <span class='ocrx_word' id='word_1_134' title='bbox 371 1367 429 1398; x_wconf 90' lang='lat' dir='ltr'>So.</span> <span class='ocrx_word' id='word_1_135' title='bbox 456 1367 602 1405; x_wconf 78' lang='lat' dir='ltr'>Negasne</span> <span class='ocrx_word' id='word_1_136' title='bbox 624 1370 656 1398; x_wconf 83' lang='lat' dir='ltr'>te</span> <span class='ocrx_word' id='word_1_137' title='bbox 680 1368 759 1398; x_wconf 80' lang='lat' dir='ltr'>hunc</span> <span class='ocrx_word' id='word_1_138' title='bbox 784 1371 872 1398; x_wconf 81' lang='lat' dir='ltr'>esse?</span> <span class='ocrx_word' id='word_1_139' title='bbox 917 1367 985 1398; x_wconf 79' lang='lat' dir='ltr'><strong>CH.</strong></span> <span class='ocrx_word' id='word_1_140' title='bbox 1009 1367 1122 1398; x_wconf 83' lang='lat' dir='ltr'>Secede</span> <span class='ocrx_word' id='word_1_141' title='bbox 1135 1368 1311 1407; x_wconf 74' lang='lat' dir='ltr'>pauxillum</span> <span class='ocrx_word' id='word_1_142' title='bbox 1332 1368 1402 1398; x_wconf 83' lang='lat' dir='ltr'>hinc</span> <span class='ocrx_word' id='word_1_143' title='bbox 1416 1367 1569 1405; x_wconf 77' lang='lat' dir='ltr'>osoribus</span> <span class='ocrx_word' id='word_1_144' title='bbox 1583 1368 1636 1398; x_wconf 85' lang='lat' dir='ltr'>do-</span> 
     </span>
     <span class='ocr_line' id='line_1_19' title="bbox 180 1408 1637 1451; baseline 0.001 -12"><span class='ocrx_word' id='word_1_145' title='bbox 180 1418 261 1445; x_wconf 81' lang='lat' dir='ltr'>mus,</span> <span class='ocrx_word' id='word_1_146' title='bbox 276 1410 318 1440; x_wconf 87' lang='lat' dir='ltr'>ad</span> <span class='ocrx_word' id='word_1_147' title='bbox 331 1408 424 1440; x_wconf 85' lang='lat' dir='ltr'>istam</span> <span class='ocrx_word' id='word_1_148' title='bbox 435 1413 570 1450; x_wconf 81' lang='lat' dir='ltr'>partem,</span> <span class='ocrx_word' id='word_1_149' title='bbox 586 1410 762 1450; x_wconf 82' lang='lat' dir='ltr'><em>Sophrona,</em></span> <span class='ocrx_word' id='word_1_150' title='bbox 777 1421 814 1441; x_wconf 83' lang='lat' dir='ltr'>ne</span> <span class='ocrx_word' id='word_1_151' title='bbox 830 1420 876 1441; x_wconf 82' lang='lat' dir='ltr'>me</span> <span class='ocrx_word' id='word_1_152' title='bbox 896 1410 957 1441; x_wconf 80' lang='lat' dir='ltr'>isto</span> <span class='ocrx_word' id='word_1_153' title='bbox 972 1411 1092 1441; x_wconf 82' lang='lat' dir='ltr'>nomine</span> <span class='ocrx_word' id='word_1_154' title='bbox 1109 1410 1282 1450; x_wconf 73' lang='lat' dir='ltr'>Stilphom&#39;s</span> <span class='ocrx_word' id='word_1_155' title='bbox 1293 1411 1422 1451; x_wconf 80' lang='lat' dir='ltr'>posthac</span> <span class='ocrx_word' id='word_1_156' title='bbox 1436 1420 1533 1441; x_wconf 81' lang='lat' dir='ltr'>voces.</span> <span class='ocrx_word' id='word_1_157' title='bbox 1577 1410 1637 1441; x_wconf 87' lang='lat' dir='ltr'>So.</span> 
     </span>
     <span class='ocr_line' id='line_1_20' title="bbox 183 1451 1635 1494; baseline 0.001 -12"><span class='ocrx_word' id='word_1_158' title='bbox 183 1451 291 1487; x_wconf 75' lang='lat' dir='ltr'>Quid?</span> <span class='ocrx_word' id='word_1_159' title='bbox 312 1462 411 1483; x_wconf 86' lang='lat' dir='ltr'>nonne</span> <span class='ocrx_word' id='word_1_160' title='bbox 426 1453 525 1484; x_wconf 78' lang='lat' dir='ltr'>adhuc</span> <span class='ocrx_word' id='word_1_161' title='bbox 540 1453 580 1492; x_wconf 80' lang='lat' dir='ltr'>is,</span> <span class='ocrx_word' id='word_1_162' title='bbox 601 1464 715 1493; x_wconf 74' lang='lat' dir='ltr'>qztceso,</span> <span class='ocrx_word' id='word_1_163' title='bbox 737 1464 780 1493; x_wconf 81' lang='lat' dir='ltr'>es,</span> <span class='ocrx_word' id='word_1_164' title='bbox 801 1464 888 1493; x_wconf 80' lang='lat' dir='ltr'>quem</span> <span class='ocrx_word' id='word_1_165' title='bbox 902 1462 1019 1494; x_wconf 80' lang='lat' dir='ltr'>semper</span> <span class='ocrx_word' id='word_1_166' title='bbox 1034 1456 1065 1485; x_wconf 81' lang='lat' dir='ltr'>te</span> <span class='ocrx_word' id='word_1_167' title='bbox 1079 1463 1143 1484; x_wconf 86' lang='lat' dir='ltr'>esse</span> <span class='ocrx_word' id='word_1_168' title='bbox 1165 1454 1339 1485; x_wconf 70' lang='lat' dir='ltr'>dictita-sti?</span> <span class='ocrx_word' id='word_1_169' title='bbox 1385 1454 1455 1485; x_wconf 77' lang='lat' dir='ltr'><strong>CH.</strong></span> <span class='ocrx_word' id='word_1_170' title='bbox 1480 1454 1530 1485; x_wconf 84' lang='lat' dir='ltr'>St.</span> <span class='ocrx_word' id='word_1_171' title='bbox 1576 1453 1635 1484; x_wconf 90' lang='lat' dir='ltr'>So.</span> 
     </span>
    </p>
   </div>
   <div class='ocr_carea' id='block_1_6' title="bbox 786 1539 1024 1551">
    <p class='ocr_par' dir='ltr' id='par_1_9' title="bbox 786 1539 1024 1551">
     <span class='ocr_line' id='line_1_21' title="bbox 786 1539 1024 1551; baseline 0.004 -1"><span class='ocrx_word' id='word_1_172' title='bbox 786 1539 804 1550; x_wconf 69' lang='lat' dir='ltr'>e</span> <span class='ocrx_word' id='word_1_173' title='bbox 809 1539 883 1550; x_wconf 62' lang='lat' dir='ltr'>‘ee-0·</span> <span class='ocrx_word' id='word_1_174' title='bbox 887 1539 1024 1551; x_wconf 54' lang='lat' dir='ltr'>eunte</span> 
     </span>
    </p>
   </div>
   <div class='ocr_carea' id='block_1_7' title="bbox 177 1597 1637 2843">
    <p class='ocr_par' dir='ltr' id='par_1_10' title="bbox 177 1597 1637 2843">
     <span class='ocr_line' id='line_1_22' title="bbox 179 1597 1637 1639; baseline 0.002 -11"><span class='ocrx_word' id='word_1_175' title='bbox 179 1598 189 1615; x_wconf 89' lang='lat'>‘</span> <span class='ocrx_word' id='word_1_176' title='bbox 202 1597 321 1629; x_wconf 78' lang='lat' dir='ltr'>Nostri</span> <span class='ocrx_word' id='word_1_177' title='bbox 336 1607 452 1629; x_wconf 89' lang='lat' dir='ltr'>omnes</span> <span class='ocrx_word' id='word_1_178' title='bbox 468 1609 570 1639; x_wconf 86' lang='lat' dir='ltr'>agam.</span> <span class='ocrx_word' id='word_1_179' title='bbox 594 1599 717 1631; x_wconf 83' lang='lat' dir='ltr'>Placet</span> <span class='ocrx_word' id='word_1_180' title='bbox 733 1609 804 1639; x_wconf 86' lang='lat' dir='ltr'>ago,</span> <span class='ocrx_word' id='word_1_181' title='bbox 819 1604 857 1631; x_wconf 86' lang='lat' dir='ltr'>ut</span> <span class='ocrx_word' id='word_1_182' title='bbox 873 1609 952 1631; x_wconf 85' lang='lat' dir='ltr'>mox</span> <span class='ocrx_word' id='word_1_183' title='bbox 961 1599 1062 1639; x_wconf 83' lang='lat' dir='ltr'>Adeo,</span> <span class='ocrx_word' id='word_1_184' title='bbox 1076 1610 1192 1631; x_wconf 83' lang='lat' dir='ltr'>maneo.</span> <span class='ocrx_word' id='word_1_185' title='bbox 1209 1600 1312 1631; x_wconf 83' lang='lat' dir='ltr'>Bent.</span> <span class='ocrx_word' id='word_1_186' title='bbox 1327 1609 1386 1638; x_wconf 86' lang='lat' dir='ltr'>ago</span> <span class='ocrx_word' id='word_1_187' title='bbox 1403 1599 1488 1630; x_wconf 83' lang='lat' dir='ltr'><strong>Mss.</strong></span> <span class='ocrx_word' id='word_1_188' title='bbox 1504 1599 1637 1631; x_wconf 84' lang='lat' dir='ltr'>Leidd.’</span> 
     </span>
     <span class='ocr_line' id='line_1_23' title="bbox 180 1641 1636 1684; baseline 0.001 -12"><span class='ocrx_word' id='word_1_189' title='bbox 180 1641 367 1672; x_wconf 61' lang='lat' dir='ltr'>Boni—10</span> <span class='ocrx_word' id='word_1_190' title='bbox 386 1641 450 1676; x_wconf 78' lang='lat' dir='ltr'>Qui</span> <span class='ocrx_word' id='word_1_191' title='bbox 461 1645 607 1682; x_wconf 78' lang='lat' dir='ltr'>estpater</span> <span class='ocrx_word' id='word_1_192' title='bbox 621 1644 685 1683; x_wconf 81' lang='lat' dir='ltr'>ejus</span> <span class='ocrx_word' id='word_1_193' title='bbox 699 1643 757 1674; x_wconf 74' lang='grc' dir='ltr'>ΒΓ.</span> <span class='ocrx_word' id='word_1_194' title='bbox 781 1644 790 1660; x_wconf 90' lang='lat'>‘</span> <span class='ocrx_word' id='word_1_195' title='bbox 805 1643 889 1678; x_wconf 80' lang='lat' dir='ltr'>Quid</span> <span class='ocrx_word' id='word_1_196' title='bbox 902 1652 964 1684; x_wconf 90' lang='lat' dir='ltr'>pro</span> <span class='ocrx_word' id='word_1_197' title='bbox 983 1644 1048 1679; x_wconf 66' lang='lat' dir='ltr'>Qui·</span> <span class='ocrx_word' id='word_1_198' title='bbox 1063 1643 1142 1674; x_wconf 90' lang='lat' dir='ltr'>Par.</span> <span class='ocrx_word' id='word_1_199' title='bbox 1160 1643 1277 1674; x_wconf 84' lang='lat' dir='ltr'>nescio</span> <span class='ocrx_word' id='word_1_200' title='bbox 1293 1642 1406 1674; x_wconf 88' lang='lat' dir='ltr'>unde.&#39;</span> <span class='ocrx_word' id='word_1_201' title='bbox 1433 1643 1517 1674; x_wconf 84' lang='lat' dir='ltr'>Perl.</span> <span class='ocrx_word' id='word_1_202' title='bbox 1562 1645 1571 1660; x_wconf 90' lang='lat'>‘</span> <span class='ocrx_word' id='word_1_203' title='bbox 1584 1644 1636 1674; x_wconf 75' lang='lat' dir='ltr'>Ex</span> 
     </span>
     <span class='ocr_line' id='line_1_24' title="bbox 179 1683 1635 1726; baseline 0.001 -12"><span class='ocrx_word' id='word_1_204' title='bbox 179 1683 278 1717; x_wconf 83' lang='lat' dir='ltr'>Bem.</span> <span class='ocrx_word' id='word_1_205' title='bbox 296 1689 331 1714; x_wconf 91' lang='lat' dir='ltr'>et</span> <span class='ocrx_word' id='word_1_206' title='bbox 349 1685 477 1715; x_wconf 85' lang='lat' dir='ltr'>ratione</span> <span class='ocrx_word' id='word_1_207' title='bbox 493 1685 766 1725; x_wconf 84' lang='lat' dir='ltr'>trocliaici‚adeo‚</span> <span class='ocrx_word' id='word_1_208' title='bbox 781 1695 900 1724; x_wconf 79' lang='lat' dir='ltr'>maneo,</span> <span class='ocrx_word' id='word_1_209' title='bbox 913 1687 985 1717; x_wconf 82' lang='lat' dir='ltr'>dum</span> <span class='ocrx_word' id='word_1_210' title='bbox 1000 1687 1065 1717; x_wconf 80' lang='lat' dir='ltr'>hoec</span> <span class='ocrx_word' id='word_1_211' title='bbox 1080 1696 1147 1726; x_wconf 77' lang='lat' dir='ltr'>quse</span> <span class='ocrx_word' id='word_1_212' title='bbox 1161 1687 1309 1726; x_wconf 76' lang='lat' dir='ltr'>loquitur,</span> <span class='ocrx_word' id='word_1_213' title='bbox 1325 1690 1362 1716; x_wconf 91' lang='lat' dir='ltr'>et</span> <span class='ocrx_word' id='word_1_214' title='bbox 1377 1689 1429 1715; x_wconf 87' lang='lat' dir='ltr'>est</span> <span class='ocrx_word' id='word_1_215' title='bbox 1442 1685 1538 1725; x_wconf 85' lang='lat' dir='ltr'>ordo,</span> <span class='ocrx_word' id='word_1_216' title='bbox 1555 1686 1635 1717; x_wconf 85' lang='lat' dir='ltr'>dum</span> 
     </span>
     <span class='ocr_line' id='line_1_25' title="bbox 177 1727 1637 1769; baseline 0.002 -12"><span class='ocrx_word' id='word_1_217' title='bbox 177 1727 284 1767; x_wconf 87' lang='lat' dir='ltr'>magis</span> <span class='ocrx_word' id='word_1_218' title='bbox 302 1736 482 1767; x_wconf 78' lang='lat' dir='ltr'>cognosce,</span> <span class='ocrx_word' id='word_1_219' title='bbox 506 1737 580 1768; x_wconf 85' lang='lat' dir='ltr'>quae</span> <span class='ocrx_word' id='word_1_220' title='bbox 595 1728 668 1759; x_wconf 79' lang='lat' dir='ltr'>haec</span> <span class='ocrx_word' id='word_1_221' title='bbox 687 1729 859 1769; x_wconf 62' lang='lat' dir='ltr'>loquitur!</span> <span class='ocrx_word' id='word_1_222' title='bbox 883 1729 941 1760; x_wconf 85' lang='lat' dir='ltr'>Fa.</span> <span class='ocrx_word' id='word_1_223' title='bbox 986 1734 994 1746; x_wconf 94' lang='lat'><em>‘</em></span> <span class='ocrx_word' id='word_1_224' title='bbox 1010 1730 1074 1764; x_wconf 81' lang='lat' dir='ltr'>Qui</span> <span class='ocrx_word' id='word_1_225' title='bbox 1090 1733 1136 1760; x_wconf 84' lang='lat' dir='ltr'>est</span> <span class='ocrx_word' id='word_1_226' title='bbox 1148 1729 1213 1768; x_wconf 77' lang='lat' dir='ltr'>ejus</span> <span class='ocrx_word' id='word_1_227' title='bbox 1227 1732 1327 1768; x_wconf 80' lang='lat' dir='ltr'>pater.</span> <span class='ocrx_word' id='word_1_228' title='bbox 1372 1727 1486 1760; x_wconf 75' lang='lat' dir='ltr'>Adeo?</span> <span class='ocrx_word' id='word_1_229' title='bbox 1507 1734 1637 1760; x_wconf 81' lang='lat' dir='ltr'>maneo?</span> 
     </span>
     <span class='ocr_line' id='line_1_26' title="bbox 179 1770 1636 1813; baseline 0.003 -13"><span class='ocrx_word' id='word_1_230' title='bbox 179 1771 253 1800; x_wconf 76' lang='lat' dir='ltr'>dum</span> <span class='ocrx_word' id='word_1_231' title='bbox 267 1780 303 1801; x_wconf 86' lang='lat' dir='ltr'>ea</span> <span class='ocrx_word' id='word_1_232' title='bbox 318 1780 385 1810; x_wconf 81' lang='lat' dir='ltr'>quoe</span> <span class='ocrx_word' id='word_1_233' title='bbox 399 1770 547 1810; x_wconf 80' lang='lat' dir='ltr'>loquitur,</span> <span class='ocrx_word' id='word_1_234' title='bbox 571 1772 672 1809; x_wconf 82' lang='lat' dir='ltr'>magis</span> <span class='ocrx_word' id='word_1_235' title='bbox 685 1781 842 1810; x_wconf 82' lang='lat' dir='ltr'>cognosco.</span> <span class='ocrx_word' id='word_1_236' title='bbox 886 1771 944 1802; x_wconf 92' lang='lat' dir='ltr'>Sic</span> <span class='ocrx_word' id='word_1_237' title='bbox 958 1772 992 1802; x_wconf 90' lang='lat' dir='ltr'>in</span> <span class='ocrx_word' id='word_1_238' title='bbox 1008 1771 1131 1802; x_wconf 74' lang='lat' dir='ltr'>Faerni</span> <span class='ocrx_word' id='word_1_239' title='bbox 1148 1772 1299 1802; x_wconf 82' lang='lat' dir='ltr'>editione</span> <span class='ocrx_word' id='word_1_240' title='bbox 1316 1775 1368 1802; x_wconf 76' lang='lat' dir='ltr'>est</span> <span class='ocrx_word' id='word_1_241' title='bbox 1382 1782 1389 1801; x_wconf 90' lang='lat'>:</span> <span class='ocrx_word' id='word_1_242' title='bbox 1415 1771 1475 1802; x_wconf 88' lang='lat' dir='ltr'>sed</span> <span class='ocrx_word' id='word_1_243' title='bbox 1491 1778 1636 1813; x_wconf 84' lang='lat' dir='ltr'>apparet</span> 
     </span>
     <span class='ocr_line' id='line_1_27' title="bbox 179 1813 1636 1854; baseline 0.001 -11"><span class='ocrx_word' id='word_1_244' title='bbox 179 1821 257 1843; x_wconf 90' lang='lat' dir='ltr'>eum</span> <span class='ocrx_word' id='word_1_245' title='bbox 274 1813 433 1852; x_wconf 89' lang='lat' dir='ltr'>voluisse,</span> <span class='ocrx_word' id='word_1_246' title='bbox 458 1813 523 1844; x_wconf 83' lang='lat' dir='ltr'>lzaec</span> <span class='ocrx_word' id='word_1_247' title='bbox 537 1823 603 1854; x_wconf 82' lang='lat' dir='ltr'>quae</span> <span class='ocrx_word' id='word_1_248' title='bbox 618 1814 766 1854; x_wconf 79' lang='lat' dir='ltr'>loquitur,</span> <span class='ocrx_word' id='word_1_249' title='bbox 792 1825 833 1845; x_wconf 85' lang='lat' dir='ltr'>ex</span> <span class='ocrx_word' id='word_1_250' title='bbox 852 1814 1038 1853; x_wconf 87' lang='lat' dir='ltr'>Bembino;</span> <span class='ocrx_word' id='word_1_251' title='bbox 1063 1819 1100 1846; x_wconf 90' lang='lat' dir='ltr'>ut</span> <span class='ocrx_word' id='word_1_252' title='bbox 1114 1815 1179 1846; x_wconf 71' lang='lat' dir='ltr'>laec</span> <span class='ocrx_word' id='word_1_253' title='bbox 1193 1815 1238 1846; x_wconf 90' lang='lat' dir='ltr'>sit</span> <span class='ocrx_word' id='word_1_254' title='bbox 1255 1824 1334 1845; x_wconf 88' lang='lat' dir='ltr'>casu</span> <span class='ocrx_word' id='word_1_255' title='bbox 1353 1818 1447 1845; x_wconf 86' lang='lat' dir='ltr'>recto</span> <span class='ocrx_word' id='word_1_256' title='bbox 1461 1815 1636 1854; x_wconf 79' lang='lat' dir='ltr'>singulari.</span> 
     </span>
     <span class='ocr_line' id='line_1_28' title="bbox 179 1855 1636 1899; baseline 0.002 -14"><span class='ocrx_word' id='word_1_257' title='bbox 179 1855 300 1887; x_wconf 84' lang='lat' dir='ltr'>Nostri</span> <span class='ocrx_word' id='word_1_258' title='bbox 316 1865 433 1886; x_wconf 89' lang='lat' dir='ltr'>omnes</span> <span class='ocrx_word' id='word_1_259' title='bbox 455 1866 513 1893; x_wconf 87' lang='lat' dir='ltr'>ea,·</span> <span class='ocrx_word' id='word_1_260' title='bbox 536 1856 596 1887; x_wconf 88' lang='lat' dir='ltr'>sed</span> <span class='ocrx_word' id='word_1_261' title='bbox 621 1857 763 1888; x_wconf 89' lang='lat' dir='ltr'>alterum</span> <span class='ocrx_word' id='word_1_262' title='bbox 782 1858 924 1896; x_wconf 86' lang='lat' dir='ltr'>rectius,</span> <span class='ocrx_word' id='word_1_263' title='bbox 951 1862 988 1888; x_wconf 92' lang='lat' dir='ltr'>ut</span> <span class='ocrx_word' id='word_1_264' title='bbox 1003 1856 1091 1888; x_wconf 84' lang='lat' dir='ltr'>infra</span> <span class='ocrx_word' id='word_1_265' title='bbox 1107 1867 1138 1888; x_wconf 90' lang='lat' dir='ltr'><strong>v.</strong></span> <span class='ocrx_word' id='word_1_266' title='bbox 1162 1861 1193 1888; x_wconf 89' lang='grc'>6.</span> <span class='ocrx_word' id='word_1_267' title='bbox 1211 1860 1241 1888; x_wconf 89' lang='grc'>6.</span> <span class='ocrx_word' id='word_1_268' title='bbox 1268 1858 1276 1874; x_wconf 92' lang='lat'>‘</span> <span class='ocrx_word' id='word_1_269' title='bbox 1292 1858 1382 1888; x_wconf 80' lang='lat' dir='ltr'>Num</span> <span class='ocrx_word' id='word_1_270' title='bbox 1399 1862 1435 1888; x_wconf 84' lang='lat' dir='ltr'>tu</span> <span class='ocrx_word' id='word_1_271' title='bbox 1452 1857 1636 1899; x_wconf 85' lang='lat' dir='ltr'>intellegis,</span> 
     </span>
     <span class='ocr_line' id='line_1_29' title="bbox 177 1897 1636 1940; baseline 0.003 -12"><span class='ocrx_word' id='word_1_272' title='bbox 177 1897 232 1929; x_wconf 86' lang='lat' dir='ltr'>hie</span> <span class='ocrx_word' id='word_1_273' title='bbox 247 1898 330 1940; x_wconf 91' lang='lat' dir='ltr'>quid</span> <span class='ocrx_word' id='word_1_274' title='bbox 346 1904 459 1929; x_wconf 87' lang='lat' dir='ltr'>narret</span> <span class='ocrx_word' id='word_1_275' title='bbox 470 1898 492 1929; x_wconf 86' lang='lat'>?&#39;</span> <span class='ocrx_word' id='word_1_276' title='bbox 517 1899 604 1930; x_wconf 88' lang='lat' dir='ltr'>Eun.</span> <span class='ocrx_word' id='word_1_277' title='bbox 621 1908 655 1930; x_wconf 89' lang='lat' dir='ltr'><strong>v.</strong></span> <span class='ocrx_word' id='word_1_278' title='bbox 671 1903 703 1932; x_wconf 87' lang='grc'>9.</span> <span class='ocrx_word' id='word_1_279' title='bbox 718 1903 750 1931; x_wconf 88' lang='grc'>7.</span> <span class='ocrx_word' id='word_1_280' title='bbox 769 1901 777 1916; x_wconf 88' lang='lat'><em>‘</em></span> <span class='ocrx_word' id='word_1_281' title='bbox 790 1900 903 1931; x_wconf 87' lang='lat' dir='ltr'>Audin</span> <span class='ocrx_word' id='word_1_282' title='bbox 919 1904 969 1937; x_wconf 85' lang='lat' dir='ltr'>tu,</span> <span class='ocrx_word' id='word_1_283' title='bbox 985 1900 1038 1931; x_wconf 88' lang='lat' dir='ltr'>hic</span> <span class='ocrx_word' id='word_1_284' title='bbox 1055 1900 1137 1940; x_wconf 87' lang='lat' dir='ltr'>quid</span> <span class='ocrx_word' id='word_1_285' title='bbox 1154 1899 1234 1932; x_wconf 67' lang='lat' dir='ltr'>ait?</span> <span class='ocrx_word' id='word_1_286' title='bbox 1258 1900 1367 1931; x_wconf 86' lang='lat' dir='ltr'>Porro</span> <span class='ocrx_word' id='word_1_287' title='bbox 1383 1909 1498 1931; x_wconf 79' lang='lat' dir='ltr'>ornnes</span> <span class='ocrx_word' id='word_1_288' title='bbox 1515 1902 1636 1940; x_wconf 81' lang='lat' dir='ltr'>nostri,</span> 
     </span>
     <span class='ocr_line' id='line_1_30' title="bbox 177 1942 1636 1985; baseline 0.001 -13"><span class='ocrx_word' id='word_1_289' title='bbox 177 1942 287 1972; x_wconf 82' lang='lat' dir='ltr'>Adeon</span> <span class='ocrx_word' id='word_1_290' title='bbox 299 1952 339 1972; x_wconf 90' lang='lat' dir='ltr'>an</span> <span class='ocrx_word' id='word_1_291' title='bbox 354 1951 471 1972; x_wconf 79' lang='lat' dir='ltr'>manco.</span> <span class='ocrx_word' id='word_1_292' title='bbox 507 1942 609 1981; x_wconf 78' lang='lat' dir='ltr'>Lege,</span> <span class='ocrx_word' id='word_1_293' title='bbox 621 1942 708 1973; x_wconf 86' lang='lat' dir='ltr'>Adeo</span> <span class='ocrx_word' id='word_1_294' title='bbox 721 1953 762 1974; x_wconf 85' lang='lat' dir='ltr'>an</span> <span class='ocrx_word' id='word_1_295' title='bbox 777 1953 904 1980; x_wconf 88' lang='lat' dir='ltr'>maneo;</span> <span class='ocrx_word' id='word_1_296' title='bbox 921 1953 1032 1985; x_wconf 89' lang='lat' dir='ltr'>neque</span> <span class='ocrx_word' id='word_1_297' title='bbox 1045 1943 1099 1974; x_wconf 85' lang='lat' dir='ltr'>hic</span> <span class='ocrx_word' id='word_1_298' title='bbox 1116 1943 1285 1974; x_wconf 82' lang='lat' dir='ltr'>Beinbino</span> <span class='ocrx_word' id='word_1_299' title='bbox 1299 1943 1462 1974; x_wconf 84' lang='lat' dir='ltr'>ausculta.</span> <span class='ocrx_word' id='word_1_300' title='bbox 1493 1944 1636 1975; x_wconf 86' lang='lat' dir='ltr'>Plautus</span> 
     </span>
     <span class='ocr_line' id='line_1_31' title="bbox 178 1982 1634 2026; baseline 0.003 -12"><span class='ocrx_word' id='word_1_301' title='bbox 178 1982 257 2017; x_wconf 79' lang='lat' dir='ltr'>Aul.</span> <span class='ocrx_word' id='word_1_302' title='bbox 280 1993 330 2015; x_wconf 92' lang='lat' dir='ltr'><strong>1v.</strong></span> <span class='ocrx_word' id='word_1_303' title='bbox 347 1987 380 2015; x_wconf 87' lang='grc'>9.</span> <span class='ocrx_word' id='word_1_304' title='bbox 397 1987 450 2016; x_wconf 77' lang='grc'>20.</span> <span class='ocrx_word' id='word_1_305' title='bbox 475 1984 484 2001; x_wconf 89' lang='lat'>‘</span> <span class='ocrx_word' id='word_1_306' title='bbox 499 1984 591 2017; x_wconf 84' lang='lat' dir='ltr'>Quid</span> <span class='ocrx_word' id='word_1_307' title='bbox 607 1987 726 2026; x_wconf 85' lang='lat' dir='ltr'>agam?</span> <span class='ocrx_word' id='word_1_308' title='bbox 748 1985 866 2017; x_wconf 81' lang='lat' dir='ltr'>abeam</span> <span class='ocrx_word' id='word_1_309' title='bbox 883 1996 927 2016; x_wconf 80' lang='lat' dir='ltr'>an</span> <span class='ocrx_word' id='word_1_310' title='bbox 943 1986 1120 2017; x_wconf 86' lang='lat' dir='ltr'>maneam?</span> <span class='ocrx_word' id='word_1_311' title='bbox 1144 1987 1263 2017; x_wconf 80' lang='lat' dir='ltr'>adeam</span> <span class='ocrx_word' id='word_1_312' title='bbox 1282 1996 1324 2016; x_wconf 84' lang='lat' dir='ltr'>an</span> <span class='ocrx_word' id='word_1_313' title='bbox 1351 1985 1476 2026; x_wconf 85' lang='lat' dir='ltr'>fugiam</span> <span class='ocrx_word' id='word_1_314' title='bbox 1489 1986 1511 2017; x_wconf 66' lang='grc' dir='ltr'>ξ’</span> <span class='ocrx_word' id='word_1_315' title='bbox 1549 1988 1634 2018; x_wconf 86' lang='lat' dir='ltr'>Cur-</span> 
     </span>
     <span class='ocr_line' id='line_1_32' title="bbox 179 2027 1636 2069; baseline 0.003 -12"><span class='ocrx_word' id='word_1_316' title='bbox 179 2027 248 2058; x_wconf 89' lang='lat' dir='ltr'>cul.</span> <span class='ocrx_word' id='word_1_317' title='bbox 264 2036 314 2058; x_wconf 91' lang='lat' dir='ltr'><strong>1v.</strong></span> <span class='ocrx_word' id='word_1_318' title='bbox 334 2029 365 2058; x_wconf 84' lang='grc'>4.</span> <span class='ocrx_word' id='word_1_319' title='bbox 381 2029 432 2058; x_wconf 81' lang='lat'><strong>33.</strong></span> <span class='ocrx_word' id='word_1_320' title='bbox 456 2030 465 2044; x_wconf 88' lang='lat'>‘</span> <span class='ocrx_word' id='word_1_321' title='bbox 479 2028 568 2059; x_wconf 82' lang='lat' dir='ltr'>Quid</span> <span class='ocrx_word' id='word_1_322' title='bbox 587 2037 650 2068; x_wconf 86' lang='lat' dir='ltr'>ego</span> <span class='ocrx_word' id='word_1_323' title='bbox 665 2027 810 2060; x_wconf 84' lang='lat' dir='ltr'>faciam?</span> <span class='ocrx_word' id='word_1_324' title='bbox 837 2038 988 2060; x_wconf 86' lang='lat' dir='ltr'>maneam</span> <span class='ocrx_word' id='word_1_325' title='bbox 1013 2039 1054 2060; x_wconf 86' lang='lat' dir='ltr'>an</span> <span class='ocrx_word' id='word_1_326' title='bbox 1081 2029 1236 2060; x_wconf 63' lang='lat' dir='ltr'>abeam?</span> <span class='ocrx_word' id='word_1_327' title='bbox 1259 2029 1396 2060; x_wconf 85' lang='lat' dir='ltr'>Deinde</span> <span class='ocrx_word' id='word_1_328' title='bbox 1421 2039 1482 2069; x_wconf 90' lang='lat' dir='ltr'>pro</span> <span class='ocrx_word' id='word_1_329' title='bbox 1511 2030 1575 2064; x_wconf 82' lang='lat' dir='ltr'>Qui</span> <span class='ocrx_word' id='word_1_330' title='bbox 1589 2034 1636 2061; x_wconf 74' lang='lat' dir='ltr'>est</span> 
     </span>
     <span class='ocr_line' id='line_1_33' title="bbox 177 2069 1633 2113; baseline 0.003 -14"><span class='ocrx_word' id='word_1_331' title='bbox 177 2069 244 2107; x_wconf 73' lang='lat' dir='ltr'>ejus</span> <span class='ocrx_word' id='word_1_332' title='bbox 256 2073 358 2110; x_wconf 77' lang='lat' dir='ltr'>pater,</span> <span class='ocrx_word' id='word_1_333' title='bbox 379 2071 487 2100; x_wconf 84' lang='lat' dir='ltr'>nostri</span> <span class='ocrx_word' id='word_1_334' title='bbox 506 2080 621 2101; x_wconf 90' lang='lat' dir='ltr'>omnes</span> <span class='ocrx_word' id='word_1_335' title='bbox 647 2072 713 2106; x_wconf 76' lang='lat' dir='ltr'>Qui</span> <span class='ocrx_word' id='word_1_336' title='bbox 737 2075 783 2102; x_wconf 75' lang='lat' dir='ltr'>est</span> <span class='ocrx_word' id='word_1_337' title='bbox 803 2076 893 2111; x_wconf 79' lang='lat' dir='ltr'>pater</span> <span class='ocrx_word' id='word_1_338' title='bbox 917 2072 1002 2111; x_wconf 72' lang='lat' dir='ltr'>ejus:</span> <span class='ocrx_word' id='word_1_339' title='bbox 1024 2076 1183 2103; x_wconf 85' lang='lat' dir='ltr'>neutrum</span> <span class='ocrx_word' id='word_1_340' title='bbox 1209 2072 1344 2112; x_wconf 84' lang='lat' dir='ltr'>placet;</span> <span class='ocrx_word' id='word_1_341' title='bbox 1367 2073 1445 2113; x_wconf 82' lang='lat' dir='ltr'>quia</span> <span class='ocrx_word' id='word_1_342' title='bbox 1463 2072 1560 2104; x_wconf 80' lang='lat' dir='ltr'>Pater</span> <span class='ocrx_word' id='word_1_343' title='bbox 1575 2083 1633 2104; x_wconf 81' lang='lat' dir='ltr'>ex-</span> 
     </span>
     <span class='ocr_line' id='line_1_34' title="bbox 178 2113 1634 2155; baseline 0.003 -13"><span class='ocrx_word' id='word_1_344' title='bbox 178 2118 231 2143; x_wconf 76' lang='lat' dir='ltr'>tra</span> <span class='ocrx_word' id='word_1_345' title='bbox 247 2113 352 2143; x_wconf 86' lang='lat' dir='ltr'>ictum</span> <span class='ocrx_word' id='word_1_346' title='bbox 371 2113 520 2151; x_wconf 86' lang='lat' dir='ltr'>ponitur.</span> <span class='ocrx_word' id='word_1_347' title='bbox 566 2113 720 2153; x_wconf 85' lang='lat' dir='ltr'>Repone,</span> <span class='ocrx_word' id='word_1_348' title='bbox 747 2114 811 2149; x_wconf 80' lang='lat' dir='ltr'>Qui</span> <span class='ocrx_word' id='word_1_349' title='bbox 833 2115 898 2153; x_wconf 82' lang='lat' dir='ltr'>ejus</span> <span class='ocrx_word' id='word_1_350' title='bbox 920 2118 1011 2155; x_wconf 76' lang='lat' dir='ltr'>patei·</span> <span class='ocrx_word' id='word_1_351' title='bbox 1032 2118 1090 2147; x_wconf 85' lang='lat' dir='ltr'>est.</span> <span class='ocrx_word' id='word_1_352' title='bbox 1134 2115 1243 2146; x_wconf 83' lang='lat' dir='ltr'>Adeo?</span> <span class='ocrx_word' id='word_1_353' title='bbox 1265 2125 1305 2145; x_wconf 84' lang='lat' dir='ltr'>an</span> <span class='ocrx_word' id='word_1_354' title='bbox 1329 2125 1449 2154; x_wconf 82' lang='lat' dir='ltr'>maneo,</span> <span class='ocrx_word' id='word_1_355' title='bbox 1471 2116 1544 2146; x_wconf 78' lang='lat' dir='ltr'>dam</span> <span class='ocrx_word' id='word_1_356' title='bbox 1569 2116 1634 2148; x_wconf 80' lang='lat' dir='ltr'>haec</span> 
     </span>
     <span class='ocr_line' id='line_1_35' title="bbox 178 2155 1636 2200; baseline 0.003 -14"><span class='ocrx_word' id='word_1_357' title='bbox 178 2165 245 2197; x_wconf 77' lang='lat' dir='ltr'>quoe</span> <span class='ocrx_word' id='word_1_358' title='bbox 260 2155 396 2196; x_wconf 80' lang='lat' dir='ltr'>loquitur</span> <span class='ocrx_word' id='word_1_359' title='bbox 409 2156 512 2194; x_wconf 75' lang='lat' dir='ltr'>magis</span> <span class='ocrx_word' id='word_1_360' title='bbox 525 2165 673 2195; x_wconf 80' lang='lat' dir='ltr'>cognosco</span> <span class='ocrx_word' id='word_1_361' title='bbox 683 2156 706 2187; x_wconf 62' lang='grc' dir='ltr'><em>Τ</em></span> <span class='ocrx_word' id='word_1_362' title='bbox 730 2157 834 2188; x_wconf 84' lang='lat' dir='ltr'>Bent.</span> <span class='ocrx_word' id='word_1_363' title='bbox 853 2163 888 2189; x_wconf 91' lang='lat' dir='ltr'>et</span> <span class='ocrx_word' id='word_1_364' title='bbox 904 2158 953 2188; x_wconf 91' lang='lat' dir='ltr'>sic</span> <span class='ocrx_word' id='word_1_365' title='bbox 970 2158 1071 2189; x_wconf 85' lang='lat' dir='ltr'>Both.</span> <span class='ocrx_word' id='word_1_366' title='bbox 1106 2158 1115 2174; x_wconf 88' lang='lat'>‘</span> <span class='ocrx_word' id='word_1_367' title='bbox 1129 2158 1238 2189; x_wconf 82' lang='lat' dir='ltr'>Adeon</span> <span class='ocrx_word' id='word_1_368' title='bbox 1254 2158 1309 2189; x_wconf 90' lang='lat' dir='ltr'>vel</span> <span class='ocrx_word' id='word_1_369' title='bbox 1324 2160 1437 2189; x_wconf 84' lang='lat' dir='ltr'>adeone</span> <span class='ocrx_word' id='word_1_370' title='bbox 1452 2158 1529 2190; x_wconf 87' lang='lat' dir='ltr'>edd.</span> <span class='ocrx_word' id='word_1_371' title='bbox 1547 2166 1636 2200; x_wconf 70' lang='lat' dir='ltr'>prae:</span> 
     </span>
     <span class='ocr_line' id='line_1_36' title="bbox 177 2198 1635 2233; baseline 0.002 -3"><span class='ocrx_word' id='word_1_372' title='bbox 177 2198 395 2231; x_wconf 77' lang='lat' dir='ltr'>stantissimae</span> <span class='ocrx_word' id='word_1_373' title='bbox 411 2208 488 2230; x_wconf 88' lang='lat' dir='ltr'>cnm</span> <span class='ocrx_word' id='word_1_374' title='bbox 505 2199 549 2230; x_wconf 88' lang='lat' dir='ltr'><strong>G.</strong></span> <span class='ocrx_word' id='word_1_375' title='bbox 566 2204 602 2229; x_wconf 90' lang='lat' dir='ltr'>et</span> <span class='ocrx_word' id='word_1_376' title='bbox 620 2199 729 2230; x_wconf 89' lang='lat' dir='ltr'>Witt.&#39;</span> <span class='ocrx_word' id='word_1_377' title='bbox 756 2200 850 2231; x_wconf 79' lang='lat' dir='ltr'>West.</span> <span class='ocrx_word' id='word_1_378' title='bbox 892 2201 966 2231; x_wconf 89' lang='lat' dir='ltr'>adeo</span> <span class='ocrx_word' id='word_1_379' title='bbox 988 2210 1094 2232; x_wconf 84' lang='lat' dir='ltr'>maneo</span> <span class='ocrx_word' id='word_1_380' title='bbox 1110 2199 1191 2232; x_wconf 84' lang='lat' dir='ltr'>Par.</span> <span class='ocrx_word' id='word_1_381' title='bbox 1234 2202 1342 2232; x_wconf 80' lang='lat' dir='ltr'>adeam</span> <span class='ocrx_word' id='word_1_382' title='bbox 1359 2199 1475 2232; x_wconf 83' lang='lat' dir='ltr'>Guelf.</span> <span class='ocrx_word' id='word_1_383' title='bbox 1499 2203 1529 2233; x_wconf 85' lang='lat'><strong>3.</strong></span> <span class='ocrx_word' id='word_1_384' title='bbox 1556 2211 1635 2233; x_wconf 74' lang='lat' dir='ltr'>mox</span> 
     </span>
     <span class='ocr_line' id='line_1_37' title="bbox 177 2241 1635 2280; baseline 0.003 -9"><span class='ocrx_word' id='word_1_385' title='bbox 177 2250 358 2280; x_wconf 81' lang='lat' dir='ltr'>cognoscam</span> <span class='ocrx_word' id='word_1_386' title='bbox 373 2241 461 2273; x_wconf 90' lang='lat' dir='ltr'>Bod.</span> <span class='ocrx_word' id='word_1_387' title='bbox 484 2242 529 2273; x_wconf 87' lang='lat' dir='ltr'><strong>G.</strong></span> <span class='ocrx_word' id='word_1_388' title='bbox 552 2242 649 2273; x_wconf 89' lang='lat' dir='ltr'>Witt.</span> <span class='ocrx_word' id='word_1_389' title='bbox 666 2242 738 2273; x_wconf 85' lang='grc' dir='ltr'>ΕΡ.</span> <span class='ocrx_word' id='word_1_390' title='bbox 753 2242 814 2273; x_wconf 90' lang='lat' dir='ltr'>Br.</span> <span class='ocrx_word' id='word_1_391' title='bbox 837 2246 872 2273; x_wconf 90' lang='lat' dir='ltr'>et</span> <span class='ocrx_word' id='word_1_392' title='bbox 894 2244 904 2260; x_wconf 84' lang='lat'><strong><em>⁴</em></strong></span> <span class='ocrx_word' id='word_1_393' title='bbox 919 2244 985 2274; x_wconf 86' lang='lat' dir='ltr'>Ms.</span> <span class='ocrx_word' id='word_1_394' title='bbox 1004 2244 1046 2274; x_wconf 84' lang='lat' dir='ltr'><strong>R.</strong></span> <span class='ocrx_word' id='word_1_395' title='bbox 1062 2248 1098 2274; x_wconf 88' lang='lat' dir='ltr'>et</span> <span class='ocrx_word' id='word_1_396' title='bbox 1113 2247 1201 2275; x_wconf 90' lang='lat' dir='ltr'>vett.</span> <span class='ocrx_word' id='word_1_397' title='bbox 1217 2243 1306 2274; x_wconf 64' lang='lat' dir='ltr'>edd!</span> <span class='ocrx_word' id='word_1_398' title='bbox 1331 2244 1511 2275; x_wconf 78' lang='lat' dir='ltr'>Lind.—11</span> <span class='ocrx_word' id='word_1_399' title='bbox 1539 2244 1635 2276; x_wconf 74' lang='lat' dir='ltr'>Nihil</span> 
     </span>
     <span class='ocr_line' id='line_1_38' title="bbox 177 2284 1633 2328; baseline 0.003 -13"><span class='ocrx_word' id='word_1_400' title='bbox 177 2284 219 2315; x_wconf 75' lang='lat' dir='ltr'>sit</span> <span class='ocrx_word' id='word_1_401' title='bbox 233 2285 311 2324; x_wconf 85' lang='lat' dir='ltr'>quod</span> <span class='ocrx_word' id='word_1_402' title='bbox 327 2285 385 2315; x_wconf 74' lang='grc' dir='ltr'>ΒΓ.</span> <span class='ocrx_word' id='word_1_403' title='bbox 402 2285 445 2315; x_wconf 89' lang='lat' dir='ltr'>G.</span> <span class='ocrx_word' id='word_1_404' title='bbox 461 2285 545 2316; x_wconf 88' lang='lat' dir='ltr'>Wit.</span> <span class='ocrx_word' id='word_1_405' title='bbox 589 2285 670 2316; x_wconf 79' lang='lat' dir='ltr'>nihil</span> <span class='ocrx_word' id='word_1_406' title='bbox 683 2286 763 2326; x_wconf 80' lang='lat' dir='ltr'>quod</span> <span class='ocrx_word' id='word_1_407' title='bbox 787 2286 961 2317; x_wconf 60' lang='lat' dir='ltr'>an—12</span> <span class='ocrx_word' id='word_1_408' title='bbox 985 2286 1070 2317; x_wconf 87' lang='lat' dir='ltr'>Hem</span> <span class='ocrx_word' id='word_1_409' title='bbox 1084 2296 1183 2318; x_wconf 85' lang='lat' dir='ltr'>meum</span> <span class='ocrx_word' id='word_1_410' title='bbox 1198 2286 1280 2318; x_wconf 91' lang='lat' dir='ltr'>Hel.</span> <span class='ocrx_word' id='word_1_411' title='bbox 1295 2287 1485 2318; x_wconf 64' lang='lat' dir='ltr'>Rom—13</span> <span class='ocrx_word' id='word_1_412' title='bbox 1509 2287 1548 2318; x_wconf 85' lang='lat' dir='ltr'>In</span> <span class='ocrx_word' id='word_1_413' title='bbox 1571 2297 1633 2328; x_wconf 87' lang='lat' dir='ltr'>pro</span> 
     </span>
     <span class='ocr_line' id='line_1_39' title="bbox 177 2326 1634 2371; baseline 0.003 -14"><span class='ocrx_word' id='word_1_414' title='bbox 177 2327 217 2357; x_wconf 88' lang='lat' dir='ltr'>ad</span> <span class='ocrx_word' id='word_1_415' title='bbox 233 2326 348 2358; x_wconf 87' lang='lat' dir='ltr'>Guelf.</span> <span class='ocrx_word' id='word_1_416' title='bbox 364 2330 495 2363; x_wconf 67' lang='grc'>3.--144</span> <span class='ocrx_word' id='word_1_417' title='bbox 508 2328 669 2369; x_wconf 84' lang='lat' dir='ltr'>Plerique</span> <span class='ocrx_word' id='word_1_418' title='bbox 687 2330 708 2359; x_wconf 91' lang='grc' dir='ltr'>Ι.</span> <span class='ocrx_word' id='word_1_419' title='bbox 726 2338 752 2359; x_wconf 88' lang='lat' dir='ltr'>s.</span> <span class='ocrx_word' id='word_1_420' title='bbox 770 2328 830 2359; x_wconf 90' lang='lat' dir='ltr'>sed</span> <span class='ocrx_word' id='word_1_421' title='bbox 854 2334 1012 2360; x_wconf 83' lang='lat' dir='ltr'>recentes</span> <span class='ocrx_word' id='word_1_422' title='bbox 1028 2329 1156 2361; x_wconf 90' lang='lat' dir='ltr'>habent</span> <span class='ocrx_word' id='word_1_423' title='bbox 1178 2330 1316 2371; x_wconf 80' lang='lat' dir='ltr'>paulum,</span> <span class='ocrx_word' id='word_1_424' title='bbox 1333 2335 1370 2361; x_wconf 87' lang='lat' dir='ltr'>ut</span> <span class='ocrx_word' id='word_1_425' title='bbox 1382 2335 1417 2361; x_wconf 89' lang='lat' dir='ltr'>et</span> <span class='ocrx_word' id='word_1_426' title='bbox 1433 2331 1542 2371; x_wconf 80' lang='lat' dir='ltr'>exigit</span> <span class='ocrx_word' id='word_1_427' title='bbox 1561 2341 1634 2361; x_wconf 88' lang='lat' dir='ltr'>ver-</span> 
     </span>
     <span class='ocr_line' id='line_1_40' title="bbox 177 2370 1634 2412; baseline 0.004 -13"><span class='ocrx_word' id='word_1_428' title='bbox 177 2378 243 2408; x_wconf 83' lang='lat' dir='ltr'>sus,</span> <span class='ocrx_word' id='word_1_429' title='bbox 265 2370 322 2411; x_wconf 88' lang='lat' dir='ltr'>qui</span> <span class='ocrx_word' id='word_1_430' title='bbox 339 2376 391 2402; x_wconf 85' lang='lat' dir='ltr'>est</span> <span class='ocrx_word' id='word_1_431' title='bbox 409 2371 599 2401; x_wconf 82' lang='lat' dir='ltr'>trochaicus</span> <span class='ocrx_word' id='word_1_432' title='bbox 622 2371 856 2411; x_wconf 82' lang='lat' dir='ltr'>catalecticus,</span> <span class='ocrx_word' id='word_1_433' title='bbox 879 2376 918 2403; x_wconf 93' lang='lat' dir='ltr'>ut</span> <span class='ocrx_word' id='word_1_434' title='bbox 938 2372 1006 2403; x_wconf 85' lang='lat' dir='ltr'>duo</span> <span class='ocrx_word' id='word_1_435' title='bbox 1030 2372 1278 2412; x_wconf 76' lang='lat' dir='ltr'>praecedentes.</span> <span class='ocrx_word' id='word_1_436' title='bbox 1322 2373 1479 2404; x_wconf 85' lang='lat' dir='ltr'>Donatus</span> <span class='ocrx_word' id='word_1_437' title='bbox 1499 2373 1634 2405; x_wconf 86' lang='lat' dir='ltr'>videtur</span> 
     </span>
     <span class='ocr_line' id='line_1_41' title="bbox 178 2412 1635 2457; baseline 0.003 -15"><span class='ocrx_word' id='word_1_438' title='bbox 178 2412 315 2452; x_wconf 79' lang='lat' dir='ltr'>legisse,</span> <span class='ocrx_word' id='word_1_439' title='bbox 338 2413 497 2452; x_wconf 79' lang='lat' dir='ltr'>paululum</span> <span class='ocrx_word' id='word_1_440' title='bbox 520 2414 609 2444; x_wconf 82' lang='lat' dir='ltr'>istoc.</span> <span class='ocrx_word' id='word_1_441' title='bbox 634 2414 691 2444; x_wconf 87' lang='lat' dir='ltr'>Fa.</span> <span class='ocrx_word' id='word_1_442' title='bbox 738 2414 906 2445; x_wconf 80' lang='lat' dir='ltr'>Paululum</span> <span class='ocrx_word' id='word_1_443' title='bbox 931 2415 1086 2447; x_wconf 79' lang='lat' dir='ltr'>istorsum.</span> <span class='ocrx_word' id='word_1_444' title='bbox 1131 2416 1188 2446; x_wconf 87' lang='lat' dir='ltr'>Sic</span> <span class='ocrx_word' id='word_1_445' title='bbox 1212 2420 1248 2446; x_wconf 90' lang='lat' dir='ltr'>et</span> <span class='ocrx_word' id='word_1_446' title='bbox 1262 2416 1399 2447; x_wconf 59' lang='lat' dir='ltr'>„nos-tri:</span> <span class='ocrx_word' id='word_1_447' title='bbox 1423 2415 1482 2446; x_wconf 89' lang='lat' dir='ltr'>sed</span> <span class='ocrx_word' id='word_1_448' title='bbox 1506 2417 1635 2457; x_wconf 79' lang='lat' dir='ltr'>paulum</span> 
     </span>
     <span class='ocr_line' id='line_1_42' title="bbox 178 2456 1631 2499; baseline 0.003 -14"><span class='ocrx_word' id='word_1_449' title='bbox 178 2457 425 2495; x_wconf 88' lang='lat' dir='ltr'>reponendum,</span> <span class='ocrx_word' id='word_1_450' title='bbox 448 2465 549 2487; x_wconf 82' lang='lat' dir='ltr'>versu</span> <span class='ocrx_word' id='word_1_451' title='bbox 565 2457 638 2497; x_wconf 89' lang='lat' dir='ltr'>ipso</span> <span class='ocrx_word' id='word_1_452' title='bbox 659 2456 814 2497; x_wconf 84' lang='lat' dir='ltr'>jubente.</span> <span class='ocrx_word' id='word_1_453' title='bbox 858 2457 1021 2489; x_wconf 82' lang='lat' dir='ltr'>Ceterum</span> <span class='ocrx_word' id='word_1_454' title='bbox 1037 2458 1126 2499; x_wconf 87' lang='lat' dir='ltr'>quod</span> <span class='ocrx_word' id='word_1_455' title='bbox 1144 2458 1292 2489; x_wconf 72' lang='lat' dir='ltr'>Faernus</span> <span class='ocrx_word' id='word_1_456' title='bbox 1309 2459 1368 2498; x_wconf 83' lang='lat' dir='ltr'>ait,</span> <span class='ocrx_word' id='word_1_457' title='bbox 1392 2459 1568 2489; x_wconf 82' lang='lat' dir='ltr'>Donatum</span> <span class='ocrx_word' id='word_1_458' title='bbox 1586 2460 1631 2490; x_wconf 91' lang='lat' dir='ltr'>le-</span> 
     </span>
     <span class='ocr_line' id='line_1_43' title="bbox 180 2498 1632 2541; baseline 0.003 -13"><span class='ocrx_word' id='word_1_459' title='bbox 180 2498 270 2538; x_wconf 85' lang='lat' dir='ltr'>gisse</span> <span class='ocrx_word' id='word_1_460' title='bbox 294 2499 453 2538; x_wconf 81' lang='lat' dir='ltr'>paululum</span> <span class='ocrx_word' id='word_1_461' title='bbox 472 2499 570 2535; x_wconf 60' lang='grc' dir='ltr'><strong>ἐείσω</strong></span> <span class='ocrx_word' id='word_1_462' title='bbox 595 2509 638 2530; x_wconf 85' lang='lat' dir='ltr'>ex</span> <span class='ocrx_word' id='word_1_463' title='bbox 656 2500 707 2530; x_wconf 87' lang='lat' dir='ltr'>his</span> <span class='ocrx_word' id='word_1_464' title='bbox 723 2500 795 2540; x_wconf 88' lang='lat' dir='ltr'>ejus</span> <span class='ocrx_word' id='word_1_465' title='bbox 811 2500 922 2531; x_wconf 89' lang='lat' dir='ltr'>verbis</span> <span class='ocrx_word' id='word_1_466' title='bbox 940 2501 1119 2541; x_wconf 84' lang='lat' dir='ltr'>collegisse</span> <span class='ocrx_word' id='word_1_467' title='bbox 1136 2501 1200 2532; x_wconf 89' lang='lat' dir='ltr'>sibi</span> <span class='ocrx_word' id='word_1_468' title='bbox 1216 2502 1306 2532; x_wconf 85' lang='lat' dir='ltr'>visus</span> <span class='ocrx_word' id='word_1_469' title='bbox 1323 2507 1375 2533; x_wconf 87' lang='lat' dir='ltr'>est</span> <span class='ocrx_word' id='word_1_470' title='bbox 1390 2512 1397 2532; x_wconf 90' lang='lat'>:</span> <span class='ocrx_word' id='word_1_471' title='bbox 1424 2502 1519 2532; x_wconf 71' lang='lat' dir='ltr'>Nunc</span> <span class='ocrx_word' id='word_1_472' title='bbox 1535 2502 1632 2533; x_wconf 80' lang='lat' dir='ltr'>Istor-</span> 
     </span>
     <span class='ocr_line' id='line_1_44' title="bbox 178 2541 1631 2585; baseline 0.003 -14"><span class='ocrx_word' id='word_1_473' title='bbox 178 2550 246 2572; x_wconf 79' lang='lat' dir='ltr'>sum</span> <span class='ocrx_word' id='word_1_474' title='bbox 260 2541 439 2572; x_wconf 75' lang='lat' dir='ltr'>adverbium</span> <span class='ocrx_word' id='word_1_475' title='bbox 453 2545 501 2572; x_wconf 75' lang='lat' dir='ltr'>est</span> <span class='ocrx_word' id='word_1_476' title='bbox 514 2543 591 2572; x_wconf 78' lang='lat' dir='ltr'>loci:</span> <span class='ocrx_word' id='word_1_477' title='bbox 614 2542 693 2573; x_wconf 84' lang='lat' dir='ltr'>alias</span> <span class='ocrx_word' id='word_1_478' title='bbox 706 2552 825 2574; x_wconf 86' lang='lat' dir='ltr'>nomen.</span> <span class='ocrx_word' id='word_1_479' title='bbox 870 2543 960 2575; x_wconf 82' lang='lat' dir='ltr'>Quia</span> <span class='ocrx_word' id='word_1_480' title='bbox 976 2544 1129 2574; x_wconf 80' lang='lat' dir='ltr'>Istorsum</span> <span class='ocrx_word' id='word_1_481' title='bbox 1145 2554 1309 2585; x_wconf 87' lang='lat' dir='ltr'>nusquam</span> <span class='ocrx_word' id='word_1_482' title='bbox 1324 2554 1446 2575; x_wconf 86' lang='lat' dir='ltr'>nomen</span> <span class='ocrx_word' id='word_1_483' title='bbox 1463 2550 1530 2582; x_wconf 87' lang='lat' dir='ltr'>est,</span> <span class='ocrx_word' id='word_1_484' title='bbox 1556 2554 1631 2576; x_wconf 90' lang='lat' dir='ltr'>cor-</span> 
     </span>
     <span class='ocr_line' id='line_1_45' title="bbox 177 2583 1632 2628; baseline 0.003 -15"><span class='ocrx_word' id='word_1_485' title='bbox 177 2583 312 2624; x_wconf 79' lang='lat' dir='ltr'>rigebat</span> <span class='ocrx_word' id='word_1_486' title='bbox 329 2584 397 2614; x_wconf 89' lang='lat' dir='ltr'>illic</span> <span class='ocrx_word' id='word_1_487' title='bbox 414 2584 506 2615; x_wconf 80' lang='lat' dir='ltr'>Istoc.</span> <span class='ocrx_word' id='word_1_488' title='bbox 551 2585 619 2615; x_wconf 90' lang='lat' dir='ltr'>Sed</span> <span class='ocrx_word' id='word_1_489' title='bbox 637 2584 762 2616; x_wconf 75' lang='lat' dir='ltr'>fefellit</span> <span class='ocrx_word' id='word_1_490' title='bbox 777 2587 884 2616; x_wconf 89' lang='lat' dir='ltr'>virum</span> <span class='ocrx_word' id='word_1_491' title='bbox 899 2586 1129 2617; x_wconf 82' lang='lat' dir='ltr'>acutissimum</span> <span class='ocrx_word' id='word_1_492' title='bbox 1154 2596 1258 2627; x_wconf 85' lang='lat' dir='ltr'>prava</span> <span class='ocrx_word' id='word_1_493' title='bbox 1282 2587 1405 2618; x_wconf 88' lang='lat' dir='ltr'>lectio:</span> <span class='ocrx_word' id='word_1_494' title='bbox 1431 2587 1558 2628; x_wconf 87' lang='lat' dir='ltr'>quippe</span> <span class='ocrx_word' id='word_1_495' title='bbox 1576 2597 1632 2619; x_wconf 92' lang='lat' dir='ltr'>ve-</span> 
     </span>
     <span class='ocr_line' id='line_1_46' title="bbox 178 2626 1632 2671; baseline 0.004 -15"><span class='ocrx_word' id='word_1_496' title='bbox 178 2630 269 2657; x_wconf 86' lang='lat' dir='ltr'>teres</span> <span class='ocrx_word' id='word_1_497' title='bbox 285 2627 332 2657; x_wconf 89' lang='lat' dir='ltr'>ibi</span> <span class='ocrx_word' id='word_1_498' title='bbox 346 2626 529 2666; x_wconf 79' lang='lat' dir='ltr'>editiones,</span> <span class='ocrx_word' id='word_1_499' title='bbox 546 2627 639 2658; x_wconf 81' lang='lat' dir='ltr'>Nunc</span> <span class='ocrx_word' id='word_1_500' title='bbox 656 2628 823 2659; x_wconf 81' lang='lat' dir='ltr'>Paululum</span> <span class='ocrx_word' id='word_1_501' title='bbox 838 2629 1016 2659; x_wconf 78' lang='lat' dir='ltr'>adverbium</span> <span class='ocrx_word' id='word_1_502' title='bbox 1034 2633 1082 2660; x_wconf 80' lang='lat' dir='ltr'>est</span> <span class='ocrx_word' id='word_1_503' title='bbox 1096 2630 1165 2665; x_wconf 85' lang='lat' dir='ltr'>loci,</span> <span class='ocrx_word' id='word_1_504' title='bbox 1180 2631 1259 2660; x_wconf 68' lang='lat' dir='ltr'>aliae</span> <span class='ocrx_word' id='word_1_505' title='bbox 1273 2640 1391 2661; x_wconf 85' lang='lat' dir='ltr'>nomen.</span> <span class='ocrx_word' id='word_1_506' title='bbox 1438 2629 1552 2671; x_wconf 81' lang='lat' dir='ltr'>Atque</span> <span class='ocrx_word' id='word_1_507' title='bbox 1569 2630 1632 2662; x_wconf 88' lang='lat' dir='ltr'>hoc</span> 
     </span>
     <span class='ocr_line' id='line_1_47' title="bbox 179 2669 1631 2713; baseline 0.003 -14"><span class='ocrx_word' id='word_1_508' title='bbox 179 2678 259 2700; x_wconf 81' lang='lat' dir='ltr'>vere</span> <span class='ocrx_word' id='word_1_509' title='bbox 276 2669 411 2700; x_wconf 87' lang='lat' dir='ltr'>dicitur.</span> <span class='ocrx_word' id='word_1_510' title='bbox 437 2670 532 2700; x_wconf 85' lang='lat' dir='ltr'>Bent.</span> <span class='ocrx_word' id='word_1_511' title='bbox 581 2671 718 2701; x_wconf 83' lang='lat' dir='ltr'>Concede</span> <span class='ocrx_word' id='word_1_512' title='bbox 732 2681 751 2702; x_wconf 88' lang='lat' dir='ltr'>a</span> <span class='ocrx_word' id='word_1_513' title='bbox 763 2671 891 2707; x_wconf 80' lang='lat' dir='ltr'>foribus</span> <span class='ocrx_word' id='word_1_514' title='bbox 908 2672 1068 2711; x_wconf 80' lang='lat' dir='ltr'>paululum</span> <span class='ocrx_word' id='word_1_515' title='bbox 1083 2672 1154 2703; x_wconf 80' lang='lat' dir='ltr'>hinc</span> <span class='ocrx_word' id='word_1_516' title='bbox 1168 2673 1269 2703; x_wconf 83' lang='lat' dir='ltr'>Both.</span> <span class='ocrx_word' id='word_1_517' title='bbox 1300 2673 1476 2711; x_wconf 75' lang='lat' dir='ltr'>iso-orsum,</span> <span class='ocrx_word' id='word_1_518' title='bbox 1493 2682 1569 2704; x_wconf 85' lang='lat' dir='ltr'>cuin</span> <span class='ocrx_word' id='word_1_519' title='bbox 1587 2674 1631 2713; x_wconf 86' lang='lat' dir='ltr'>gl.</span> 
     </span>
     <span class='ocr_line' id='line_1_48' title="bbox 178 2711 1631 2756; baseline 0.003 -14"><span class='ocrx_word' id='word_1_520' title='bbox 178 2712 213 2742; x_wconf 81' lang='lat' dir='ltr'>in</span> <span class='ocrx_word' id='word_1_521' title='bbox 226 2711 304 2742; x_wconf 82' lang='lat' dir='ltr'>hanc</span> <span class='ocrx_word' id='word_1_522' title='bbox 315 2716 449 2752; x_wconf 78' lang='lat' dir='ltr'>partem,</span> <span class='ocrx_word' id='word_1_523' title='bbox 466 2712 551 2743; x_wconf 88' lang='lat' dir='ltr'>GM.</span> <span class='ocrx_word' id='word_1_524' title='bbox 569 2713 710 2744; x_wconf 89' lang='lat' dir='ltr'>eandem</span> <span class='ocrx_word' id='word_1_525' title='bbox 728 2714 772 2754; x_wconf 86' lang='lat' dir='ltr'>gl.</span> <span class='ocrx_word' id='word_1_526' title='bbox 789 2724 864 2745; x_wconf 83' lang='lat' dir='ltr'>cuin</span> <span class='ocrx_word' id='word_1_527' title='bbox 881 2715 1030 2745; x_wconf 77' lang='lat' dir='ltr'>istorsum</span> <span class='ocrx_word' id='word_1_528' title='bbox 1047 2715 1190 2746; x_wconf 63' lang='lat' dir='ltr'>Bia—15</span> <span class='ocrx_word' id='word_1_529' title='bbox 1218 2716 1284 2746; x_wconf 83' lang='lat' dir='ltr'>Nec</span> <span class='ocrx_word' id='word_1_530' title='bbox 1300 2726 1346 2746; x_wconf 86' lang='lat' dir='ltr'>me</span> <span class='ocrx_word' id='word_1_531' title='bbox 1362 2716 1447 2746; x_wconf 81' lang='lat' dir='ltr'><strong>Bod.</strong></span> <span class='ocrx_word' id='word_1_532' title='bbox 1468 2715 1511 2747; x_wconf 91' lang='lat' dir='ltr'>G.</span> <span class='ocrx_word' id='word_1_533' title='bbox 1528 2718 1631 2756; x_wconf 80' lang='lat' dir='ltr'>appel-</span> 
     </span>
     <span class='ocr_line' id='line_1_49' title="bbox 179 2754 1630 2799; baseline 0.004 -16"><span class='ocrx_word' id='word_1_534' title='bbox 179 2754 256 2784; x_wconf 75' lang='lat' dir='ltr'>laris</span> <span class='ocrx_word' id='word_1_535' title='bbox 271 2755 314 2787; x_wconf 89' lang='lat' dir='ltr'><strong>G.</strong></span> <span class='ocrx_word' id='word_1_536' title='bbox 331 2765 408 2786; x_wconf 87' lang='lat' dir='ltr'>mox</span> <span class='ocrx_word' id='word_1_537' title='bbox 433 2756 507 2786; x_wconf 89' lang='lat' dir='ltr'>Lib.</span> <span class='ocrx_word' id='word_1_538' title='bbox 521 2755 627 2796; x_wconf 82' lang='lat' dir='ltr'>antiq.</span> <span class='ocrx_word' id='word_1_539' title='bbox 642 2766 703 2787; x_wconf 85' lang='lat' dir='ltr'>non</span> <span class='ocrx_word' id='word_1_540' title='bbox 719 2756 746 2787; x_wconf 78' lang='lat' dir='ltr'>is</span> <span class='ocrx_word' id='word_1_541' title='bbox 761 2757 880 2788; x_wconf 80' lang='lat' dir='ltr'>obsecro</span> <span class='ocrx_word' id='word_1_542' title='bbox 896 2766 948 2788; x_wconf 82' lang='lat' dir='ltr'>es:</span> <span class='ocrx_word' id='word_1_543' title='bbox 971 2762 1007 2788; x_wconf 87' lang='lat' dir='ltr'>at</span> <span class='ocrx_word' id='word_1_544' title='bbox 1022 2758 1050 2788; x_wconf 87' lang='lat' dir='ltr'>is</span> <span class='ocrx_word' id='word_1_545' title='bbox 1065 2758 1165 2789; x_wconf 85' lang='lat' dir='ltr'>abest</span> <span class='ocrx_word' id='word_1_546' title='bbox 1180 2768 1199 2788; x_wconf 85' lang='lat' dir='ltr'>a</span> <span class='ocrx_word' id='word_1_547' title='bbox 1213 2759 1310 2789; x_wconf 85' lang='lat' dir='ltr'>Bein.</span> <span class='ocrx_word' id='word_1_548' title='bbox 1328 2759 1482 2799; x_wconf 71' lang='lat' dir='ltr'>aliisque.</span> <span class='ocrx_word' id='word_1_549' title='bbox 1499 2759 1630 2791; x_wconf 67' lang='lat' dir='ltr'>Faeruo</span> 
     </span>
     <span class='ocr_line' id='line_1_50' title="bbox 181 2797 1630 2843; baseline 0.002 -16"><span class='ocrx_word' id='word_1_550' title='bbox 181 2802 280 2829; x_wconf 70' lang='lat' dir='ltr'>teste.</span> <span class='ocrx_word' id='word_1_551' title='bbox 327 2799 336 2815; x_wconf 87' lang='lat'>‘</span> <span class='ocrx_word' id='word_1_552' title='bbox 352 2797 381 2828; x_wconf 82' lang='lat' dir='ltr'><strong>A</strong></span> <span class='ocrx_word' id='word_1_553' title='bbox 399 2798 524 2830; x_wconf 74' lang='lat' dir='ltr'>nostris</span> <span class='ocrx_word' id='word_1_554' title='bbox 540 2807 676 2840; x_wconf 88' lang='lat' dir='ltr'>quoque</span> <span class='ocrx_word' id='word_1_555' title='bbox 692 2799 790 2831; x_wconf 78' lang='lat' dir='ltr'>abest</span> <span class='ocrx_word' id='word_1_556' title='bbox 805 2800 855 2837; x_wconf 80' lang='lat' dir='ltr'>is;</span> <span class='ocrx_word' id='word_1_557' title='bbox 879 2800 937 2832; x_wconf 80' lang='lat' dir='ltr'>sed</span> <span class='ocrx_word' id='word_1_558' title='bbox 964 2799 1066 2832; x_wconf 85' lang='lat' dir='ltr'>iidem</span> <span class='ocrx_word' id='word_1_559' title='bbox 1082 2800 1222 2841; x_wconf 82' lang='lat' dir='ltr'>liabent,</span> <span class='ocrx_word' id='word_1_560' title='bbox 1238 2811 1355 2843; x_wconf 82' lang='lat' dir='ltr'>nones,</span> <span class='ocrx_word' id='word_1_561' title='bbox 1372 2801 1502 2834; x_wconf 73' lang='lat' dir='ltr'>obsecro.</span> <span class='ocrx_word' id='word_1_562' title='bbox 1548 2802 1630 2832; x_wconf 86' lang='lat' dir='ltr'>Per-</span> 
     </span>
    </p>
   </div>
  </div>
 </body>
</html>
