1966 3302
319 220 405 261 904
814 227 853 256 Ρ.
882 225 1126 256 ‘rEREN'ru
1162 225 1278 256 Arm

325 328 397 369 PA
408 338 455 368 M.
489 326 529 366 Ο
553 323 773 366 Bacchis!
806 336 832 364 o
855 335 957 364 mea
978 321 1187 372 Bacchis,
1208 322 1431 364 servatrix
1451 324 1574 365 mea!

325 396 450 437 BAc.
481 395 606 435 Bene
627 392 812 442 factum,
844 397 890 433 et
919 391 1084 445 volupe
1102 390 1169 432 'st.
1231 390 1359 432 PAM.
1392 390 1563 441 Factis,
1601 393 1649 432 ut
1680 403 1772 431 cre-

495 461 612 511 dam,
632 460 775 512 facis3

325 530 656 584 Antiquamque
678 528 791 569 adeo
814 532 930 570 tuam
952 532 1232 570 venustatem
1252 526 1447 577 obtines,

326 598 391 640 Ut
410 597 634 651 voluptati
656 597 819 647 obitus,
839 609 997 646 sermo,
1018 596 1232 638 adventus
1252 599 1371 646 tuus,
1392 605 1674 649 quocumque
1694 593 1778 635 ad—

501 678 688 715 veneris,

329 736 512 790 Semper
533 735 630 775 siet.
691 733 811 773 BAc.
835 731 902 772 Ac
924 735 986 781 tu,
1004 735 1192 780 ecastor,
1210 742 1373 770 morem
1395 727 1623 782 antiquom
1645 729 1779 781 atque

501 801 719 855 ingenium
742 800 930 850 obtines,
1725 795 1782 836 20

329 871 394 912 Ut
414 883 530 912 unus
550 868 781 910 hominum
803 867 936 908 homo
957 870 1000 908 te
1024 866 1146 908 vivat
1166 877 1380 919 nusquam
1402 864 1636 918 quisquam
1655 863 1780 904 blan-

501 937 609 978 dior.

331 1007 459 1048 ΡΑΜ.
484 1005 583 1047 Ha!
614 1005 695 1046 ha!
725 1003 805 1045 he!
834 1002 924 1045 tun'
944 1001 1051 1043 mihi
1072 1001 1221 1043 istuc‘?
1296 1000 1416 1042 BAc.
1440 999 1583 1041 Recte
1603 998 1783 1050 amasti,

445 1133 456 1136 μ
502 1073 750 1127 Pamphile,
768 1084 953 1112 uxorem
975 1075 1122 1121 tuam3

333 1232 507 1273 Pamphile.
552 1233 650 1263 ΡΑΜ.
677 1232 706 1262 Ο
733 1230 881 1267 Bacchis,
907 1240 924 1259 ο
953 1237 1020 1258 mea
1044 1227 1192 1266 Bacchis,
1214 1236 1231 1257 o
1254 1225 1465 1257 conservatrix
1486 1234 1564 1256 mea.
1609 1223 1677 1254 BA.
1701 1221 1789 1253 Bene

333 1276 433 1306 omma
448 1275 600 1313 tibifaeta
609 1274 722 1313 fuisse,
737 1278 766 1304 et
781 1273 912 1304 evenisse
923 1273 1052 1311 gaudeo.
1099 1270 1198 1301 PAM.
1221 1269 1330 1300 Factis
1345 1268 1408 1300 tuis
1422 1272 1457 1300 ut
1468 1269 1591 1299 credam
1605 1270 1636 1298 te
1649 1265 1787 1305 gaudere

332 1319 393 1349 mei
408 1328 499 1349 causa
509 1319 608 1357 facis,
623 1319 755 1357 adeoque
769 1316 930 1356 antiquum
946 1318 1030 1345 tuum
1043 1314 1184 1354 leporem,
1198 1315 1229 1343 et
1239 1315 1430 1343 venustatem
1438 1310 1607 1351 pristinam
1618 1309 1744 1347 retines,
1753 1309 1789 1337 ut

331 1371 475 1393 occursus
490 1366 570 1401 tuus,
586 1361 778 1401 colloquium,
800 1363 830 1390 et
845 1359 994 1389 adventus
1010 1357 1042 1387 in
1053 1364 1266 1396 quemcumque
1282 1356 1379 1385 locum
1394 1354 1526 1392 veneris,
1540 1361 1659 1393 semper
1672 1350 1789 1392 afferat

333 1405 532 1444 voluptatem.
577 1405 642 1435 ΒΑ.
668 1404 710 1434 At
734 1406 782 1442 tu,
801 1411 856 1442 per
879 1403 975 1432 cedem
993 1399 1147 1439 Castoris,
1167 1408 1283 1429 morum
1306 1401 1428 1429 tuorum
1447 1396 1570 1428 solitam
1589 1393 1790 1434 elegantiam,

333 1451 425 1488 atque
450 1448 572 1487 ingenii
595 1447 751 1478 solertiam
775 1445 903 1484 retines,
925 1447 959 1474 ut
981 1443 1086 1474 nullus
1104 1442 1271 1479 hominum,
1295 1450 1333 1471 ne
1357 1449 1435 1471 unus
1450 1439 1584 1480 quidem,
1599 1447 1734 1478 unquam
1747 1437 1790 1466 sit

334 1491 470 1522 suavior.
511 1491 611 1521 ΡΑΜ.
637 1489 704 1528 Ha,
732 1490 783 1525 Ῑια,
805 1488 854 1519 he.
903 1488 988 1518 Tune
1009 1485 1086 1515 mihi
1111 1485 1194 1515 istud
1219 1482 1378 1522 attribuis,
1396 1483 1476 1523 quod
1500 1493 1562 1513 non
1579 1480 1700 1513 merui?
1722 1479 1793 1510 ΒΑ,

338 1533 445 1571 Recte,
473 1533 645 1575 Pamphile,
671 1536 702 1564 et
724 1532 895 1573 prudenter
911 1530 1064 1560 collocasti
1089 1537 1223 1559 amorem
1248 1530 1335 1558 tuum
1356 1528 1389 1558 in
1405 1525 1615 1563 Philumena‚·
1636 1531 1792 1564 nunquam

963 1650 1201 1662 ‘Neteeeeaeee

337 1762 455 1784 versus
473 1749 641 1781 lambiens
658 1748 736 1786 erit,
752 1751 790 1778 ut
815 1755 974 1788 sequens.
1007 1745 1192 1776 Beut.—16
1217 1743 1246 1773 0
1269 1741 1426 1773 servatrix
1449 1737 1564 1771 Guelf.
1588 1740 1706 1770 1.-17
1735 1738 1795 1770 Vo-

336 1798 420 1836 tupte
436 1792 552 1826 Guelf.
570 1794 686 1824 1.—-19
710 1792 749 1821 In
766 1789 918 1830 voluptati
934 1788 1073 1819 eliditur
1096 1797 1129 1828 p,
1145 1791 1182 1817 nt
1200 1795 1316 1816 versus
1333 1784 1377 1815 sit
1394 1782 1587 1814 octonarius
1606 1781 1792 1820 lambiens,

337 1844 375 1870 nt
391 1841 582 1878 sequentes·
609 1835 667 1865 Fa.
717 1834 760 1864 Ut
781 1832 936 1873 voluptati
949 1832 1060 1869 obitus,
1075 1839 1185 1866 sermo,
1200 1830 1350 1859 adventus
1365 1830 1447 1862 tuus,
1466 1834 1650 1865 quocumque
1665 1825 1794 1855 advene-

338 1883 396 1913 ris.
439 1880 544 1910 Vides
561 1879 632 1909 lnaec
649 1877 793 1917 singula,
811 1876 935 1913 Obitus,
952 1874 1075 1905 deinde
1092 1872 1213 1911 Sermo,
1230 1880 1341 1902 rursus
1358 1870 1529 1904 Adventus,
1545 1867 1635 1898 idem
1661 1867 1796 1898 scilieet

339 1924 427 1966 quod
445 1923 580 1957 Obitus‚·
605 1925 775 1961 postremo
790 1920 949 1950 Adventus
960 1925 1142 1958 quocumque
1158 1914 1329 1945 adveneris.
1374 1911 1539 1943 Haeccine
1552 1909 1712 1950 placent?
1737 1913 1796 1941 aut

341 1978 400 2007 pro
416 1972 532 1998 cetera
547 1963 701 1996 Terentii
719 1961 898 2000 ,elegantia
923 1960 1025 1991 sunt?
1059 1959 1215 1989 Donatus
1238 1957 1386 1987 lectione
1412 1963 1517 1995 prava
1541 1953 1796 1984 circumventus

340 2011 419 2051 qnid
437 2019 504 2040 non
520 2005 812 2039 comminiscitur?
847 2004 935 2035 Inter
953 2003 1082 2033 Obitum
1107 2004 1200 2041 atque
1222 2000 1400 2031 Adventum
1422 1998 1488 2033 hoc,
1505 1995 1628 2036 inquit,
1650 1995 1793 2035 interest,

340 2055 420 2094 quod
445 2052 558 2084 Obitus
572 2054 630 2089 est,
645 2059 732 2090 quem
757 2057 845 2078 casus
860 2046 968 2088 affert,
988 2045 1164 2084 Adventus,
1177 2052 1265 2084 quem
1288 2042 1428 2073 voluntas
1452 2043 1482 2071 et
1505 2039 1680 2070 destinatus
1703 2038 1797 2070 locus.

342 2097 446 2138 Atqui
465 2096 526 2126 hoc
545 2094 678 2129 falsum,
695 2096 730 2122 et
745 2091 916 2122 solvendae
934 2087 1146 2120 difficultatis
1175 2085 1287 2126 gratia
1311 2082 1495 2116 confictum
1518 2091 1606 2122 esse,
1623 2091 1676 2112 res
1702 2085 1798 2113 certa

342 2145 407 2171 est.
454 2137 600 2175 Nonius,
618 2136 743 2173 Obitus,
765 2135 927 2165 aduentus.
971 2130 1142 2171 Turpilius
1161 2128 1334 2170 Epiclero,
1357 2128 1366 2144 ‘
1384 2125 1510 2166 Ecquis
1526 2124 1581 2156 hic
1597 2128 1651 2156 est
1664 2124 1721 2165 qui
1747 2124 1796 2156 in-

342 2181 526 2222 terrumpit
552 2188 739 2211 sermonem
756 2186 866 2208 meum
885 2175 980 2206 obitu
994 2174 1077 2205 suo!
1121 2174 1204 2204 Esto
1229 2177 1354 2210 tamen,
1380 2173 1419 2200 ut
1445 2168 1559 2200 Obitus
1573 2165 1708 2198 differat
1723 2167 1797 2208 qui-

342 2226 420 2256 dem
438 2225 480 2256 ab
495 2224 654 2258 Adventu,
666 2230 726 2253 cur
741 2230 809 2251 non
819 2218 967 2259 junctim
981 2218 1100 2248 saltem
1114 2214 1275 2246 veniunt?
1299 2222 1359 2244 cur
1372 2212 1482 2243 Sermo
1494 2211 1638 2242 diversae
1652 2209 1798 2241 notionis

342 2267 548 2300 intervenit?
574 2266 729 2305 Repone,
750 2264 793 2294 Ut
809 2261 960 2301 voluptati
976 2260 1087 2298 obitus,
1106 2269 1217 2296 sermo,
1231 2257 1357 2295 adfatus
1377 2258 1460 2294 tuuS,
1472 2262 1656 2294 quocumque
1668 2253 1799 2284 advene·

343 2313 398 2342 ris.
443 2310 549 2341 Sermo
564 2308 606 2340 ad
621 2317 746 2346 omnes,
759 2305 896 2343 Adfatus
910 2304 952 2334 ad
970 2304 1072 2341 hunc,
1089 2303 1142 2333 vel
1158 2301 1262 2332 illum.
1308 2298 1430 2338 Virgil.
1449 2298 1521 2328 AEu.
1539 2305 1589 2328 ιν.
1606 2298 1681 2327 283.
1694 2296 1703 2312 ‘
1717 2295 1798 2326 Heu

344 2354 423 2394 quid
442 2353 543 2392 agat?
566 2361 633 2392 qno
649 2359 737 2381 nnnc
753 2349 904 2388 reginam
922 2345 1051 2377 ambire
1068 2344 1238 2376 furentem
1258 2342 1392 2373 Audeat
1407 2338 1523 2371 adfatu
1534 2339 1556 2370 ?’
1589 2339 1636 2370 Et
1653 2337 1743 2374 vide,
1759 2343 1799 2370 ut

345 2396 514 2437 gradatim
537 2393 701 2434 procedat
723 2390 906 2428 sententia,
924 2390 1051 2427 Obitus,
1063 2397 1174 2426 sermo,
1187 2385 1326 2424 adfatus·
1351 2384 1453 2415 Bent.
1502 2381 1664 2423 Voluptati
1683 2380 1799 2421 obitus,

343 2450 452 2479 sermo,
467 2442 512 2477 ut,
529 2446 702 2478 quocunque
727 2434 853 2466 advenis
872 2433 972 2464 Both.
1017 2432 1025 2447 ‘
1049 2432 1093 2462 Ut
1118 2429 1272 2469 voluptati
1298 2426 1403 2458 obvius
1423 2435 1522 2457 sermo
1546 2434 1632 2456 unus
1656 2433 1676 2455 e
1701 2423 1800 2464 Mss.,

344 2482 564 2521 Argentorat.
584 2481 628 2511 Ut
642 2478 796 2519 voluptati
809 2476 931 2507 habitus
946 2474 995 2516 (in
1013 2483 1117 2512 marg.
1140 2474 1148 2489 ‘
1166 2473 1209 2503 al.
1225 2469 1363 2510 abitus')
1378 2467 1498 2500 sermo!
1522 2467 1717 2499 Rueck-20
1733 2467 1799 2498 Per

343 2535 462 2564 semper
481 2524 529 2555 sit·
549 2523 731 2563 Argentor.
749 2520 838 2562 apud
857 2518 965 2549 Boecl.
981 2521 1017 2548 et
1031 2517 1075 2547 sit
1091 2515 1276 2547 Rota—21
1305 2513 1350 2544 Ut
1361 2512 1442 2543 ullus
1455 2509 1571 2543 Guelf.
1587 2513 1619 2542 2.
1662 2509 1671 2527 ‘
1684 2508 1800 2550 Aliqui

345 2568 435 2607 libri,
450 2567 540 2598 inter
556 2575 638 2607 qnos
654 2566 751 2596 Bem-
789 2563 833 2594 Ut
859 2571 937 2592 unus
950 2559 1085 2591 omnium
1100 2559 1199 2596 homo,
1214 2556 1303 2598 quod
1329 2560 1364 2586 et
1388 2554 1517 2594 prob03
1548 2551 1691 2594 pulchre
1707 2552 1798 2584 enim

345 2614 576 2650 opponuntur,
591 2619 668 2640 unus
678 2604 837 2638 omnium!
862 2605 921 2636 Fa.
947 2604 955 2620 ‘
975 2604 1062 2634 Unus
1076 2602 1210 2633 omnium
1225 2598 1318 2631 dedit
1329 2597 1491 2630 Fae'rnus.
1507 2596 1563 2627 Ex
1578 2594 1800 2628 uostrisunus

346 2658 480 2685 tantum
496 2652 620 2690 Regius
633 2651 767 2681 omnium
779 2648 900 2686 liabet3
923 2646 1031 2678 ceteri
1046 2645 1211 2676 hominum.
1242 2643 1365 2674 Plures
1379 2645 1492 2672 autem
1508 2648 1551 2669 ex
1566 2638 1607 2669 iis
1623 2647 1696 2668 cum
1710 2637 1800 2669 Edd.

347 2700 431 2727 vett.
452 2704 615 2734 nimquam.
659 2693 782 2724 Recte.
825 2692 860 2722 Si
883 2690 972 2720 enim
997 2697 1176 2728 numquam,
1191 2695 1257 2717 uon
1274 2684 1413 2715 dixisset
1442 2682 1551 2720 Vivat,
1572 2680 1632 2712 sed
1654 2680 1802 2712 Viam-it?

348 2739 450 2769 Bent.
499 2737 645 2767 Omnium
664 2736 851 2766 Rota—22
891 2734 975 2764 Tunc
996 2731 1073 2761 mihi
1099 2740 1118 2761 e
1144 2730 1229 2760 Mss.
1255 2736 1353 2765 uuuS‚
1381 2726 1546 2757 alterium
1572 2722 1660 2756 mihi.
1692 2724 1800 2754 Boecl.

348 2783 377 2813 E
394 2782 490 2812 Bem.
516 2786 550 2811 et
565 2780 656 2811 Vict.
671 2779 745 2819 lege
761 2781 830 2816 tun,
847 2781 882 2808 et
900 2785 1016 2807 versus
1034 2772 1201 2814 procedit,
1227 2771 1255 2803 si
1279 2770 1356 2802 milii
1371 2766 1639 2809 monosyllabum
1663 2764 1799 2799 feceris.
