1966 3302
305 219 390 260 550
810 232 850 261 Ρ.
883 231 1124 262 TERENTH
1158 232 1274 263 Anni

308 324 442 375 Quod
464 325 506 365 in
531 338 664 379 opere
687 325 893 367 faciundo
914 339 1059 380 operae
1081 329 1308 368 consumis
1331 334 1435 379 tuae,

307 392 356 434 Si
374 406 526 434 sumas
547 394 588 434 in
611 394 700 435 iilis
721 394 998 444 exercendis,
1022 394 1127 449 plus
1149 408 1271 448 agas.

306 458 405 500 ΜΕ.
437 459 635 511 Chreme,
658 465 879 502 tantumne
902 466 973 502 est
996 463 1053 503 ab
1074 475 1117 503 re
1140 468 1215 503 tua
1234 463 1313 504 otii
1335 463 1430 513 tibi,

305 526 466 569 Aliena
487 531 536 568 ut
556 541 700 577 cures,
723 542 879 582 eaque,
899 529 1005 570 nihil
1023 543 1123 583 quae
1146 530 1201 571 ad
1225 536 1268 571 te
1289 531 1502 571 attinent?

306 593 396 636 CH.
428 595 581 637 Homo
603 610 725 639 sum:
756 596 936 637 humani
958 597 1065 638 nihil
1088 611 1115 639 a
1135 611 1203 638 me
1226 599 1419 638 alienum
1441 603 1559 652 puto.
1717 598 1774 640 25

305 663 394 705 Vel
415 677 485 705 me
506 678 679 705 monere
700 665 798 715 hoe,
823 666 889 706 vel
912 667 1154 719 percontari
1177 671 1300 719 puta.

309 730 495 773 Rectum
519 733 619 773 est?
652 746 734 787 ego
755 737 802 775 ut
823 733 1007 776 faciam:
1038 748 1125 775 nen
1148 735 1246 776 est?
1279 739 1321 776 te
1344 737 1390 774 ut
1411 734 1669 775 deterream.

309 798 408 840 ΜΕ.
443 800 558 841 Mihi
580 801 645 841 sic
667 806 734 843 est
754 814 886 843 usus:
921 803 999 842 tibi
1021 806 1069 842 ut
1086 814 1200 856 opus
1223 801 1342 843 facto
1363 800 1432 851 'st‚
1454 801 1565 842 face.

308 866 397 908 CH.
429 866 499 909 An
522 869 728 922 cuiquam
751 873 819 910 est
834 882 937 910 usus
952 869 1132 919 homini,
1152 883 1199 910 se
1214 873 1261 910 ut
1276 870 1479 910 cruciet?
1522 868 1619 909 ΜΕ.
1644 869 1774 910 Mihi.

309 935 399 978 CH.
432 937 481 978 Si
522 936 628 991 quid
668 937 836 979 laboris
883 943 965 988 est,
1012 938 1199 979 nollem:
1246 937 1326 978 sed
1367 937 1473 992 quid
1512 937 1631 979 istuc
1671 937 1773 978 mali

488 1007 574 1054 est,
1718 1006 1776 1047 30

308 1138 405 1170 seruis
428 1136 517 1176 meis,
541 1136 594 1177 qui
616 1136 709 1168 nimis
734 1145 854 1168 cessare
875 1136 973 1167 solent
986 1146 998 1173 ‚·
1021 1135 1088 1167 ideo
1113 1135 1198 1176 operi
1222 1145 1344 1167 manum
1369 1135 1443 1166 libet
1469 1135 1641 1167 admovere.
1677 1135 1780 1176 At‚si

311 1190 417 1212 sumas
433 1180 466 1210 id
482 1180 607 1218 laboris,
623 1181 701 1220 quod
716 1180 820 1220 perdis
835 1181 987 1220 operanda
1003 1179 1035 1209 in
1051 1189 1141 1217 agro,
1165 1179 1197 1209 in
1226 1179 1288 1209 illis
1310 1178 1480 1210 incitandis
1502 1181 1542 1209 acl
1565 1188 1641 1218 opus
1655 1178 1777 1216 sacien-

310 1226 396 1262 dum,
411 1223 512 1263 magis
528 1224 662 1254 utilitati
680 1227 741 1254 tuoe
756 1223 935 1263 prospicias.
982 1223 1054 1253 ΜΕ.
1083 1223 1111 1252 Ο
1131 1221 1289 1253 Chreme!
1311 1224 1471 1252 tantumne
1487 1222 1543 1253 tibi
1560 1225 1649 1252 vacat
1672 1232 1691 1252 a
1714 1224 1777 1254 tuis

310 1267 456 1306 negotiis,
485 1270 520 1297 nt
541 1267 578 1297 de
602 1267 712 1297 alienis
734 1266 873 1297 solicitus
893 1266 959 1304 sis;
981 1269 1012 1296 et
1031 1265 1206 1306 praesertim
1223 1265 1259 1295 de
1275 1264 1326 1295 his
1341 1275 1408 1305 quoe
1422 1265 1502 1296 nihil
1516 1266 1556 1296 ad
1569 1269 1600 1296 te
1613 1264 1779 1306 spectant?

313 1310 382 1341 CH.
412 1310 480 1349 Ego
498 1320 544 1340 me
559 1311 711 1341 hominem
727 1319 789 1340 esse
804 1318 950 1348 cognosco
964 1319 976 1345 ,·
1001 1309 1092 1346 nihil,
1116 1309 1195 1348 quod
1217 1309 1256 1337 ad
1273 1308 1423 1339 hominem
1434 1308 1584 1349 pertinet,
1600 1310 1640 1338 ad
1655 1318 1702 1338 me
1717 1319 1778 1340 non

308 1353 465 1394 pertinere
482 1353 631 1383 arbitror.
683 1352 739 1384 Vel
753 1352 895 1383 monendi
912 1362 1019 1389 causa,
1046 1353 1095 1382 ret
1119 1350 1306 1391 inquirendi,
1331 1361 1378 1381 me
1401 1352 1466 1382 hoec
1489 1351 1547 1382 tibi
1566 1351 1668 1382 dicere
1682 1355 1778 1392 puta:

311 1396 488 1436 inquirendi
505 1406 609 1434 causa,
625 1398 672 1434 ut,
687 1396 715 1426 si
732 1396 786 1426 hoc
801 1395 972 1436 quodfiwis
988 1398 1104 1425 rectum
1128 1398 1187 1432 est,
1211 1404 1266 1433 ego
1289 1404 1401 1434 quoque
1416 1393 1610 1432 sicsaciam:
1635 1395 1778 1425 monendi

311 1449 418 1477 causa,
433 1443 479 1479 ut,
494 1440 522 1469 si
538 1443 655 1469 rectum
671 1449 731 1469 non
757 1442 816 1479 est,
840 1439 873 1468 id
888 1438 999 1477 ¹facere
1024 1437 1081 1468 tibi
1109 1437 1312 1467 dissuadeant.
1358 1438 1393 1467 M
1403 1446 1431 1467 Ε.
1461 1438 1547 1468 Utile
1568 1439 1612 1467 est
1635 1437 1712 1468 mihi
1733 1437 1779 1468 sic

305 1483 414 1520 facere
426 1493 436 1513 .·
461 1485 494 1512 tu
512 1482 616 1520 faa-ito
640 1486 674 1512 nt
692 1482 750 1513 tibi
765 1492 838 1522 opus
854 1491 919 1512 esse
933 1484 1035 1521 putas.
1083 1480 1150 1511 Cn.
1176 1481 1226 1510 An
1243 1479 1318 1510 utile
1334 1483 1380 1510 est
1395 1480 1535 1520 cuiquam
1552 1479 1680 1519 homini,
1696 1483 1731 1511 ut
1745 1490 1779 1511 se

314 1529 454 1566 torqueat
473 1529 501 1556 et
520 1525 642 1567 affligat
658 1524 672 1556 :²
716 1525 789 1555 ME.
816 1525 900 1554 Mihi
914 1525 947 1554 id
965 1524 1040 1554 utile
1055 1529 1114 1554 eve.
1161 1524 1229 1554 CH.
1255 1523 1292 1554 Si
1309 1524 1376 1563 quis
1391 1523 1476 1553 labor
1488 1527 1563 1554 esset
1581 1525 1780 1561 necessarius,

313 1569 424 1599 nollem
441 1571 469 1600 te
486 1569 710 1609 reprehendere
721 1578 734 1606 ;
748 1569 802 1598 sed
818 1568 897 1609 quod
912 1567 1120 1606 infortunium
1137 1570 1182 1597 est
1207 1570 1287 1597 istuc
1303 1567 1381 1606 quod
1400 1566 1538 1607 pateris?
1554 1566 1688 1607 obsecro,
1704 1567 1779 1607 quid

948 1669 1026 1680 ‘eor
1031 1668 1066 1680 ee
1072 1668 1187 1680 ›teo-ro

316 1755 425 1796 pressi
442 1753 517 1785 cod.
534 1754 572 1785 C.
592 1754 688 1785 Both.
734 1754 799 1787 Qui
829 1754 936 1795 igitur
960 1755 1070 1793 legit:
1100 1755 1144 1785 At
1172 1755 1257 1785 dices
1281 1754 1385 1785 enim:
1413 1763 1461 1784 me
1475 1755 1622 1794 quantam
1648 1753 1733 1790 hies.
1748 1764 1779 1793 p.

315 1798 384 1830 Alii
402 1797 547 1828 habent:
574 1797 613 1828 A.
630 1808 657 1828 c.
675 1798 707 1828 d.
723 1808 763 1828 m.
777 1808 806 1837 q.
824 1798 853 1829 h.
870 1798 908 1828 ab
924 1799 1025 1838 operis
1043 1797 1076 1836 f.
1090 1808 1122 1838 p.
1151 1798 1209 1828 ΒΓ.
1258 1797 1302 1827 At
1319 1798 1401 1828 ilices
1417 1798 1498 1827 enim
1514 1807 1556 1826 m.
1572 1807 1602 1837 q.
1618 1796 1650 1828 h.
1663 1795 1732 1834 o.f.
1744 1807 1778 1837 p.

315 1844 399 1873 —21
427 1841 513 1877 Quid
538 1840 653 1871 Guelf.
671 1843 701 1871 1.
719 1843 837 1872 2.-23
864 1841 901 1872 ln
933 1843 1025 1872 Hem.
1051 1847 1086 1872 et
1116 1840 1284 1881 aliquibus
1305 1841 1378 1871 aliis
1401 1840 1483 1870 libb.
1510 1840 1558 1870 ita
1581 1840 1654 1870 lnaec
1674 1841 1780 1871 verba

316 1891 392 1916 sunt
415 1885 605 1915 collocata:
633 1885 763 1914 Chreme
780 1887 941 1915 tantumne
967 1885 1005 1915 ab
1035 1895 1068 1914 re
1091 1887 1145 1914 tua
1163 1883 1211 1914 ’st.
1239 1888 1274 1913 et
1300 1883 1346 1914 ita
1371 1884 1472 1913 eliam
1499 1893 1515 1912 a
1541 1882 1614 1913 cic.
1629 1882 1780 1914 citamur

317 1928 377 1959 lib.
397 1937 463 1958 xil.
491 1927 532 1958 ai}
552 1926 624 1957 Αίῐ.
670 1927 724 1958 Ita
751 1937 884 1967 quoque
916 1927 1039 1958 habent
1065 1928 1167 1958 ant.
1185 1927 1278 1958 Pon-1.
1296 1927 1376 1965 Bip.
1415 1925 1559 1956 Bothius
1577 1925 1674 1966 legit,
1700 1927 1781 1958 Tan-

315 1975 421 2002 tumne
433 1970 471 2002 ab
486 1981 519 2000 re
535 1974 588 2000 tua
604 1970 661 2000 tibi
675 1974 719 2001 est
730 1970 786 2008 oti,
798 1970 1023 2001 Chremen—24
1038 1970 1168 2001 Omnes
1180 1969 1279 2000 codd.
1296 1970 1395 2000 Beni.
1408 1970 1464 1999 ΒΥ.
1478 1968 1598 2000 Boend.
1613 1978 1689 1999 cum
1702 1969 1780 2000 edd.

318 2020 402 2045 vett.
421 2020 455 2044 et
475 2014 567 2044 Peri.
585 2013 688 2043 Both.
707 2023 741 2044 ea
758 2023 825 2053 quw
841 2013 920 2043 nihil
936 2016 974 2044 ad
992 2018 1021 2044 te
1035 2013 1184 2044 attinent.
1230 2012 1337 2043 Abest
1363 2022 1398 2043 ea
1421 2010 1539 2043 Guelf.
1557 2014 1674 2043 2.—25
1701 2013 1780 2044 Duo

317 2069 360 2088 ex
388 2057 526 2095 nostris,
547 2056 628 2086 nihil
652 2067 670 2086 a
698 2066 761 2086 nie:
787 2057 892 2087 ceteri
920 2066 1112 2097 perperam,
1136 2067 1155 2086 α
1181 2066 1227 2086 me
1250 2055 1342 2086 nihil.
1368 2055 1472 2086 Bent.
1519 2054 1528 2071 ‘
1545 2055 1672 2086 Omnes
1697 2055 1779 2087 libb.

317 2099 462 2140 sci·ipti,'
486 2100 594 2140 inquit
621 2100 680 2129 Fa.
708 2099 811 2129 ‘nihil
832 2110 849 2128 a
876 2100 945 2130 nie)
993 2100 1050 2130 ΒΓ.
1080 2099 1124 2130 G.
1152 2103 1187 2129 et
1214 2099 1316 2130 Both.
1342 2104 1469 2137 tamen,
1490 2107 1509 2128 α
1533 2107 1580 2128 nze
1600 2097 1690 2130 nihil.
1736 2099 1780 2131 G.

319 2153 455 2184 quoqne
482 2143 747 2173 hmnanunz.-26
769 2141 880 2173 Abest
913 2143 969 2173 l'el
996 2141 1110 2174 Guelf.
1138 2144 1168 2172 2.
1215 2144 1224 2158 ‘
1244 2141 1283 2171 In
1312 2140 1514 2182 quibusdam
1542 2141 1625 2172 Mss.
1651 2151 1781 2173 movere.

317 2187 374 2217 Sic
407 2185 497 2216 And.
523 2195 557 2215 v.
584 2188 614 2215 4.
645 2187 695 2215 18.
729 2191 870 2224 prarstat
898 2192 1010 2216 autem
1040 2183 1184 2216 monere?
1215 2185 1408 2215 West.-—27
1437 2185 1509 2215 Non
1538 2187 1572 2215 nt
1597 2185 1780 2216 deterream.

319 2230 411 2269 Lege
435 2239 494 2259 non
518 2233 578 2265 est,
612 2231 642 2258 te
667 2232 698 2258 ut
726 2230 909 2259 deterream.
970 2229 1073 2259 Hunc
1100 2229 1227 2266 lot-um,
1264 2231 1490 2269 praeterquam
1522 2227 1610 2268 qnod
1640 2227 1781 2258 duarum

318 2273 508 2304 dictionum
521 2271 676 2301 defectus
690 2272 719 2300 in
733 2272 886 2302 omuibus
901 2271 1074 2310 impressis
1088 2275 1301 2310 corruperat,
1312 2271 1413 2301 etiam
1428 2269 1630 2301 obscurabat
1642 2269 1782 2301 confusa

320 2315 520 2345 distinctio:
547 2313 594 2343 sic
615 2314 715 2344 etium
733 2314 1010 2353 distinguendum
1030 2320 1103 2353 est;
1131 2314 1261 2344 Rectum
1277 2317 1334 2352 est,
1356 2324 1411 2352 ega
1427 2316 1460 2343 ut
1476 2312 1617 2351 faciam:
1640 2323 1699 2344 non
1725 2318 1784 2353 est,

319 2362 349 2389 te
366 2362 398 2389 ut
413 2359 595 2388 deterream.
621 2357 679 2386 Fa.
727 2357 925 2388 Lectionem
944 2358 1066 2387 Faiirni
1095 2357 1217 2395 probat
1238 2357 1343 2387 Bent.
1371 2356 1428 2386 svd
1455 2365 1517 2396 pei·
1541 2356 1783 2396 interrogatio-

319 2411 396 2431 nem
415 2400 636 2440 pronuntiare
654 2406 778 2430 monet.
828 2401 873 2431 Ut
893 2400 1016 2431 habt-nt
1036 2400 1138 2431 Both.
1156 2399 1232 2439 ssip.
1279 2399 1413 2430 Ceterae
1443 2399 1521 2429 edd.
1544 2408 1599 2439 ap.
1625 2408 1683 2430 nos
1710 2400 1782 2430 sine

321 2445 525 2483 interrogat.
545 2444 670 2478 loanni..
718 2442 756 2472 ln
776 2442 894 2474 Guvlf.
913 2447 943 2474 2.
961 2445 1055 2474 abest
1074 2445 1228 2481 ega—‘23
1255 2443 1312 2473 ΒΓ.
1328 2442 1386 2472 tihi
1403 2446 1436 2473 ut
1453 2445 1497 2472 est
1513 2442 1782 2482 opusfactm——SO

322 2488 360 2519 Si
385 2487 457 2526 quid
483 2486 595 2516 laboris
623 2489 681 2523 est,
704 2488 837 2516 nollem.-
868 2497 892 2516 s.
923 2497 951 2526 q.
980 2486 1000 2516 i.
1028 2497 1068 2517 m.
1096 2483 1166 2516 esc?
1211 2486 1268 2515 Sic
1299 2485 1399 2515 codd.
1429 2494 1558 2522 omnes,
1582 2494 1680 2516 vei-su
1708 2486 1782 2525 ipso

320 2530 447 2560 frustra
466 2530 682 2559 reclamante.
728 2530 776 2559 Tu
796 2529 826 2559 ei
851 2530 1026 2569 suppetias
1054 2529 1105 2558 vel
1130 2528 1178 2559 sic
1205 2527 1305 2567 ferto,
1328 2528 1364 2559 S.
1389 2537 1417 2567 q.
1445 2527 1544 2559 labori
1567 2531 1628 2565 est,
1652 2529 1783 2560 nollem:

320 2583 345 2604 s.
365 2584 394 2612 q.
410 2572 430 2602 i.
449 2583 486 2602 ni.
504 2570 573 2602 est?
599 2572 649 2602 vel
678 2572 727 2601 sic
759 2573 885 2611 potins,
911 2572 1038 2612 Siquid
1063 2571 1188 2607 laboris,
1211 2572 1338 2602 nollem.-
1363 2571 1473 2611 eJecto
1499 2573 1556 2601 est.
1602 2570 1783 2602 Genitivus

322 2616 399 2647 ideo
418 2616 544 2653 placet,
561 2617 638 2654 quia
655 2615 822 2654 sequimur,
839 2616 848 2632 ⁴
865 2615 944 2655 quid
964 2614 1066 2646 mali?
1089 2615 1184 2645 Trin.
1202 2623 1235 2644 v.
1252 2616 1283 2645 2.
1300 2616 1352 2644 57.
1377 2618 1384 2631 ⁸
1401 2613 1435 2645 Si
1462 2612 1542 2654 quid
1572 2613 1648 2652 tibi,
1673 2619 1785 2654 pater,

322 2658 457 2689 laboris.
508 2658 599 2688 Nihil
623 2658 748 2695 evenit,
777 2667 817 2687 ne
847 2658 938 2688 time.
985 2658 1080 2688 Bene
1109 2667 1143 2688 re
1172 2661 1269 2696 gesta
1297 2657 1406 2687 salvos
1432 2655 1562 2687 redeo?
1607 2657 1672 2687 Eat
1695 2667 1783 2688 nnnc

323 2701 500 2741 Guyetus3
524 2706 557 2730 et
576 2704 610 2730 nt
627 2700 777 2739 spurium
794 2701 1022 2741 Terentioque
1041 2700 1215 2740 indignum
1234 2704 1422 2739 expungat.
1447 2699 1542 2730 Beni.
1588 2700 1597 2716 ‘
1617 2699 1719 2730 Hunc
1737 2710 1784 2731 vs.

323 2745 416 2784 Gny.
434 2748 469 2774 et
488 2743 592 2773 ssoeci.
613 2748 832 2781 spreverunt,
849 2753 967 2782 parum
986 2743 1064 2774 iude
1084 2743 1159 2773 boni
1176 2752 1291 2773 sensns
1309 2742 1386 2773 elici
1405 2750 1503 2782 posse
1520 2740 1682 2773 fatentes.
1715 2742 1782 2773 Sed

323 2787 403 2819 mihi
420 2786 558 2828 quidem
578 2785 897 2817 videtin-sententia
914 2792 1047 2827 aperta,
1072 2791 1106 2817 et
1129 2790 1206 2826 post
1230 2785 1351 2826 nollem,
1374 2784 1463 2826 quod
1489 2784 1634 2826 abrupte
1651 2784 1785 2818 dixerat
