1966 3302
302 221 390 262 604
802 234 840 264 P.
872 233 1112 263 TERENTn
1144 234 1260 265 Anm

303 325 420 376 Quin
435 327 543 368 mihi
563 327 796 368 molestum
811 327 876 368 'st.
928 327 1014 369 CL.
1044 327 1219 381 Pergin'
1239 327 1417 369 hercle‘l
1469 328 1553 369 SY.
1584 326 1751 370 Verum

473 395 573 436 dico
593 395 713 448 quod
732 395 922 436 videtur.

301 460 384 501 CL.
418 461 520 502 Non
543 463 752 503 accedam
774 461 831 503 ad
851 462 989 504 illos‘l
1051 462 1137 504 CH.
1170 463 1291 504 Eho!
1323 476 1494 517 quaeso,
1516 474 1607 503 una
1624 473 1755 504 acce-

472 530 604 570 dundi
627 531 698 570 via
715 529 799 571 'st'l

299 594 385 635 ΞΥ.
413 595 577 637 Actum
597 596 674 638 'stt
705 597 778 638 hic
799 597 921 651 prius
943 610 990 638 se
1012 597 1233 647 indicarit,
1258 611 1388 652 quam
1422 610 1502 650 ego
1529 599 1751 650 argentum

471 664 671 705 effecero.

299 730 498 780 Chreme,
518 730 605 771 vin'
621 737 670 772 tu
692 731 858 772 homini
880 732 1016 774 stulto
1038 733 1146 773 mihi
1167 733 1445 774 auscultare?
1506 731 1595 773 CH.
1626 730 1750 783 Quid

468 799 664 840 faciam?
725 800 808 840 SY.
839 800 958 841 Jube
979 801 1094 841 hunc

297 864 436 908 Abire
457 867 558 908 hinc
580 868 745 921 aliquo.
797 868 880 910 CL.
913 869 1019 920 Quo
1035 869 1133 909 hinc
1149 868 1304 909 abeam
1324 868 1436 922 ego?
1489 868 1572 909 SY.
1604 866 1710 918 Quo
1728 867 1747 907 ’ἒ

471 947 558 987 quo
578 933 723 977 lubet:
756 936 814 977 da
833 936 920 976 illis
941 937 1102 977 locum.
1691 934 1750 975 25

296 1001 382 1042 Abi
403 1002 747 1043 deambulatum.
799 1004 881 1045 CL.
915 1002 1288 1046 Deambulatum!
1322 1016 1409 1057 quo
1425 1004 1445 1043 ‘l
1506 1003 1588 1044 SY.
1618 1000 1747 1043 Vah!

468 1071 598 1123 quasi
620 1070 740 1112 desit
757 1071 896 1113 locus.
1672 1111 1674 1113 .

295 1135 383 1177 Abi
430 1150 535 1178 sane
582 1137 707 1187 istac,
753 1139 972 1188 istorsum,
1023 1151 1112 1193 quo
1152 1139 1236 1179 vis.
1298 1136 1388 1179 CH.
1433 1137 1573 1179 Recte
1611 1137 1720 1179 dicit
1739 1149 1751 1178 :

467 1218 642 1246 censeo.

291 1311 530 1341 necimmerito:
554 1312 628 1351 quin
645 1311 739 1342 etiam
753 1321 820 1351 ego,
836 1312 889 1352 qai
901 1315 990 1352 pater
1005 1321 1064 1342 non
1079 1321 1159 1349 snm,
1181 1312 1214 1342 id
1236 1311 1408 1350 oegrefero.
1456 1312 1518 1343 CL.
1543 1311 1609 1342 Per
1624 1311 1748 1343 Hercu-

290 1355 350 1384 lem
372 1364 586 1393 perseverame
608 1355 756 1385 adversus
782 1364 829 1385 me
851 1353 960 1394 loqui?
1004 1355 1064 1385 ΞΥ.
1091 1355 1171 1385 Dico
1195 1355 1274 1394 qaod
1299 1355 1422 1385 videtur
1446 1354 1524 1385 mihi
1545 1364 1652 1385 verum
1674 1364 1748 1386 esse.

291 1397 352 1426 CL.
377 1396 429 1427 An
445 1407 502 1427 non
519 1397 589 1427 licet
605 1399 746 1428 accedere
762 1398 801 1428 ad
821 1398 957 1428 Cliniam
970 1400 1000 1428 et
1017 1397 1228 1428 Bacchidem?
1272 1398 1341 1428 CH.
1370 1398 1440 1428 Una
1461 1396 1543 1427 ratio
1559 1397 1686 1428 honesta
1701 1401 1748 1428 est

292 1440 333 1469 att
348 1449 396 1470 eos
411 1440 685 1480 appropinquandi,
697 1443 839 1481 proterve
856 1443 885 1470 et
903 1441 1012 1471 lascive
1035 1443 1064 1470 te
1086 1440 1260 1470 immiscens
1280 1449 1384 1470 eorum.
1397 1439 1562 1470 amoribus.
1609 1441 1669 1472 ΞΥ.
1687 1440 1748 1471 Ac-

287 1485 356 1513 tum
371 1486 417 1512 est
431 1485 468 1512 de
483 1483 601 1522 incepto
618 1493 690 1513 meo.
738 1483 804 1513 Hic
823 1482 959 1522 Clitipho
974 1493 1006 1514 se
1019 1483 1178 1518 indicabit,
1201 1487 1365 1522 antequam
1381 1482 1469 1514 elicio
1481 1482 1643 1523 pecuniam
1657 1492 1747 1523 quam

288 1525 341 1555 det
356 1525 520 1556 meretrici.
569 1526 598 1555 0
629 1526 770 1563 Chreme,
794 1526 880 1556 visne
904 1530 938 1556 tu
965 1525 1041 1556 mihi
1067 1526 1184 1556 homini
1205 1525 1369 1556 hebetioris
1392 1529 1423 1556 et
1451 1525 1612 1556 crassioris
1626 1525 1747 1564 ingenii

289 1569 430 1598 credere?
475 1568 543 1599 CH.
570 1568 655 1603 Quid
671 1571 785 1607 agam?
828 1569 889 1599 ΞΥ.
913 1568 996 1600 Jube
1014 1568 1222 1609 Clitiphonem
1236 1569 1395 1599 abscedere
1413 1568 1485 1598 hine
1507 1567 1578 1598 alio.
1624 1568 1684 1599 cx..
1706 1567 1747 1599 Iu

289 1621 377 1650 quem
401 1611 497 1641 locum
523 1610 705 1642 abscedam?
749 1612 810 1642 ΞΥ.
837 1612 963 1651 Quoquo
991 1613 1081 1642 voles.
1129 1611 1210 1641 Cede
1231 1613 1358 1651 paulam
1386 1611 1499 1642 Cliniae
1524 1614 1555 1641 et
1579 1610 1746 1642 Bacchidi.

288 1653 353 1684 Abi
382 1655 560 1693 spatiatum.
608 1655 667 1684 CL.
691 1654 894 1694 Spatiatum?
928 1655 1018 1689 Quo?
1061 1653 1124 1684 SY.
1153 1653 1245 1685 Vah!
1275 1654 1364 1694 qnasi
1388 1654 1492 1684 nullas
1518 1653 1561 1683 sit
1590 1654 1672 1684 locus
1692 1653 1748 1684 ubi

286 1696 440 1737 spatieris
488 1697 581 1728 Certe
596 1697 646 1727 abi
668 1706 725 1737 per
744 1697 836 1728 istam
859 1700 992 1738 partem,
1014 1706 1120 1728 versas
1143 1697 1248 1737 istam,
1270 1697 1304 1727 in
1328 1696 1506 1737 quamlibet.
1553 1696 1622 1728 Cn.
1646 1696 1747 1737 Syrus

899 1781 981 1793 em

283 1848 388 1888 sanct.
411 1847 532 1890 officio?
556 1848 649 1879 Perl.
707 1848 751 1879 Ut
773 1848 816 1879 sis
837 1847 942 1884 sanct.
972 1847 1068 1889 officio
1097 1846 1212 1879 Guelf.
1230 1849 1347 1878 3.—21
1373 1846 1458 1877 Mss.
1490 1844 1626 1887 quidam
1660 1846 1747 1882 Qat'n

288 1893 394 1923 etiam.
441 1891 523 1929 Alii,
548 1892 663 1930 Pergis
688 1891 797 1921 hercle.
822 1891 913 1929 Gay.
937 1901 978 1922 ex
1009 1892 1103 1922 Bem.
1131 1890 1295 1929 restitnit,
1319 1890 1432 1920 Perdis
1457 1889 1568 1919 hercle.
1614 1888 1747 1927 Malim,

291 1940 330 1966 ut
347 1934 453 1972 edidi,
470 1938 504 1965 et
526 1934 693 1975 quomodo
722 1939 773 1965 est
801 1934 833 1964 in
854 1934 938 1966 Mss.
957 1933 1158 1974 quibusdam
1176 1938 1211 1964 et
1228 1933 1307 1963 edd.
1323 1931 1585 1973 antiquissimis:
1612 1930 1749 1971 Pergin’

290 1976 414 2008 hercle?
439 1977 554 2017 Atque
579 1977 627 2007 ita
644 1977 767 2014 solent,
792 1977 847 2017 qui
860 1977 932 2016 jam
948 1977 1246 2017 tacerejusserant
1261 1976 1420 2006 alterum.
1466 1974 1523 2005 Sic
1539 1983 1642 2014 supra
1657 1983 1696 2005 ιι.
1711 1977 1745 2006 2.

289 2023 320 2051 8.
347 2025 355 2038 ¹
368 2020 506 2060 Pergiu'
520 2019 542 2051 ?'
568 2020 682 2050 Plaut.
699 2020 795 2050 Poen.
813 2029 837 2051 1.
854 2022 883 2051 3.
901 2022 951 2050 2⁷1.
976 2022 984 2036 ‘
1004 2019 1141 2059 Pergin’
1158 2027 1301 2059 pergere
1316 2017 1340 2049 ?’
1369 2018 1454 2048 Tum
1471 2017 1574 2056 perdis
1588 2016 1742 2048 absolute

291 2073 354 2104 pro
379 2062 389 2079 ‘
408 2063 520 2102 perdis
536 2062 606 2093 me'
630 2063 745 2092 nescio
762 2072 802 2092 an
823 2062 970 2093 dicatur.
1012 2063 1138 2102 Tanaq.
1164 2061 1277 2092 Faber
1302 2060 1407 2101 legit:
1432 2059 1548 2090 Hercle
1573 2069 1656 2098 vero,
1676 2060 1746 2090 dico

292 2107 371 2146 qaod
397 2106 527 2136 videtur.
561 2105 603 2136 G.
628 2105 666 2135 F.
694 2103 853 2143 Pergin’?
889 2106 951 2135 ΞΥ.
986 2104 1098 2136 Veram
1125 2105 1236 2143 hercle,
1257 2103 1325 2134 dico
1355 2104 1434 2143 qaod
1462 2102 1598 2133 videtur.
1633 2101 1741 2134 West.

289 2150 298 2165 ‘
316 2149 387 2188 Ego
410 2149 518 2188 pergis
533 2148 610 2186 lego
627 2147 852 2185 affirmative3
885 2148 973 2188 quod
999 2157 1076 2178 cum
1099 2147 1197 2178 hercle
1225 2147 1330 2186 magis
1358 2145 1540 2185 congruit:
1580 2147 1619 2175 ut
1648 2149 1684 2176 et
1712 2144 1746 2176 in

292 2191 429 2222 Phorm.
455 2201 489 2221 v.
511 2194 543 2221 6.
560 2193 591 2221 9.
636 2192 645 2207 ‘
664 2190 785 2229 Pergis
801 2191 943 2221 hercle:
973 2199 1143 2231 nunquam
1169 2195 1203 2220 tu
1228 2189 1305 2220 odio
1329 2192 1388 2220 tuo
1415 2197 1469 2219 me
1492 2185 1652 2219 vinces.'’
1684 2187 1745 2218 Fa.

291 2238 299 2251 ‘
315 2233 430 2265 Nostri
447 2243 563 2264 omnes
582 2231 726 2271 Pergin?
751 2238 785 2264 et
808 2238 919 2269 fecte,
944 2232 1043 2263 inodo
1065 2233 1164 2263 hercle
1180 2233 1266 2272 Syro
1283 2231 1410 2262 tribuas
1426 2231 1490 2261 hoc
1507 2229 1629 2261 modo:
1653 2239 1747 2270 neque

289 2277 323 2307 id
337 2276 469 2315 injuria.-
482 2276 556 2315 quin
573 2276 659 2306 ΜὶΙιὶ
675 2276 871 2306 ηιοίεείιιηιςι.
901 2276 1038 2314 Pergin?
1063 2275 1179 2306 Hercle
1190 2283 1218 2305 υ.
1231 2277 1261 2305 a.
1273 2285 1303 2315 q.
1314 2285 1343 2305 v.
1369 2273 1454 2310 Quin
1467 2271 1678 2313 praecedenti
1695 2282 1744 2304 vs.

290 2329 425 2359 appono
442 2330 449 2349 ι
467 2319 556 2359 quod
570 2318 751 2358 posteriori
770 2318 864 2349 dedit
880 2318 949 2349 Fa:
968 2319 1060 2349 Bent.
1087 2320 1095 2335 ‘
1112 2318 1223 2348 Hercle
1238 2318 1394 2348 tribuunt
1407 2315 1605 2355 Olinphum,
1621 2314 1745 2354 impro-

292 2362 397 2393 bante
413 2362 562 2401 Murem,
588 2365 623 2391 et
638 2366 728 2391 recte
747 2360 881 2400 quidem
897 2371 905 2398 3
923 2361 980 2391 sed
996 2360 1211 2391 scribendum
1227 2368 1360 2401 quoque
1373 2368 1444 2389 vero
1458 2367 1517 2398 pro
1527 2357 1617 2398 vulg.
1628 2366 1746 2388 verum.

293 2416 319 2436 s.
338 2415 370 2444 p.
385 2405 523 2435 ‘hercle
540 2403 636 2434 vero’
655 2409 690 2434 et
703 2404 711 2419 ‘
725 2413 788 2433 nou
799 2403 914 2433 hercle
929 2403 1033 2433 vero.r
1044 2403 1143 2434 Both.
1161 2403 1217 2443 qui
1230 2401 1380 2433 etiamvb
1391 2400 1464 2441 quin
1477 2409 1525 2431 vs.
1538 2399 1747 2440 praecedenti

292 2448 448 2487 apponit.
495 2449 503 2464 ‘
521 2447 674 2486 Cuperus
704 2445 907 2476 Observatt.
929 2455 952 2476 1.
971 2448 1022 2477 19.
1045 2445 1225 2476 contendit
1241 2445 1287 2476 ita
1303 2443 1484 2480 legendnm
1500 2451 1587 2477 esse,
1614 2441 1749 2481 Pergin'

291 2490 402 2521 hercle.
447 2489 508 2520 ΞΥ.
539 2489 671 2520 Veram?
693 2489 761 2518 dico
789 2499 818 2528 q.
848 2487 888 2518 ιη’
924 2488 1031 2520 Zeun.
1079 2488 1303 2523 Distinguunt
1331 2486 1425 2518 Perl.
1454 2484 1532 2526 Bip.
1555 2484 1682 2524 Delph.
1701 2488 1746 2521 ut

292 2533 393 2564 Bent.
405 2537 633 2573 praeterquam
649 2530 686 2560 τὸ
705 2531 787 2566 Qain
805 2540 938 2561 vei-suu]
955 2530 1087 2569 incipit.
1133 2530 1170 2562 Z.
1187 2530 1302 2569 Pergis
1317 2529 1513 2561 hemlee—22
1537 2527 1649 2558 Nonne
1660 2536 1745 2560 acce-

291 2576 363 2605 dam
385 2585 415 2606 a.
440 2575 532 2604 illos?
577 2574 670 2604 Libri
696 2574 838 2613 aliquot,
862 2574 953 2604 inter
975 2583 1058 2614 quos
1075 2574 1170 2603 Bem.
1217 2572 1289 2603 Non
1304 2582 1334 2603 a.
1359 2572 1419 2603 Fa.
1464 2571 1474 2587 ‘
1494 2570 1612 2601 Nostri
1628 2578 1745 2601 omnes

294 2618 425 2648 Nonne.-
449 2617 538 2657 quod
558 2615 694 2656 placet.'
723 2616 813 2646 Bent.
862 2616 970 2646 Nonne
985 2626 1030 2646 ac.
1043 2617 1083 2647 ad
1099 2614 1171 2646 eos?
1194 2615 1253 2646 ΒΥ.
1290 2615 1401 2645 Nonne
1416 2613 1510 2644 Perl.
1526 2613 1602 2651 Bip.
1617 2611 1744 2652 Delph.

295 2660 334 2690 Z.
363 2665 399 2690 et
427 2659 527 2691 Both.
558 2659 613 2699 qui
643 2663 750 2689 totum
778 2668 824 2688 vs.
854 2658 901 2688 ita
923 2658 1065 2689 dividit:
1091 2659 1149 2689 CL.
1190 2657 1301 2688 Nonne
1326 2667 1356 2688 a.
1377 2657 1416 2687 ad
1442 2656 1531 2686 illos?
1551 2655 1605 2685 eho
1621 2652 1745 2694 qaaeso!

294 2702 356 2732 ΞΥ.
385 2702 454 2731 Una
470 2702 636 2732 accedandi
650 2701 701 2731 via
718 2702 916 2731 est...Actam
939 2699 1005 2731 est!
1027 2702 1076 2740 gre.
1105 2702 1180 2731 Non
1197 2701 1384 2739 interrogat
1400 2699 1458 2728 ΒΓ.
1477 2701 1554 2737 post
1568 2697 1620 2727 via
1640 2699 1741 2727 est.—

294 2747 334 2775 23
369 2744 522 2774 India-avit
555 2742 668 2774 Guelf.
698 2746 727 2773 3.
772 2743 780 2758 ‘
800 2743 883 2773 Mss.
915 2743 1051 2781 quidam
1081 2743 1196 2783 effero:
1230 2743 1326 2772 male.
1384 2740 1455 2772 EA.
1480 2738 1601 2780 aff'ero!
1636 2738 1746 2771 WVest.

297 2785 439 2828 Effecero
466 2786 613 2828 probant
641 2786 698 2817 Fa.
724 2786 826 2817 Bent.
843 2790 878 2816 et
894 2784 976 2817 dant
992 2786 1086 2819 I’erl.
1105 2786 1182 2826 Bip.
1208 2785 1308 2817 Both.
1325 2783 1363 2817 Ζ.
1379 2782 1506 2824 Delph.
1555 2779 1662 2823 Effera
1684 2781 1745 2815 dat
