1966 3302
291 209 378 252 518
790 223 829 253 Ρ.
862 214 1101 254 TERENTH
1135 224 1253 256 ΑΒΜ

293 314 399 357 Scio
419 320 654 370 paratum3
698 315 776 357 sed
806 329 988 358 necesse
1018 321 1100 368 est,
1135 318 1248 375 huic,
1269 321 1319 361 ut
1350 320 1596 364 subveniat.
1655 322 1747 364 PY.

465 383 614 437 Sapis.

291 450 387 505 Ego
409 452 524 493 abeo
546 452 687 493 intro:
718 455 765 493 tu
785 452 862 493 isti
880 466 1008 494 narra
1027 466 1202 495 omnem
1220 468 1308 497 rem
1326 457 1491 508 ordine,
1513 463 1564 499 ut
1578 458 1746 500 sactum

466 519 566 559 siet.

291 613 430 653 qmzmvis
444 613 581 644 noverim
600 614 676 644 mihi
697 624 845 653 magnum
859 616 972 646 malum
988 617 1059 646 inde
1074 617 1183 647 datum
1198 617 1261 654 iri‚·
1284 618 1338 648 sed
1353 627 1473 649 necesse
1487 621 1534 650 est
1551 618 1622 651 huic
1635 620 1748 660 dicere,

290 659 325 686 ut
340 656 388 687 illi
401 657 582 687 auxilietur.
628 657 697 688 ΡΥ.
720 657 824 698 Sapis
850 658 903 698 qui
931 659 994 688 lawe
1011 659 1157 697 fizcturns
1180 661 1234 691 sis.
1280 661 1352 700 Ego
1376 661 1459 692 intro
1474 663 1596 693 domum
1609 673 1654 695 eo.
1701 665 1749 696 Tu

290 698 363 730 hero
377 702 430 730 tuo
445 709 566 731 recense
582 709 622 730 ex
637 699 757 740 ordine,
772 703 807 731 ut
823 700 925 731 onmia
931 701 1022 738 facta
1037 705 1121 734 sunt.

903 792 1135 805 eeeeeeeeeeee

292 855 408 888 Guelf.
424 859 544 888 3.-27
568 857 607 888 Si
622 857 706 898 sapis
721 856 837 888 Guelf.
852 860 972 889 2.-28
996 859 1082 889 Mss.
1105 859 1155 890 M.
1181 863 1215 890 et
1238 859 1332 899 Lips.
1357 870 1472 891 omnem
1498 862 1648 895 ordinem.
1691 863 1749 895 Ita

290 904 328 930 et
341 899 414 931 ΕΡ.
434 900 505 930 ΕΤ.
522 900 677 941 aliaeque,
699 910 781 941 quas
797 901 915 931 laudat
932 902 1009 932 Riv.
1056 902 1096 932 In
1113 902 1186 933 aliis
1203 903 1305 933 varie.
1351 903 1490 934 Narrato
1513 904 1557 936 G.
1575 905 1649 937 ET.
1666 906 1747 938 EM.

298 942 404 974 West.'
448 943 492 973 Tu
508 942 564 973 isti
578 946 706 973 narrato
721 952 839 974 omnem
854 954 919 974 rem
935 945 1041 974 ordine
1057 946 1222 982 utfactum
1236 945 1310 986 siet]
1333 945 1372 976 In
1390 955 1542 986 magnam
1565 946 1747 981 difficulta.

291 988 361 1016 tem
378 985 499 1016 incidit
514 985 620 1016 ethic
636 995 765 1017 versus.
811 986 893 1026 Sed,
917 996 992 1017 cum
1009 987 1064 1018 Vi.
1085 993 1121 1019 et
1141 989 1237 1019 Bem.
1262 997 1329 1018 non
1351 992 1480 1019 narrato
1504 990 1667 1031 habeant,
1686 992 1747 1023 sed

289 1037 407 1059 narra.-
430 1037 574 1069 cumque
590 1032 625 1059 et
640 1029 682 1060 ab
699 1029 748 1059 his
766 1028 859 1059 libris
876 1032 911 1060 et
928 1029 970 1060 ab
992 1029 1145 1061 omnibus
1161 1031 1235 1061 aliis
1251 1031 1340 1061 absit
1357 1031 1465 1062 dictio
1479 1042 1564 1063 rem:
1587 1033 1636 1064 ita
1655 1034 1746 1066 enim

290 1070 326 1102 in
343 1070 495 1102 omnibus
511 1071 648 1112 legitur,
670 1081 787 1102 omnem
812 1072 963 1111 ordinem,
986 1076 1020 1102 ut
1034 1072 1160 1110 sactum
1180 1073 1260 1110 siet;
1282 1083 1368 1104 unns
1391 1074 1506 1114 etiam,
1533 1085 1594 1115 pro
1617 1087 1748 1117 omnem,

290 1123 379 1145 omne
393 1113 538 1152 habeat3
563 1114 767 1145 crediderim
786 1118 821 1145 et
840 1116 953 1145 versui
970 1116 1145 1147 commode
1162 1120 1197 1146 et
1212 1116 1357 1147 sermoni
1376 1117 1568 1157 legendum,
1591 1119 1661 1158 Ego
1676 1120 1750 1151 abeo

289 1157 394 1187 intro:
417 1159 451 1187 tu
466 1156 521 1188 isti
535 1166 631 1187 narra
645 1167 732 1188 omne
757 1158 876 1197 ordine,
899 1161 933 1188 ut
948 1157 1073 1196 factum
1098 1159 1168 1189 siet.
1214 1159 1315 1192 Quod
1342 1164 1456 1190 autem
1482 1170 1569 1191 omne
1590 1161 1747 1194 absolute

291 1199 360 1230 dici
378 1199 498 1239 possit,
521 1200 670 1230 ostendit
687 1200 833 1231 Plautus
850 1201 882 1230 in
895 1200 1153 1241 Amphitryone.
1179 1201 1239 1232 Fa.
1286 1202 1376 1232 Mire
1392 1202 1446 1232 hic
1463 1203 1595 1234 variant
1612 1204 1749 1235 codices

292 1243 412 1273 nostri.
456 1243 567 1273 Recte
593 1242 755 1273 Faernus.
779 1243 875 1274 Bent.
920 1244 972 1274 Sit
997 1244 1037 1275 R.
1068 1244 1164 1274 Lind.
1207 1244 1314 1281 Abeo;
1348 1248 1382 1275 tu
1407 1244 1462 1276 isti
1487 1249 1614 1277 narrato
1638 1248 1747 1279 ordine

292 1295 390 1324 mnne,
413 1285 460 1315 uti
473 1285 505 1322 s.
529 1286 588 1315 siet
611 1286 711 1317 Both.
756 1286 898 1316 Narrate
922 1297 1040 1317 omnem
1069 1287 1205 1317 ordinem
1231 1290 1266 1317 ut
1280 1286 1404 1325 factum
1429 1289 1472 1318 sit
1497 1289 1558 1320 ΒΓ.
1605 1290 1747 1322 Narrate

293 1327 412 1359 Guelf.
430 1330 459 1359 1.
475 1331 506 1359 3.
520 1328 647 1369 Delph.
693 1329 834 1360 Narrato
848 1329 966 1368 ordine,
989 1334 1022 1360 ut
1039 1329 1118 1370 Bip.
1134 1330 1267 1361 omissis
1282 1340 1399 1362 omnem
1413 1340 1489 1362 rem.

680 1645 885 1687 ACTUS
919 1645 977 1686 V.
1037 1644 1245 1686 SCENA
1276 1644 1359 1687 VI.

761 1777 968 1808 LACHES.
1031 1778 1288 1808 PARMENO.

298 1845 386 1888 LA.
418 1846 490 1887 Ex
510 1860 609 1888 meo
630 1847 881 1901 propinquo
902 1860 999 1888 rure
1021 1847 1102 1888 hoc
1119 1848 1250 1900 capio
1273 1847 1512 1898 commodi,

288 1913 451 1969 Neque
471 1915 561 1969 agri
579 1929 721 1969 neque
742 1915 864 1956 urbis
888 1915 1039 1956 odium
1060 1928 1129 1956 me
1146 1928 1338 1968 unquam
1359 1915 1561 1970 percipit.

292 1982 383 2024 Ubi
405 1983 543 2024 satias
564 1983 703 2037 coepit
724 1984 831 2033 fieri,
854 1988 1078 2024 commuto
1098 1983 1259 2024 locum.

294 2050 383 2091 Sed
404 2055 524 2092 estne
545 2052 618 2092 ille
639 2056 786 2093 noster
809 2051 1056 2092 Parmeno?
1088 2055 1130 2092 et
1149 2057 1265 2092 certe
1286 2051 1414 2104 ipsus
1435 2054 1515 2092 est.

294 2117 439 2168 Quem
460 2119 732 2171 praestolare,
754 2119 988 2168 Parmeno,
1008 2120 1079 2160 hic
1103 2124 1202 2160 ante
1221 2119 1418 2160 ostium?
1713 2120 1744 2161 5

292 2186 380 2226 PA.
398 2184 510 2236 Quis
525 2186 656 2227 homo
672 2186 760 2227 ’sti
783 2187 926 2237 ehem,
944 2188 1117 2229 salvum
1132 2192 1176 2228 te
1191 2187 1412 2237 advenire,
1425 2185 1539 2236 here,
1552 2185 1743 2239 gaudeo.

334 2304 398 2336 LA.
425 2306 477 2337 Ex
494 2317 557 2337 meo
572 2306 746 2338 suburbano
769 2307 885 2347 proedz‘o
908 2307 986 2337 hanc
1008 2307 1252 2337 commoditatem
1268 2307 1374 2344 habeo,
1391 2306 1470 2346 quod
1484 2315 1578 2346 neque
1593 2305 1677 2337 ruris
1691 2315 1743 2336 ne-

291 2357 348 2386 que
364 2348 449 2378 urbis
455 2349 626 2386 fastidium
651 2360 697 2380 me
720 2360 852 2390 unquam
877 2351 963 2379 valde
990 2350 1095 2389 capit;
1119 2349 1172 2379 ubi
1193 2349 1376 2380 alterutrius
1399 2349 1489 2389 coepit
1509 2349 1640 2380 satietas
1652 2348 1743 2389 fieri,

291 2390 388 2420 locum
402 2391 533 2422 alterum
547 2394 645 2423 altero
660 2396 753 2422 muto.
799 2392 860 2422 Sed
880 2396 964 2422 estne
978 2392 1030 2422 ille
1045 2395 1148 2422 noster
1162 2401 1266 2422 servus
1279 2392 1452 2423 Parmeno?
1467 2394 1497 2422 et
1511 2395 1593 2422 certe
1606 2392 1672 2431 ipse
1686 2394 1741 2421 est.

294 2432 391 2467 Quem
412 2438 568 2474 expectas,
587 2436 749 2475 Parmeno,
765 2439 837 2465 ante
852 2435 907 2465 has
923 2432 1038 2471 fores?
1082 2435 1148 2466 ΡΑ.
1174 2435 1253 2470 Quis
1272 2435 1358 2465 homo
1374 2444 1420 2465 me
1436 2435 1594 2474 appellat?
1615 2435 1716 2465 Ehem
1731 2432 1748 2465 Ι

899 2529 1136 2541 eeeeeeeeeeee

334 2597 352 2625 3
376 2592 476 2624 Simul
491 2604 596 2625 comm.
612 2595 708 2624 locum
724 2594 772 2625 M.
816 2593 954 2625 Satietas
971 2595 1039 2625 ET.
1056 2595 1136 2625 EM.
1166 2595 1326 2625 West.-4
1349 2593 1391 2624 In
1416 2592 1461 2624 R.
1488 2595 1534 2623 est
1561 2592 1740 2624 omittitur.

291 2637 386 2668 Lind.
432 2637 525 2667 Edit.
543 2637 620 2667 add.
638 2641 749 2675 noster,
774 2637 863 2677 qnod
881 2642 1041 2677 tanquam
1057 2638 1199 2677 glossam
1221 2637 1321 2667 habet
1337 2635 1457 2667 codex.
1481 2635 1666 2670 Bruns.—5
1690 2636 1740 2666 M.

289 2678 423 2721 [Guelf.
441 2679 489 2718 2,]
505 2680 571 2710 ET.
588 2680 666 2709 EM.
682 2683 753 2710 ante
768 2680 879 2710 ostium
898 2679 1035 2711 Thaidis.
1080 2680 1121 2710 In
1136 2680 1180 2711 G.
1195 2679 1232 2709 τὸ
1251 2678 1377 2710 Thaidis
1392 2679 1660 2718 suprascriptum
1677 2683 1742 2709 est.

298 2722 396 2753 West.
440 2722 644 2761 Praestolare]
668 2722 753 2753 GM.
769 2732 844 2761 sup.
860 2723 978 2762 script.
994 2722 1051 2760 ris,
1067 2728 1103 2753 ut
1121 2724 1252 2762 legatur
1264 2721 1467 2762 praestolaris.
1490 2720 1652 2751 PerL—-o
1675 2721 1742 2753 Ms.

291 2765 383 2806 Lips.
397 2765 511 2797 salvom
526 2768 556 2796 te
571 2765 730 2796 advenisse
743 2766 874 2804 gaudeo.
897 2765 954 2796 Ita
970 2768 1004 2797 et
1019 2765 1091 2798 ΕΡ.
1105 2765 1248 2806 aliaeque
1264 2767 1424 2806 vetustae,
1434 2762 1495 2795 sed
1510 2762 1644 2804 addito,
1656 2763 1739 2795 kere.
