1966 3302
450 210 867 242 HEAU'roN‘mMoR.
904 211 1010 242 Ac-T.
1044 211 1107 242 ιν.
1140 211 1206 241 sc.
1243 211 1307 240 v1.
1514 202 1599 244 633

149 307 231 349 CI..
262 306 436 348 Vellem
475 307 623 349 hercle
658 308 848 350 factum:
890 309 953 350 ita
986 308 1180 349 meritus.
1252 307 1335 348 SY.
1381 307 1569 350 Meritus
1587 314 1598 354 l

320 374 539 428 quomodo
553 376 571 415 't

151 441 194 482 N
199 454 237 482 ae
258 455 327 482 me
347 443 463 482 istuc
484 455 539 482 ex
565 448 605 483 te
627 442 747 494 prius
770 442 999 483 audivisse
1020 442 1207 495 gaudeo,

149 508 298 559 Quam
320 514 544 562 argentum
566 509 771 558 haberes,
792 509 909 562 quod
931 510 1114 551 daturus
1130 510 1224 564 jam
1245 510 1323 550 fui.

149 576 233 618 Ci..
266 575 388 627 Quid
409 577 541 629 igitur
561 577 705 618 dicam
725 576 804 617 tibi
830 577 929 617 vis?
962 578 1109 618 abiisti
1128 591 1137 618 ε
1169 577 1277 618 mihi

147 643 350 685 Amicam
373 644 575 694 adduxti,
602 656 733 698 quam
753 657 842 684 non
864 645 995 685 liceat
1015 648 1203 697 tangere.
1544 646 1600 686 15

147 711 232 752 SY.
260 711 291 752 J
294 724 362 752 am
380 725 467 752 non
488 725 585 752 sum
607 712 768 752 iratus:
801 711 879 752 sed
899 711 1003 753 scin'
1024 713 1099 752 ubi
1117 724 1230 753 nunc
1251 711 1307 752 sit
1328 712 1408 753 tibi

145 777 242 819 Tua
261 778 485 820 Bacchis?
539 779 621 820 Cr..
651 776 785 832 Apud
807 791 905 820 nos.
951 779 1034 821 SY.
1067 779 1185 822 Non.
1235 779 1320 822 CI..
1350 779 1443 821 Ubi
1463 780 1596 834 ergo?

319 845 402 887 SY.
433 845 565 899 Apud
587 844 795 886 Cliniam.

146 913 229 955 Cr..
257 913 407 955 Perii!
468 914 550 955 SY.
582 914 710 955 Bono
744 914 890 955 animo
931 927 1006 956 es:
1031 914 1129 970 jam
1160 920 1383 970 argentum
1413 915 1470 958 ad
1498 929 1598 958 cam

317 981 508 1031 deseres,

144 1046 280 1097 Quod
299 1049 339 1090 ei
361 1049 602 1102 pollicitus.
654 1048 738 1089 Cr..
771 1047 952 1090 Garris:
983 1049 1134 1091 unde?
1184 1050 1267 1091 SY.
1298 1050 1436 1092 Atuo
1454 1054 1593 1104 patre.

141 1193 250 1231 culem,
260 1192 369 1223 vellem
381 1192 416 1223 id
430 1192 574 1230 evenisse,
588 1193 636 1224 ita
650 1193 766 1232 dignus
776 1203 808 1224 es
822 1193 934 1225 exitio.
979 1193 1041 1226 ΞΥ.
1069 1193 1217 1233 Dignus?
1238 1204 1297 1235 qua
1309 1195 1346 1225 de
1362 1197 1474 1226 causa?
1499 1194 1594 1226 Certe

138 1237 258 1274 gaudeo
273 1236 359 1266 istud
372 1246 419 1266 me
438 1235 609 1267 convicium
621 1246 640 1266 u
661 1239 692 1267 te
706 1236 853 1274 audiisse,
865 1240 1030 1277 antequam
1040 1238 1201 1277 pecuniam
1216 1238 1363 1278 accipias,
1377 1247 1468 1278 quam
1484 1239 1594 1269 statim

140 1277 201 1309 tibi
220 1281 439 1310 numeraturus
459 1288 554 1309 eram.
601 1279 661 1310 CL.
687 1279 773 1315 Quid
795 1279 896 1318 igitur
912 1280 961 1310 vis
975 1280 1078 1311 dicam
1092 1280 1190 1319 aliud,
1205 1291 1274 1312 cum
1289 1290 1413 1312 causam
1427 1281 1520 1312 aliter
1543 1281 1591 1312 di-

139 1321 229 1352 cendi
241 1321 318 1352 mihi
333 1331 393 1352 non
401 1322 542 1353 dederis?
559 1322 629 1353 hinc
637 1322 817 1361 discessisti,
829 1323 991 1353 adduxisti
1007 1323 1085 1353 mihi
1099 1323 1244 1362 amicam,
1259 1334 1349 1364 quam
1362 1334 1423 1354 non
1435 1324 1599 1364 permitta-

140 1367 193 1395 tur
206 1367 398 1395 attractare?
439 1365 501 1396 ΞΥ.
524 1365 600 1395 Jum
615 1375 675 1396 non
689 1375 757 1396 sum
772 1366 874 1396 iratus
887 1369 1013 1406 propter·
1029 1365 1156 1404 felicem
1178 1367 1297 1397 exitum
1312 1366 1371 1397 mei
1385 1367 1500 1407 incepti
1511 1378 1521 1398 .·
1544 1368 1598 1398 sed

138 1407 249 1442 scisne,
264 1406 317 1438 ubi
330 1417 411 1438 nunc
424 1408 467 1438 sit
481 1407 580 1438 amica
595 1411 648 1438 tua
667 1409 823 1439 Bacchis?
866 1409 928 1440 Cr..
953 1409 1014 1439 Est
1036 1410 1070 1439 in
1094 1410 1181 1440 domo
1196 1413 1312 1441 nostra.
1356 1410 1418 1441 SY.
1444 1411 1518 1440 Non
1539 1414 1599 1441 est.

141 1448 203 1481 CI..
229 1449 291 1481 Ubi
305 1450 426 1488 igitur?
470 1451 533 1481 SY.
555 1450 650 1492 Apud
667 1451 814 1483 Cliniam.
861 1451 922 1482 CL.
949 1451 1070 1483 Occidi.
1115 1453 1178 1483 SY.
1202 1452 1316 1484 Animo
1330 1452 1405 1483 bono
1427 1456 1511 1484 esto:
1525 1452 1597 1490 J'am

140 1492 258 1530 deseres
270 1493 310 1524 ad
323 1502 391 1524 eum
404 1497 580 1534 argeutum,
592 1494 672 1535 quod
684 1494 713 1525 ei
736 1493 919 1535 promisisti.
963 1495 1025 1526 Cr..
1044 1495 1200 1535 Nugaris.
1232 1496 1320 1527 Unde
1333 1496 1418 1527 istud
1433 1499 1599 1535 argentum

754 1615 851 1629 θροῶ,
857 1616 996 1629 “000“

138 1691 289 1732 prodiditi
332 1691 390 1723 Ita
414 1696 450 1724 et
466 1691 533 1723 Ms.
547 1692 708 1725 Boecleri.
739 1692 927 1725 West.—l2
951 1694 1083 1726 Audisse
1108 1693 1245 1735 gaudeo]
1276 1694 1320 1726 Ο.
1337 1695 1361 1727 l.
1378 1704 1404 1726 S.
1422 1695 1599 1734 audivisse;

143 1740 180 1767 et
207 1740 419 1767 sustentatur
441 1745 557 1766 versus
582 1737 817 1768 contractione
841 1737 942 1778 hujus
960 1737 1056 1768 verbi
1073 1737 1108 1768 in
1125 1737 1388 1769 antibacchium.
1414 1738 1474 1770 Fa.
1513 1739 1600 1771 Ride

139 1776 242 1809 istum
266 1778 529 1810 antibacchium.
574 1779 684 1818 Pone,
715 1779 836 1821 inquit,
859 1779 1027 1820 audivisse,
1057 1779 1117 1811 sed
1147 1781 1372 1822 contrahatur
1403 1781 1437 1812 in
1466 1782 1601 1814 audisse.

143 1820 213 1852 Cur
228 1830 294 1851 non
309 1820 422 1862 itaque
438 1826 475 1852 et
490 1821 539 1853 sic
554 1821 726 1853 scribatur
739 1822 750 1853 ?
775 1823 827 1854 Ne
848 1833 896 1854 me
918 1823 998 1854 istuc
1021 1834 1060 1854 ex
1076 1827 1105 1855 te
1117 1824 1206 1864 prius
1220 1824 1341 1855 audisse
1354 1825 1485 1863 gaudeo.
1530 1826 1597 1857 Sed

140 1872 216 1895 cum
231 1873 348 1895 omnes
372 1863 496 1904 ubique
516 1864 654 1895 codices
675 1865 830 1898 audivisse
845 1865 1013 1905 habeant;
1035 1866 1111 1907 lege.
1128 1876 1205 1898 cum
1221 1866 1339 1898 codice
1357 1867 1529 1907 petrensi,
1547 1869 1600 1900 Ne

140 1916 188 1938 me
202 1906 285 1937 istuc
297 1907 387 1946 prius
401 1917 441 1938 ex
457 1910 487 1938 te
501 1907 656 1938 audivisse
675 1909 815 1947 gaudeo:
839 1913 875 1939 et
900 1909 1017 1940 melior
1043 1919 1125 1940 sane
1150 1909 1362 1941 constructio
1379 1914 1443 1942 est.
1488 1909 1598 1951 Infra,

143 1951 218 1980 v.4.
234 1951 266 1980 8.
289 1949 298 1966 ‘
313 1949 405 1980 Cave
421 1949 510 1980 istuc
525 1950 666 1981 verbum
693 1960 737 1981 ex
761 1955 796 1982 te
821 1950 953 1982 audiam
967 1951 987 1991 ;'
1011 1956 1047 1983 et
1062 1951 1155 1983 alibi.
1201 1953 1265 1983 Vir
1282 1952 1416 1992 doctus,
1434 1953 1461 1983 si
1477 1963 1525 1984 me
1540 1953 1601 1985 de·

140 1991 264 2031 leatur,
281 2001 437 2023 numeros
453 1991 527 2023 fore
544 1993 703 2024 meliores
721 1998 830 2034 putat.
875 1994 984 2025 Immo
1005 1994 1197 2026 deteriores
1213 2005 1221 2026 :
1251 2000 1320 2026 tum
1348 1995 1438 2026 enim
1461 1996 1470 2012 ‘
1484 1997 1576 2037 prius
1588 1996 1599 2011 '

142 2034 176 2064 in
203 2034 305 2065 Thesi
337 2035 519 2066 delitescet
547 2040 668 2067 contra
699 2045 825 2068 morem
856 2037 1112 2078 pronuntiandi.
1140 2039 1321 2069 Bent.—-14
1345 2038 1412 2069 Ms.
1442 2038 1533 2080 Lips.
1562 2044 1599 2071 et

142 2076 262 2108 Boend.
284 2077 344 2108 tibi
365 2078 414 2108 vis
427 2076 554 2117 dicam?
588 2078 642 2110 Ita
665 2084 701 2110 et
729 2079 801 2112 ΕΡ.
827 2089 903 2111 cum
931 2080 1006 2111 EA.
1035 2080 1135 2112 West.
1181 2081 1268 2116 Quid
1292 2081 1393 2120 igitur
1416 2081 1518 2113 dicam
1540 2082 1600 2113 tibi

141 2116 216 2150 vis?
236 2119 343 2159 abisti,
367 2120 444 2151 mihi
458 2119 602 2152 Amicam
623 2122 768 2161 adduxti,
784 2132 873 2162 quam
888 2133 949 2154 non
965 2123 1056 2154 liceat
1071 2127 1210 2163 tangere.
1255 2123 1312 2154 Sic
1330 2134 1349 2154 a
1366 2124 1425 2154 Fa.
1441 2129 1514 2163 est3
1540 2125 1599 2166 qui

141 2161 225 2192 nihil
238 2167 389 2194 annotat.
432 2163 523 2195 Quid
547 2164 601 2194 hic
628 2164 679 2195 vir
701 2165 876 2196 eruditus?
921 2165 962 2196 In
988 2170 1118 2197 textum
1144 2166 1279 2205 ascivit,
1295 2166 1414 2205 abiisti,
1432 2176 1532 2198 versu
1550 2168 1599 2200 ait

142 2204 357 2244 postulante3
383 2209 419 2236 et
435 2204 630 2238 confectum
647 2206 742 2238 dedit
770 2208 959 2248 negotium.
1004 2209 1077 2247 Ego
1101 2218 1184 2239 vero
1207 2210 1412 2240 sententiam
1440 2210 1508 2249 hic,
1530 2220 1598 2242 non

142 2256 298 2278 numeros
325 2247 494 2281 desidero.
549 2250 717 2282 Quorsum
746 2251 834 2281 euim
861 2251 944 2282 illud
968 2250 1100 2285 abiisti?
1132 2252 1236 2291 Syrus
1263 2262 1427 2293 nusquam
1451 2253 1599 2294 abierat,

141 2289 232 2321 domi
249 2291 302 2321 vel
319 2290 351 2321 iu
367 2300 468 2322 scena
486 2298 739 2332 permanserat:
768 2293 919 2334 Clitipho
946 2299 999 2325 est
1014 2295 1071 2335 qui
1088 2293 1184 2334 abiit,
1199 2299 1235 2325 et
1248 2295 1387 2331 invitus,
1404 2295 1598 2327 deambula-

142 2337 227 2365 tum.
271 2333 308 2365 Si
324 2334 398 2372 hoc,
414 2338 452 2365 ut
469 2339 533 2375 est,
550 2344 665 2366 verum
680 2340 746 2374 est,
763 2336 838 2367 sine
855 2336 962 2368 dubio
979 2338 1064 2368 latet
1079 2337 1179 2368 altius
1194 2338 1364 2369 mendum.
1412 2339 1503 2369 Sane
1518 2348 1597 2370 nos·

129 2375 187 2419 =tri
208 2375 315 2414 abisti,
339 2380 377 2408 ut
401 2381 437 2408 et
453 2377 645 2409 Faerniani.
691 2379 869 2410 Praeterea
895 2380 1045 2411 universi
1072 2381 1121 2410 sie
1145 2381 1252 2412 verba
1276 2380 1481 2421 disponunt:
1510 2382 1596 2417 Quid

140 2417 242 2457 igitur
256 2418 317 2450 tibi
325 2419 373 2450 vis
381 2420 503 2451 ‹iu-am?
520 2421 571 2451 Ex
584 2420 634 2451 his
647 2422 800 2461 vestigiis
814 2431 928 2452 veram
940 2423 1122 2454 lectionem
1135 2423 1291 2463 indagavi
1308 2433 1316 2462 3
1331 2433 1406 2464 quae
1421 2424 1469 2455 sic
1486 2434 1522 2455 se
1535 2425 1593 2456 ha·

142 2460 213 2496 bet,
223 2461 307 2497 Quid
318 2461 418 2501 igitur
426 2462 485 2493 tibi
495 2464 541 2494 vis
549 2464 668 2496 dicam?
682 2465 779 2495 adisti
790 2465 864 2496 mihi
873 2475 1013 2496 manum:
1027 2466 1169 2497 Amicam
1177 2467 1320 2505 adduxti,
1330 2476 1420 2506 quam
1431 2477 1490 2498 non
1500 2467 1593 2498 liceat

141 2506 280 2543 tangere.
302 2505 403 2536 Bent.
436 2505 508 2536 Tibi
522 2507 570 2537 vis
585 2506 704 2538 dicam?
721 2508 780 2539 ΒΓ.
811 2508 952 2538 Bothius
967 2508 1027 2539 tibi
1042 2510 1090 2539 cis
1103 2508 1228 2540 dicam?
1241 2508 1397 2549 abegisti!
1413 2510 1488 2540 mihi
1504 2510 1593 2542 Ami·

140 2556 218 2578 cam.
229 2546 322 2578 Perl.
344 2547 405 2578 tibi
421 2547 469 2579 vis
478 2549 595 2580 d.-l5
620 2550 793 2581 Adduristi
807 2549 924 2582 Guelf.
936 2554 968 2582 2.
1014 2552 1099 2582 Post
1115 2552 1202 2582 hunc
1216 2562 1266 2582 vs.
1283 2551 1416 2583 addidit
1433 2552 1535 2583 Both.
1548 2563 1593 2584 ex

141 2588 222 2620 Hel.
268 2589 471 2630 Credendum,
486 2601 526 2622 ex
546 2592 647 2623 animo
672 2593 811 2624 nonnihil
835 2602 882 2624 me
897 2593 1048 2625 irascier.-
1071 2600 1106 2625 ct
1121 2594 1200 2625 dein
1217 2594 1281 2625 hnc
1300 2595 1507 2633 transposuit
1523 2605 1591 2629 vs5.

142 2634 195 2662 12.
214 2633 264 2662 13.
308 2633 394 2673 Syro
408 2634 584 2665 tribuens:
609 2635 687 2665 dein
704 2635 819 2675 habet,
843 2636 904 2667 CL.
927 2637 1002 2667 Jam
1025 2647 1085 2668 uon
1107 2647 1174 2668 sum
1187 2638 1299 2668 iratus.
1357 2639 1420 2669 SY.
1439 2638 1503 2669 Sed
1517 2638 1591 2670 sin'.

140 2673 193 2704 ubi
204 2683 284 2705 nunc
299 2675 341 2706 sit
354 2676 511 2708 tibi—17
530 2677 618 2708 Gov.
636 2682 670 2708 et
685 2679 775 2709 Mur.
792 2682 831 2710 ut
846 2683 956 2710 metro
973 2680 1162 2718 consulant,
1179 2680 1301 2711 tollunt
1318 2680 1393 2711 Tua.
1439 2681 1495 2711 Er.
1510 2690 1592 2712 vero

142 2720 277 2748 resecat
290 2716 329 2749 τὸ
345 2718 446 2759 Apud.
491 2719 581 2750 Illud
598 2720 816 2760 elegantiam,
832 2721 895 2753 hoc
914 2722 1132 2754 Latinitatem
1149 2723 1255 2754 laedit.
1279 2724 1378 2755 PVest.
1426 2723 1483 2753 ΒΓ.
1500 2724 1593 2764 Apud

141 2767 193 2790 nos
215 2762 273 2791 est.
319 2760 388 2792 Pro
412 2772 484 2802 ergo
509 2763 551 2794 al.
575 2763 776 2803 ignum—19
799 2764 880 2796 Mss.
906 2765 1052 2806 plusculi
1076 2770 1111 2798 et
1136 2766 1206 2798 ΕΡ.
1225 2776 1303 2798 cum
1329 2766 1402 2806 EA,
1424 2766 1504 2797 unde
1531 2764 1592 2798 id?
