<?xml version="1.0" encoding="UTF-8"?>
<!DOCTYPE html PUBLIC "-//W3C//DTD XHTML 1.0 Transitional//EN"
    "http://www.w3.org/TR/xhtml1/DTD/xhtml1-transitional.dtd">
<html xmlns="http://www.w3.org/1999/xhtml" xml:lang="en" lang="en">
 <head>
  <title>
</title>
<meta http-equiv="Content-Type" content="text/html;charset=utf-8" />
  <meta name='ocr-system' content='tesseract 3.04.00' />
  <meta name='ocr-capabilities' content='ocr_page ocr_carea ocr_par ocr_line ocrx_word'/>
</head>
<body>
  <div class='ocr_page' id='page_1' title='image "./pubterentiiafric02tereuoft/pubterentiiafric02tereuoft_0026.png"; bbox 0 0 1966 3302; ppageno 0'>
   <div class='ocr_carea' id='block_1_1' title="bbox 308 217 1275 259">
    <p class='ocr_par' dir='ltr' id='par_1_1' title="bbox 308 217 1275 259">
     <span class='ocr_line' id='line_1_1' title="bbox 308 217 1275 259; baseline 0.001 -1"><span class='ocrx_word' id='word_1_1' title='bbox 308 217 394 259; x_wconf 76' lang='lat'>516</span> <span class='ocrx_word' id='word_1_2' title='bbox 803 229 846 258; x_wconf 78' lang='lat'>1³.</span> <span class='ocrx_word' id='word_1_3' title='bbox 880 226 1122 258; x_wconf 70' lang='lat' dir='ltr'>TEREN&#39;ru</span> <span class='ocrx_word' id='word_1_4' title='bbox 1159 225 1275 259; x_wconf 63' lang='lat' dir='ltr'>Arm</span> 
     </span>
    </p>
   </div>
   <div class='ocr_carea' id='block_1_2' title="bbox 309 321 1771 581">
    <p class='ocr_par' dir='ltr' id='par_1_2' title="bbox 309 321 1525 373">
     <span class='ocr_line' id='line_1_2' title="bbox 309 321 1525 373; baseline 0.001 -10"><span class='ocrx_word' id='word_1_5' title='bbox 309 321 394 364; x_wconf 86' lang='lat' dir='ltr'>Ille</span> <span class='ocrx_word' id='word_1_6' title='bbox 416 323 491 363; x_wconf 90' lang='lat' dir='ltr'>ubi</span> <span class='ocrx_word' id='word_1_7' title='bbox 510 322 594 364; x_wconf 90' lang='lat' dir='ltr'>hoc</span> <span class='ocrx_word' id='word_1_8' title='bbox 615 323 794 365; x_wconf 80' lang='lat' dir='ltr'><strong>rescivit</strong></span> <span class='ocrx_word' id='word_1_9' title='bbox 813 324 994 373; x_wconf 78' lang='lat' dir='ltr'>factum,</span> <span class='ocrx_word' id='word_1_10' title='bbox 1015 323 1149 364; x_wconf 83' lang='lat' dir='ltr'>frater</span> <span class='ocrx_word' id='word_1_11' title='bbox 1168 324 1525 366; x_wconf 85' lang='lat' dir='ltr'>violentissimus.</span> 
     </span>
    </p>

    <p class='ocr_par' dir='ltr' id='par_1_3' title="bbox 309 390 1770 500">
     <span class='ocr_line' id='line_1_3' title="bbox 309 390 1770 445; baseline 0.001 -13"><span class='ocrx_word' id='word_1_12' title='bbox 309 391 401 432; x_wconf 85' lang='lat' dir='ltr'>PA.</span> <span class='ocrx_word' id='word_1_13' title='bbox 433 390 656 440; x_wconf 83' lang='lat' dir='ltr'>Quidnam</span> <span class='ocrx_word' id='word_1_14' title='bbox 675 390 811 433; x_wconf 71' lang='lat' dir='ltr'>fecit?</span> <span class='ocrx_word' id='word_1_15' title='bbox 874 392 965 432; x_wconf 83' lang='lat' dir='ltr'>PY.</span> <span class='ocrx_word' id='word_1_16' title='bbox 996 390 1241 444; x_wconf 83' lang='lat' dir='ltr'>Colligavit</span> <span class='ocrx_word' id='word_1_17' title='bbox 1263 391 1456 445; x_wconf 87' lang='lat' dir='ltr'>primum</span> <span class='ocrx_word' id='word_1_18' title='bbox 1475 404 1575 434; x_wconf 88' lang='lat' dir='ltr'>eum</span> <span class='ocrx_word' id='word_1_19' title='bbox 1593 391 1770 434; x_wconf 85' lang='lat' dir='ltr'>miseris</span> 
     </span>
     <span class='ocr_line' id='line_1_4' title="bbox 481 459 969 500; baseline 0.004 -2"><span class='ocrx_word' id='word_1_20' title='bbox 481 459 643 500; x_wconf 87' lang='lat' dir='ltr'>modis.</span> <span class='ocrx_word' id='word_1_21' title='bbox 703 460 790 500; x_wconf 81' lang='lat' dir='ltr'>PA.</span> <span class='ocrx_word' id='word_1_22' title='bbox 823 460 969 500; x_wconf 84' lang='lat' dir='ltr'>Hem!</span> 
     </span>
    </p>

    <p class='ocr_par' dir='ltr' id='par_1_4' title="bbox 311 525 1771 581">
     <span class='ocr_line' id='line_1_5' title="bbox 311 525 1771 581; baseline 0 -13"><span class='ocrx_word' id='word_1_23' title='bbox 311 525 576 579; x_wconf 79' lang='lat' dir='ltr'>Colligavit‘?</span> <span class='ocrx_word' id='word_1_24' title='bbox 641 527 730 568; x_wconf 85' lang='lat' dir='ltr'>PY.</span> <span class='ocrx_word' id='word_1_25' title='bbox 762 527 909 581; x_wconf 84' lang='lat' dir='ltr'><strong>Atque</strong></span> <span class='ocrx_word' id='word_1_26' title='bbox 943 526 1149 581; x_wconf 84' lang='lat' dir='ltr'>equidem</span> <span class='ocrx_word' id='word_1_27' title='bbox 1183 531 1349 577; x_wconf 84' lang='lat' dir='ltr'>orante,</span> <span class='ocrx_word' id='word_1_28' title='bbox 1373 531 1421 568; x_wconf 86' lang='lat' dir='ltr'>ut</span> <span class='ocrx_word' id='word_1_29' title='bbox 1448 539 1505 568; x_wconf 89' lang='lat' dir='ltr'>ne</span> <span class='ocrx_word' id='word_1_30' title='bbox 1525 526 1569 567; x_wconf 91' lang='lat' dir='ltr'>id</span> <span class='ocrx_word' id='word_1_31' title='bbox 1590 525 1771 576; x_wconf 82' lang='lat' dir='ltr'>faceret,</span> 
     </span>
    </p>
   </div>
   <div class='ocr_carea' id='block_1_3' title="bbox 308 594 1772 907">
    <p class='ocr_par' dir='ltr' id='par_1_5' title="bbox 308 594 1772 907">
     <span class='ocr_line' id='line_1_6' title="bbox 485 594 667 636; baseline 0.005 -1"><span class='ocrx_word' id='word_1_32' title='bbox 485 594 667 636; x_wconf 83' lang='lat' dir='ltr'>Thaide.</span> 
     </span>
     <span class='ocr_line' id='line_1_7' title="bbox 308 660 1772 718; baseline -0.001 -15"><span class='ocrx_word' id='word_1_33' title='bbox 308 662 399 703; x_wconf 88' lang='lat' dir='ltr'>PA.</span> <span class='ocrx_word' id='word_1_34' title='bbox 431 661 553 712; x_wconf 88' lang='lat' dir='ltr'>Quid</span> <span class='ocrx_word' id='word_1_35' title='bbox 576 663 678 703; x_wconf 68' lang='lat' dir='ltr'>ais?</span> <span class='ocrx_word' id='word_1_36' title='bbox 742 662 834 703; x_wconf 84' lang='lat' dir='ltr'>PY.</span> <span class='ocrx_word' id='word_1_37' title='bbox 867 662 1002 705; x_wconf 86' lang='lat' dir='ltr'>Nunc</span> <span class='ocrx_word' id='word_1_38' title='bbox 1035 665 1227 706; x_wconf 81' lang='lat' dir='ltr'>minatur</span> <span class='ocrx_word' id='word_1_39' title='bbox 1263 675 1408 718; x_wconf 88' lang='lat' dir='ltr'>porr0,</span> <span class='ocrx_word' id='word_1_40' title='bbox 1439 675 1537 703; x_wconf 89' lang='lat' dir='ltr'>sese</span> <span class='ocrx_word' id='word_1_41' title='bbox 1569 661 1629 711; x_wconf 93' lang='lat' dir='ltr'>id,</span> <span class='ocrx_word' id='word_1_42' title='bbox 1650 660 1772 714; x_wconf 90' lang='lat' dir='ltr'>quod</span> 
     </span>
     <span class='ocr_line' id='line_1_8' title="bbox 483 728 1772 782; baseline -0.002 -11"><span class='ocrx_word' id='word_1_43' title='bbox 483 730 670 772; x_wconf 80' lang='lat' dir='ltr'>moechis</span> <span class='ocrx_word' id='word_1_44' title='bbox 693 730 834 782; x_wconf 81' lang='lat' dir='ltr'>solet3</span> <span class='ocrx_word' id='word_1_45' title='bbox 1713 728 1772 769; x_wconf 83' lang='lat'>15</span> 
     </span>
     <span class='ocr_line' id='line_1_9' title="bbox 313 795 1769 853; baseline -0.001 -14"><span class='ocrx_word' id='word_1_46' title='bbox 313 798 448 850; x_wconf 88' lang='lat' dir='ltr'>Quod</span> <span class='ocrx_word' id='word_1_47' title='bbox 468 812 548 852; x_wconf 85' lang='lat' dir='ltr'>ego</span> <span class='ocrx_word' id='word_1_48' title='bbox 567 812 792 852; x_wconf 83' lang='lat' dir='ltr'>nunquam</span> <span class='ocrx_word' id='word_1_49' title='bbox 815 799 907 840; x_wconf 89' lang='lat' dir='ltr'>vidi</span> <span class='ocrx_word' id='word_1_50' title='bbox 940 799 1048 850; x_wconf 86' lang='lat' dir='ltr'>fieri,</span> <span class='ocrx_word' id='word_1_51' title='bbox 1070 812 1212 853; x_wconf 87' lang='lat' dir='ltr'>neque</span> <span class='ocrx_word' id='word_1_52' title='bbox 1240 799 1388 840; x_wconf 86' lang='lat' dir='ltr'>velim.</span> <span class='ocrx_word' id='word_1_53' title='bbox 1447 797 1535 839; x_wconf 80' lang='lat' dir='ltr'>PA.</span> <span class='ocrx_word' id='word_1_54' title='bbox 1567 795 1670 848; x_wconf 84' lang='lat' dir='ltr'>Qua</span> <span class='ocrx_word' id='word_1_55' title='bbox 1691 809 1769 838; x_wconf 83' lang='lat' dir='ltr'>au-</span> 
     </span>
     <span class='ocr_line' id='line_1_10' title="bbox 482 866 615 907; baseline 0 0"><span class='ocrx_word' id='word_1_56' title='bbox 482 866 615 907; x_wconf 83' lang='lat' dir='ltr'>dacia</span> 
     </span>
    </p>
   </div>
   <div class='ocr_carea' id='block_1_4' title="bbox 308 929 1772 1257">
    <p class='ocr_par' dir='ltr' id='par_1_6' title="bbox 308 929 1772 1043">
     <span class='ocr_line' id='line_1_11' title="bbox 308 929 1772 985; baseline -0.003 -10"><span class='ocrx_word' id='word_1_57' title='bbox 308 933 498 975; x_wconf 81' lang='lat' dir='ltr'>Tantum</span> <span class='ocrx_word' id='word_1_58' title='bbox 516 933 688 975; x_wconf 84' lang='lat' dir='ltr'>facinus</span> <span class='ocrx_word' id='word_1_59' title='bbox 710 933 879 975; x_wconf 68' lang='lat' dir='ltr'>audet?</span> <span class='ocrx_word' id='word_1_60' title='bbox 943 935 1031 975; x_wconf 88' lang='lat' dir='ltr'>PY.</span> <span class='ocrx_word' id='word_1_61' title='bbox 1065 934 1189 985; x_wconf 87' lang='lat' dir='ltr'>Quid</span> <span class='ocrx_word' id='word_1_62' title='bbox 1225 934 1291 975; x_wconf 86' lang='lat' dir='ltr'>ita</span> <span class='ocrx_word' id='word_1_63' title='bbox 1311 934 1516 975; x_wconf 65' lang='lat' dir='ltr'>tantum?</span> <span class='ocrx_word' id='word_1_64' title='bbox 1577 933 1669 974; x_wconf 81' lang='lat' dir='ltr'>PA.</span> <span class='ocrx_word' id='word_1_65' title='bbox 1698 929 1772 972; x_wconf 91' lang='lat' dir='ltr'>An</span> 
     </span>
     <span class='ocr_line' id='line_1_12' title="bbox 482 1001 1181 1043; baseline 0 -2"><span class='ocrx_word' id='word_1_66' title='bbox 482 1013 570 1041; x_wconf 90' lang='lat' dir='ltr'>non</span> <span class='ocrx_word' id='word_1_67' title='bbox 587 1001 670 1042; x_wconf 88' lang='lat' dir='ltr'>tibi</span> <span class='ocrx_word' id='word_1_68' title='bbox 688 1001 773 1042; x_wconf 91' lang='lat' dir='ltr'>hoc</span> <span class='ocrx_word' id='word_1_69' title='bbox 797 1014 1057 1043; x_wconf 83' lang='lat' dir='ltr'>maxumum</span> <span class='ocrx_word' id='word_1_70' title='bbox 1080 1002 1181 1042; x_wconf 71' lang='lat' dir='ltr'>est?</span> 
     </span>
    </p>

    <p class='ocr_par' dir='ltr' id='par_1_7' title="bbox 311 1067 1717 1122">
     <span class='ocr_line' id='line_1_13' title="bbox 311 1067 1717 1122; baseline -0.001 -13"><span class='ocrx_word' id='word_1_71' title='bbox 311 1068 429 1120; x_wconf 87' lang='lat' dir='ltr'>Quis</span> <span class='ocrx_word' id='word_1_72' title='bbox 450 1068 583 1109; x_wconf 89' lang='lat' dir='ltr'>homo</span> <span class='ocrx_word' id='word_1_73' title='bbox 600 1081 680 1122; x_wconf 85' lang='lat' dir='ltr'>pro</span> <span class='ocrx_word' id='word_1_74' title='bbox 702 1069 878 1110; x_wconf 79' lang='lat' dir='ltr'>moecho</span> <span class='ocrx_word' id='word_1_75' title='bbox 901 1083 1097 1122; x_wconf 82' lang='lat' dir='ltr'>unquam</span> <span class='ocrx_word' id='word_1_76' title='bbox 1117 1069 1228 1110; x_wconf 77' lang='lat' dir='ltr'>vidit</span> <span class='ocrx_word' id='word_1_77' title='bbox 1247 1068 1292 1109; x_wconf 88' lang='lat' dir='ltr'>in</span> <span class='ocrx_word' id='word_1_78' title='bbox 1315 1068 1450 1109; x_wconf 90' lang='lat' dir='ltr'>domo</span> <span class='ocrx_word' id='word_1_79' title='bbox 1468 1067 1717 1109; x_wconf 81' lang='lat' dir='ltr'>meretricia</span> 
     </span>
    </p>

    <p class='ocr_par' dir='ltr' id='par_1_8' title="bbox 310 1133 1772 1257">
     <span class='ocr_line' id='line_1_14' title="bbox 310 1133 1772 1190; baseline -0.002 -11"><span class='ocrx_word' id='word_1_80' title='bbox 310 1136 534 1179; x_wconf 83' lang='lat' dir='ltr'>Prehendi</span> <span class='ocrx_word' id='word_1_81' title='bbox 584 1138 866 1190; x_wconf 72' lang='lat' dir='ltr'>quenquam?</span> <span class='ocrx_word' id='word_1_82' title='bbox 941 1136 1030 1177; x_wconf 85' lang='lat' dir='ltr'>PY.</span> <span class='ocrx_word' id='word_1_83' title='bbox 1083 1135 1271 1178; x_wconf 87' lang='lat' dir='ltr'>Nescio.</span> <span class='ocrx_word' id='word_1_84' title='bbox 1346 1135 1437 1178; x_wconf 88' lang='lat' dir='ltr'>PA.</span> <span class='ocrx_word' id='word_1_85' title='bbox 1483 1133 1562 1186; x_wconf 86' lang='lat' dir='ltr'>At,</span> <span class='ocrx_word' id='word_1_86' title='bbox 1594 1147 1651 1176; x_wconf 85' lang='lat' dir='ltr'>ne</span> <span class='ocrx_word' id='word_1_87' title='bbox 1690 1135 1772 1176; x_wconf 87' lang='lat' dir='ltr'>hoc</span> 
     </span>
     <span class='ocr_line' id='line_1_15' title="bbox 480 1203 938 1257; baseline -0.002 -12"><span class='ocrx_word' id='word_1_88' title='bbox 480 1205 710 1255; x_wconf 82' lang='lat' dir='ltr'>nesciatis,</span> <span class='ocrx_word' id='word_1_89' title='bbox 729 1203 938 1257; x_wconf 82' lang='lat' dir='ltr'>Pythias,</span> 
     </span>
    </p>
   </div>
   <div class='ocr_carea' id='block_1_5' title="bbox 308 1328 1776 1675">
    <p class='ocr_par' dir='ltr' id='par_1_9' title="bbox 308 1328 1776 1675">
     <span class='ocr_line' id='line_1_16' title="bbox 308 1328 1774 1375; baseline -0.003 -12"><span class='ocrx_word' id='word_1_90' title='bbox 308 1334 417 1375; x_wconf 81' lang='lat' dir='ltr'>pravit</span> <span class='ocrx_word' id='word_1_91' title='bbox 432 1333 535 1365; x_wconf 84' lang='lat' dir='ltr'>miser.</span> <span class='ocrx_word' id='word_1_92' title='bbox 581 1334 640 1364; x_wconf 85' lang='lat' dir='ltr'>Ille</span> <span class='ocrx_word' id='word_1_93' title='bbox 647 1334 755 1371; x_wconf 79' lang='lat' dir='ltr'>frater</span> <span class='ocrx_word' id='word_1_94' title='bbox 770 1331 848 1372; x_wconf 71' lang='lat' dir='ltr'>ejus,</span> <span class='ocrx_word' id='word_1_95' title='bbox 865 1333 1052 1373; x_wconf 77' lang='lat' dir='ltr'>impetuosus</span> <span class='ocrx_word' id='word_1_96' title='bbox 1065 1333 1239 1371; x_wconf 79' lang='lat' dir='ltr'>admodum,</span> <span class='ocrx_word' id='word_1_97' title='bbox 1253 1335 1282 1362; x_wconf 65' lang='lat' dir='ltr'>et</span> <span class='ocrx_word' id='word_1_98' title='bbox 1294 1332 1336 1362; x_wconf 82' lang='lat' dir='ltr'>ad</span> <span class='ocrx_word' id='word_1_99' title='bbox 1346 1332 1409 1362; x_wconf 82' lang='lat' dir='ltr'>vim</span> <span class='ocrx_word' id='word_1_100' title='bbox 1423 1331 1616 1370; x_wconf 75' lang='lat' dir='ltr'>inferendam</span> <span class='ocrx_word' id='word_1_101' title='bbox 1628 1328 1774 1370; x_wconf 81' lang='lat' dir='ltr'>promtis·</span> 
     </span>
     <span class='ocr_line' id='line_1_17' title="bbox 312 1373 1774 1415; baseline -0.003 -8"><span class='ocrx_word' id='word_1_102' title='bbox 312 1377 422 1415; x_wconf 82' lang='lat' dir='ltr'>simus,</span> <span class='ocrx_word' id='word_1_103' title='bbox 445 1376 499 1407; x_wconf 79' lang='lat' dir='ltr'>ubi</span> <span class='ocrx_word' id='word_1_104' title='bbox 524 1377 579 1407; x_wconf 84' lang='lat' dir='ltr'>hoc</span> <span class='ocrx_word' id='word_1_105' title='bbox 606 1377 771 1407; x_wconf 72' lang='lat' dir='ltr'>inaudivit.</span> <span class='ocrx_word' id='word_1_106' title='bbox 818 1376 883 1406; x_wconf 82' lang='grc' dir='ltr'>ΡΑ.</span> <span class='ocrx_word' id='word_1_107' title='bbox 910 1377 1066 1411; x_wconf 76' lang='lat' dir='ltr'>Quidnam</span> <span class='ocrx_word' id='word_1_108' title='bbox 1083 1376 1163 1414; x_wconf 80' lang='lat' dir='ltr'>fecit</span> <span class='ocrx_word' id='word_1_109' title='bbox 1178 1379 1190 1405; x_wconf 73' lang='lat'>,7</span> <span class='ocrx_word' id='word_1_110' title='bbox 1236 1376 1301 1406; x_wconf 77' lang='grc' dir='ltr'>ΡΥ.</span> <span class='ocrx_word' id='word_1_111' title='bbox 1327 1374 1526 1405; x_wconf 78' lang='lat' dir='ltr'>Constrinxit</span> <span class='ocrx_word' id='word_1_112' title='bbox 1547 1373 1680 1413; x_wconf 85' lang='lat' dir='ltr'>primum</span> <span class='ocrx_word' id='word_1_113' title='bbox 1695 1381 1774 1412; x_wconf 87' lang='lat' dir='ltr'>eum,</span> 
     </span>
     <span class='ocr_line' id='line_1_18' title="bbox 312 1415 1776 1457; baseline -0.005 -6"><span class='ocrx_word' id='word_1_114' title='bbox 312 1420 348 1451; x_wconf 80' lang='lat' dir='ltr'>in</span> <span class='ocrx_word' id='word_1_115' title='bbox 374 1420 498 1451; x_wconf 87' lang='lat' dir='ltr'>modum</span> <span class='ocrx_word' id='word_1_116' title='bbox 521 1420 685 1457; x_wconf 79' lang='lat' dir='ltr'>crudelem,</span> <span class='ocrx_word' id='word_1_117' title='bbox 712 1418 808 1450; x_wconf 77' lang='lat' dir='ltr'>arctis</span> <span class='ocrx_word' id='word_1_118' title='bbox 831 1419 973 1450; x_wconf 71' lang='lat' dir='ltr'>vinculis.</span> <span class='ocrx_word' id='word_1_119' title='bbox 1019 1418 1085 1448; x_wconf 74' lang='lat' dir='ltr'>PA.</span> <span class='ocrx_word' id='word_1_120' title='bbox 1110 1418 1207 1456; x_wconf 85' lang='lat' dir='ltr'>Hem,</span> <span class='ocrx_word' id='word_1_121' title='bbox 1231 1417 1412 1455; x_wconf 77' lang='lat' dir='ltr'>colligavit?</span> <span class='ocrx_word' id='word_1_122' title='bbox 1456 1416 1525 1447; x_wconf 85' lang='lat' dir='ltr'>PY.</span> <span class='ocrx_word' id='word_1_123' title='bbox 1549 1416 1652 1456; x_wconf 83' lang='lat' dir='ltr'><strong><em>Atque</em></strong></span> <span class='ocrx_word' id='word_1_124' title='bbox 1666 1415 1711 1454; x_wconf 76' lang='lat' dir='ltr'>id,</span> <span class='ocrx_word' id='word_1_125' title='bbox 1724 1415 1776 1444; x_wconf 87' lang='lat' dir='ltr'>de·</span> 
     </span>
     <span class='ocr_line' id='line_1_19' title="bbox 312 1458 1775 1503; baseline -0.003 -10"><span class='ocrx_word' id='word_1_126' title='bbox 312 1465 459 1503; x_wconf 77' lang='lat' dir='ltr'>precante</span> <span class='ocrx_word' id='word_1_127' title='bbox 482 1462 571 1494; x_wconf 80' lang='lat' dir='ltr'>illum</span> <span class='ocrx_word' id='word_1_128' title='bbox 590 1462 709 1493; x_wconf 80' lang='lat' dir='ltr'>Thaide</span> <span class='ocrx_word' id='word_1_129' title='bbox 733 1471 770 1492; x_wconf 80' lang='lat' dir='ltr'>ne</span> <span class='ocrx_word' id='word_1_130' title='bbox 793 1462 827 1492; x_wconf 80' lang='lat' dir='ltr'>id</span> <span class='ocrx_word' id='word_1_131' title='bbox 843 1461 977 1499; x_wconf 80' lang='lat' dir='ltr'>faceret.</span> <span class='ocrx_word' id='word_1_132' title='bbox 1020 1461 1086 1492; x_wconf 78' lang='lat' dir='ltr'>PA.</span> <span class='ocrx_word' id='word_1_133' title='bbox 1113 1461 1199 1497; x_wconf 74' lang='lat' dir='ltr'>Quid</span> <span class='ocrx_word' id='word_1_134' title='bbox 1213 1461 1283 1491; x_wconf 80' lang='lat' dir='ltr'>uis?</span> <span class='ocrx_word' id='word_1_135' title='bbox 1329 1460 1396 1490; x_wconf 78' lang='grc' dir='ltr'><strong>ΡΥ.</strong></span> <span class='ocrx_word' id='word_1_136' title='bbox 1422 1460 1515 1490; x_wconf 80' lang='lat' dir='ltr'>Nunc</span> <span class='ocrx_word' id='word_1_137' title='bbox 1528 1458 1694 1490; x_wconf 78' lang='lat' dir='ltr'>minitatur</span> <span class='ocrx_word' id='word_1_138' title='bbox 1708 1467 1775 1488; x_wconf 80' lang='lat' dir='ltr'>sese</span> 
     </span>
     <span class='ocr_line' id='line_1_20' title="bbox 312 1501 1775 1546; baseline -0.003 -11"><span class='ocrx_word' id='word_1_139' title='bbox 312 1507 348 1536; x_wconf 85' lang='lat' dir='ltr'>id</span> <span class='ocrx_word' id='word_1_140' title='bbox 354 1505 531 1545; x_wconf 78' lang='lat' dir='ltr'>sucturum,</span> <span class='ocrx_word' id='word_1_141' title='bbox 545 1506 625 1546; x_wconf 85' lang='lat' dir='ltr'>quod</span> <span class='ocrx_word' id='word_1_142' title='bbox 639 1504 792 1536; x_wconf 77' lang='lat' dir='ltr'>adulteris</span> <span class='ocrx_word' id='word_1_143' title='bbox 796 1504 875 1546; x_wconf 83' lang='lat' dir='ltr'>fieri</span> <span class='ocrx_word' id='word_1_144' title='bbox 889 1505 965 1535; x_wconf 80' lang='lat' dir='ltr'>solet</span> <span class='ocrx_word' id='word_1_145' title='bbox 978 1515 988 1534; x_wconf 93' lang='lat'>.·</span> <span class='ocrx_word' id='word_1_146' title='bbox 1011 1504 1088 1544; x_wconf 74' lang='lat' dir='ltr'>quod</span> <span class='ocrx_word' id='word_1_147' title='bbox 1104 1503 1182 1534; x_wconf 83' lang='lat' dir='ltr'>sumi</span> <span class='ocrx_word' id='word_1_148' title='bbox 1200 1503 1384 1543; x_wconf 80' lang='lat' dir='ltr'>supplicium</span> <span class='ocrx_word' id='word_1_149' title='bbox 1399 1512 1457 1533; x_wconf 78' lang='lat' dir='ltr'>nou</span> <span class='ocrx_word' id='word_1_150' title='bbox 1473 1501 1572 1532; x_wconf 80' lang='lat' dir='ltr'>adhuc</span> <span class='ocrx_word' id='word_1_151' title='bbox 1586 1501 1665 1540; x_wconf 77' lang='lat' dir='ltr'>vidi,</span> <span class='ocrx_word' id='word_1_152' title='bbox 1679 1510 1775 1540; x_wconf 78' lang='lat' dir='ltr'>‘neque</span> 
     </span>
     <span class='ocr_line' id='line_1_21' title="bbox 314 1543 1775 1586; baseline -0.003 -8"><span class='ocrx_word' id='word_1_153' title='bbox 314 1549 422 1580; x_wconf 81' lang='lat' dir='ltr'>videre</span> <span class='ocrx_word' id='word_1_154' title='bbox 437 1549 538 1579; x_wconf 73' lang='lat' dir='ltr'>velim.</span> <span class='ocrx_word' id='word_1_155' title='bbox 584 1548 650 1579; x_wconf 77' lang='lat' dir='ltr'>PA.</span> <span class='ocrx_word' id='word_1_156' title='bbox 670 1548 748 1583; x_wconf 72' lang='lat' dir='ltr'>Quis</span> <span class='ocrx_word' id='word_1_157' title='bbox 764 1547 810 1578; x_wconf 82' lang='lat' dir='ltr'>ita</span> <span class='ocrx_word' id='word_1_158' title='bbox 823 1548 942 1586; x_wconf 78' lang='lat' dir='ltr'>audax,</span> <span class='ocrx_word' id='word_1_159' title='bbox 956 1551 986 1578; x_wconf 84' lang='lat' dir='ltr'>et</span> <span class='ocrx_word' id='word_1_160' title='bbox 1002 1547 1196 1584; x_wconf 80' lang='lat' dir='ltr'>temerarius,</span> <span class='ocrx_word' id='word_1_161' title='bbox 1209 1550 1244 1577; x_wconf 84' lang='lat' dir='ltr'>ut</span> <span class='ocrx_word' id='word_1_162' title='bbox 1259 1545 1512 1582; x_wconf 77' lang='lat' dir='ltr'>tuntumfacinus</span> <span class='ocrx_word' id='word_1_163' title='bbox 1525 1545 1662 1575; x_wconf 82' lang='lat' dir='ltr'>audeat?</span> <span class='ocrx_word' id='word_1_164' title='bbox 1704 1543 1775 1574; x_wconf 77' lang='grc' dir='ltr'>ΡΥ.</span> 
     </span>
     <span class='ocr_line' id='line_1_22' title="bbox 319 1587 1776 1628; baseline -0.005 -6"><span class='ocrx_word' id='word_1_165' title='bbox 319 1591 405 1626; x_wconf 76' lang='lat' dir='ltr'>Quid</span> <span class='ocrx_word' id='word_1_166' title='bbox 430 1591 477 1622; x_wconf 77' lang='lat' dir='ltr'>ita</span> <span class='ocrx_word' id='word_1_167' title='bbox 492 1595 615 1622; x_wconf 72' lang='lat' dir='ltr'>tuntum</span> <span class='ocrx_word' id='word_1_168' title='bbox 628 1591 698 1622; x_wconf 79' lang='lat' dir='ltr'>ais?</span> <span class='ocrx_word' id='word_1_169' title='bbox 743 1590 810 1622; x_wconf 82' lang='lat' dir='ltr'>PA.</span> <span class='ocrx_word' id='word_1_170' title='bbox 835 1589 887 1621; x_wconf 83' lang='lat' dir='ltr'>An</span> <span class='ocrx_word' id='word_1_171' title='bbox 903 1600 961 1620; x_wconf 81' lang='lat' dir='ltr'>uon</span> <span class='ocrx_word' id='word_1_172' title='bbox 977 1590 1031 1620; x_wconf 81' lang='lat' dir='ltr'>hoc</span> <span class='ocrx_word' id='word_1_173' title='bbox 1045 1590 1216 1620; x_wconf 76' lang='lat' dir='ltr'>maximum</span> <span class='ocrx_word' id='word_1_174' title='bbox 1230 1592 1299 1619; x_wconf 81' lang='lat' dir='ltr'>est?</span> <span class='ocrx_word' id='word_1_175' title='bbox 1325 1588 1534 1628; x_wconf 77' lang='lat' dir='ltr'>Quisquamne</span> <span class='ocrx_word' id='word_1_176' title='bbox 1552 1587 1708 1618; x_wconf 81' lang='lat' dir='ltr'>homiuum</span> <span class='ocrx_word' id='word_1_177' title='bbox 1721 1595 1776 1616; x_wconf 77' lang='lat' dir='ltr'>un-</span> 
     </span>
     <span class='ocr_line' id='line_1_23' title="bbox 315 1628 1775 1675; baseline -0.004 -10"><span class='ocrx_word' id='word_1_178' title='bbox 315 1644 406 1675; x_wconf 80' lang='lat' dir='ltr'>quam</span> <span class='ocrx_word' id='word_1_179' title='bbox 421 1635 501 1665; x_wconf 83' lang='lat' dir='ltr'>vidit</span> <span class='ocrx_word' id='word_1_180' title='bbox 518 1635 614 1666; x_wconf 81' lang='lat' dir='ltr'>ullum</span> <span class='ocrx_word' id='word_1_181' title='bbox 629 1633 661 1665; x_wconf 81' lang='lat' dir='ltr'>in</span> <span class='ocrx_word' id='word_1_182' title='bbox 676 1634 792 1665; x_wconf 74' lang='lat' dir='ltr'>cedibus</span> <span class='ocrx_word' id='word_1_183' title='bbox 806 1633 980 1664; x_wconf 66' lang='lat' dir='ltr'>meretricis</span> <span class='ocrx_word' id='word_1_184' title='bbox 995 1633 1108 1674; x_wconf 79' lang='lat' dir='ltr'>corripi</span> <span class='ocrx_word' id='word_1_185' title='bbox 1118 1643 1174 1673; x_wconf 85' lang='lat' dir='ltr'>pro</span> <span class='ocrx_word' id='word_1_186' title='bbox 1190 1630 1330 1664; x_wconf 66' lang='grc' dir='ltr'>υκαι-1102</span> <span class='ocrx_word' id='word_1_187' title='bbox 1373 1631 1442 1662; x_wconf 80' lang='grc' dir='ltr'>ΡΥ.</span> <span class='ocrx_word' id='word_1_188' title='bbox 1467 1630 1536 1662; x_wconf 82' lang='grc' dir='ltr'>Ηοε</span> <span class='ocrx_word' id='word_1_189' title='bbox 1550 1630 1663 1662; x_wconf 79' lang='lat' dir='ltr'>nescio.</span> <span class='ocrx_word' id='word_1_190' title='bbox 1706 1628 1775 1660; x_wconf 75' lang='grc' dir='ltr'><strong>ΡΑ.</strong></span> 
     </span>
    </p>
   </div>
   <div class='ocr_carea' id='block_1_6' title="bbox 920 1730 1162 1742">
    <p class='ocr_par' dir='ltr' id='par_1_10' title="bbox 920 1730 1162 1742">
     <span class='ocr_line' id='line_1_24' title="bbox 920 1730 1162 1742; baseline 0.004 -1"><span class='ocrx_word' id='word_1_191' title='bbox 920 1730 1098 1742; x_wconf 55' lang='lat' dir='ltr'>eemneae</span> <span class='ocrx_word' id='word_1_192' title='bbox 1102 1730 1140 1742; x_wconf 52' lang='lat' dir='ltr'>‘se</span> <span class='ocrx_word' id='word_1_193' title='bbox 1144 1730 1162 1741; x_wconf 64' lang='lat' dir='ltr'><em>e</em></span> 
     </span>
    </p>
   </div>
   <div class='ocr_carea' id='block_1_7' title="bbox 313 1791 1808 2818">
    <p class='ocr_par' dir='ltr' id='par_1_11' title="bbox 313 1791 1808 2818">
     <span class='ocr_line' id='line_1_25' title="bbox 314 1791 1772 1835; baseline -0.002 -10"><span class='ocrx_word' id='word_1_194' title='bbox 314 1794 377 1825; x_wconf 77' lang='lat' dir='ltr'>Ine</span> <span class='ocrx_word' id='word_1_195' title='bbox 403 1794 456 1834; x_wconf 76' lang='lat' dir='ltr'>ubi</span> <span class='ocrx_word' id='word_1_196' title='bbox 478 1795 511 1825; x_wconf 87' lang='lat' dir='ltr'>id</span> <span class='ocrx_word' id='word_1_197' title='bbox 535 1805 563 1826; x_wconf 78' lang='lat' dir='ltr'>r.</span> <span class='ocrx_word' id='word_1_198' title='bbox 585 1796 617 1834; x_wconf 88' lang='lat' dir='ltr'>f.</span> <span class='ocrx_word' id='word_1_199' title='bbox 640 1796 738 1826; x_wconf 88' lang='lat' dir='ltr'>Bem.</span> <span class='ocrx_word' id='word_1_200' title='bbox 769 1804 833 1826; x_wconf 89' lang='lat' dir='ltr'>non</span> <span class='ocrx_word' id='word_1_201' title='bbox 858 1794 962 1826; x_wconf 79' lang='lat' dir='ltr'>habet</span> <span class='ocrx_word' id='word_1_202' title='bbox 979 1795 1103 1835; x_wconf 74' lang='lat' dir='ltr'>partic.</span> <span class='ocrx_word' id='word_1_203' title='bbox 1119 1795 1164 1833; x_wconf 84' lang='lat' dir='ltr'>id,</span> <span class='ocrx_word' id='word_1_204' title='bbox 1181 1794 1244 1825; x_wconf 84' lang='lat' dir='ltr'>nisi</span> <span class='ocrx_word' id='word_1_205' title='bbox 1261 1793 1538 1834; x_wconf 76' lang='lat' dir='ltr'>superadditam:</span> <span class='ocrx_word' id='word_1_206' title='bbox 1562 1802 1628 1833; x_wconf 83' lang='lat' dir='ltr'>qua</span> <span class='ocrx_word' id='word_1_207' title='bbox 1643 1791 1772 1831; x_wconf 87' lang='lat' dir='ltr'>demta,</span> 
     </span>
     <span class='ocr_line' id='line_1_26' title="bbox 315 1835 1808 1878; baseline -0.001 -11"><span class='ocrx_word' id='word_1_208' title='bbox 315 1837 447 1868; x_wconf 86' lang='lat' dir='ltr'>factum</span> <span class='ocrx_word' id='word_1_209' title='bbox 474 1847 595 1869; x_wconf 84' lang='lat' dir='ltr'>nomen</span> <span class='ocrx_word' id='word_1_210' title='bbox 623 1840 702 1877; x_wconf 88' lang='lat' dir='ltr'>erit,</span> <span class='ocrx_word' id='word_1_211' title='bbox 729 1841 765 1869; x_wconf 89' lang='lat' dir='ltr'>et</span> <span class='ocrx_word' id='word_1_212' title='bbox 785 1838 926 1878; x_wconf 77' lang='lat' dir='ltr'>perinde</span> <span class='ocrx_word' id='word_1_213' title='bbox 943 1840 1010 1869; x_wconf 86' lang='lat' dir='ltr'>erit</span> <span class='ocrx_word' id='word_1_214' title='bbox 1026 1848 1064 1868; x_wconf 79' lang='lat' dir='ltr'>ac</span> <span class='ocrx_word' id='word_1_215' title='bbox 1085 1839 1111 1869; x_wconf 89' lang='lat' dir='ltr'>si</span> <span class='ocrx_word' id='word_1_216' title='bbox 1130 1839 1283 1868; x_wconf 80' lang='lat' dir='ltr'>diceret:</span> <span class='ocrx_word' id='word_1_217' title='bbox 1310 1837 1374 1867; x_wconf 83' lang='lat' dir='ltr'>Uhi</span> <span class='ocrx_word' id='word_1_218' title='bbox 1394 1836 1534 1867; x_wconf 82' lang='lat' dir='ltr'>rescivit</span> <span class='ocrx_word' id='word_1_219' title='bbox 1561 1844 1657 1866; x_wconf 88' lang='lat' dir='ltr'>rem:</span> <span class='ocrx_word' id='word_1_220' title='bbox 1682 1835 1771 1876; x_wconf 89' lang='lat' dir='ltr'>quod</span> <span class='ocrx_word' id='word_1_221' title='bbox 1806 1868 1808 1870; x_wconf 18' lang='lat' dir='ltr'>v</span> 
     </span>
     <span class='ocr_line' id='line_1_27' title="bbox 315 1877 1773 1922; baseline -0.001 -12"><span class='ocrx_word' id='word_1_222' title='bbox 315 1880 504 1920; x_wconf 69' lang='lat' dir='ltr'>elegantius</span> <span class='ocrx_word' id='word_1_223' title='bbox 523 1881 595 1912; x_wconf 83' lang='lat' dir='ltr'>sine</span> <span class='ocrx_word' id='word_1_224' title='bbox 613 1881 812 1922; x_wconf 81' lang='lat' dir='ltr'>pronomine</span> <span class='ocrx_word' id='word_1_225' title='bbox 828 1881 896 1911; x_wconf 82' lang='lat' dir='ltr'>dici</span> <span class='ocrx_word' id='word_1_226' title='bbox 921 1881 1070 1913; x_wconf 86' lang='lat' dir='ltr'>videtur.</span> <span class='ocrx_word' id='word_1_227' title='bbox 1095 1882 1154 1912; x_wconf 73' lang='lat' dir='ltr'>Fa.</span> <span class='ocrx_word' id='word_1_228' title='bbox 1186 1881 1245 1911; x_wconf 88' lang='lat' dir='ltr'>Ille</span> <span class='ocrx_word' id='word_1_229' title='bbox 1265 1880 1317 1910; x_wconf 74' lang='lat' dir='ltr'>ubi</span> <span class='ocrx_word' id='word_1_230' title='bbox 1333 1878 1457 1910; x_wconf 78' lang='lat' dir='ltr'>rescivit</span> <span class='ocrx_word' id='word_1_231' title='bbox 1475 1877 1615 1917; x_wconf 80' lang='lat' dir='ltr'>factum]</span> <span class='ocrx_word' id='word_1_232' title='bbox 1659 1877 1715 1908; x_wconf 91' lang='lat' dir='ltr'>Sic</span> <span class='ocrx_word' id='word_1_233' title='bbox 1730 1886 1773 1908; x_wconf 84' lang='lat' dir='ltr'>ex</span> 
     </span>
     <span class='ocr_line' id='line_1_28' title="bbox 315 1919 1773 1963; baseline -0.002 -10"><span class='ocrx_word' id='word_1_234' title='bbox 315 1923 414 1954; x_wconf 80' lang='lat' dir='ltr'>Beni.</span> <span class='ocrx_word' id='word_1_235' title='bbox 443 1922 608 1963; x_wconf 64' lang='lat' dir='ltr'>Faernus,</span> <span class='ocrx_word' id='word_1_236' title='bbox 631 1929 666 1955; x_wconf 83' lang='lat' dir='ltr'>et</span> <span class='ocrx_word' id='word_1_237' title='bbox 689 1925 738 1954; x_wconf 73' lang='lat' dir='ltr'>sic</span> <span class='ocrx_word' id='word_1_238' title='bbox 756 1933 798 1954; x_wconf 83' lang='lat' dir='ltr'>ex</span> <span class='ocrx_word' id='word_1_239' title='bbox 817 1924 932 1963; x_wconf 76' lang='lat' dir='ltr'>Regiis</span> <span class='ocrx_word' id='word_1_240' title='bbox 948 1934 1045 1954; x_wconf 78' lang='lat' dir='ltr'>unus·</span> <span class='ocrx_word' id='word_1_241' title='bbox 1090 1924 1206 1954; x_wconf 76' lang='lat' dir='ltr'>Ceteri</span> <span class='ocrx_word' id='word_1_242' title='bbox 1221 1932 1350 1961; x_wconf 83' lang='lat' dir='ltr'>ornnes,</span> <span class='ocrx_word' id='word_1_243' title='bbox 1377 1921 1433 1952; x_wconf 82' lang='lat' dir='ltr'>me</span> <span class='ocrx_word' id='word_1_244' title='bbox 1445 1920 1498 1951; x_wconf 78' lang='lat' dir='ltr'>ubi</span> <span class='ocrx_word' id='word_1_245' title='bbox 1510 1922 1543 1951; x_wconf 85' lang='lat' dir='ltr'>id</span> <span class='ocrx_word' id='word_1_246' title='bbox 1558 1919 1685 1951; x_wconf 75' lang='lat' dir='ltr'>rescivit</span> <span class='ocrx_word' id='word_1_247' title='bbox 1701 1919 1773 1957; x_wconf 81' lang='lat' dir='ltr'><strong><em>fac-</em></strong></span> 
     </span>
     <span class='ocr_line' id='line_1_29' title="bbox 315 1963 1775 2007; baseline -0.003 -11"><span class='ocrx_word' id='word_1_248' title='bbox 315 1970 394 1997; x_wconf 84' lang='lat' dir='ltr'>tum.</span> <span class='ocrx_word' id='word_1_249' title='bbox 418 1965 522 1997; x_wconf 74' lang='lat' dir='ltr'>Bent.</span> <span class='ocrx_word' id='word_1_250' title='bbox 559 1967 598 1997; x_wconf 90' lang='lat' dir='ltr'>Id</span> <span class='ocrx_word' id='word_1_251' title='bbox 614 1967 668 1998; x_wconf 82' lang='lat' dir='ltr'>vel</span> <span class='ocrx_word' id='word_1_252' title='bbox 684 1967 739 1997; x_wconf 80' lang='lat' dir='ltr'>hoc</span> <span class='ocrx_word' id='word_1_253' title='bbox 753 1967 917 1997; x_wconf 86' lang='lat' dir='ltr'>omittunt</span> <span class='ocrx_word' id='word_1_254' title='bbox 933 1967 992 1998; x_wconf 69' lang='grc' dir='ltr'><strong>ΒΓ.</strong></span> <span class='ocrx_word' id='word_1_255' title='bbox 1018 1966 1145 2007; x_wconf 82' lang='lat' dir='ltr'>Delph.</span> <span class='ocrx_word' id='word_1_256' title='bbox 1165 1967 1204 1997; x_wconf 90' lang='grc' dir='ltr'>Ζ.</span> <span class='ocrx_word' id='word_1_257' title='bbox 1223 1965 1325 1997; x_wconf 82' lang='lat' dir='ltr'>Both.</span> <span class='ocrx_word' id='word_1_258' title='bbox 1372 1965 1412 1994; x_wconf 88' lang='lat' dir='ltr'>Id</span> <span class='ocrx_word' id='word_1_259' title='bbox 1430 1973 1490 2004; x_wconf 87' lang='lat' dir='ltr'>pro</span> <span class='ocrx_word' id='word_1_260' title='bbox 1503 1964 1558 1994; x_wconf 82' lang='lat' dir='ltr'>hoc</span> <span class='ocrx_word' id='word_1_261' title='bbox 1575 1963 1659 1994; x_wconf 85' lang='lat' dir='ltr'>dant</span> <span class='ocrx_word' id='word_1_262' title='bbox 1672 1963 1775 1994; x_wconf 81' lang='lat' dir='ltr'>Bent.</span> 
     </span>
     <span class='ocr_line' id='line_1_30' title="bbox 316 2005 1774 2049; baseline -0.002 -10"><span class='ocrx_word' id='word_1_263' title='bbox 316 2009 396 2048; x_wconf 88' lang='lat' dir='ltr'>Bip.</span> <span class='ocrx_word' id='word_1_264' title='bbox 416 2009 507 2039; x_wconf 75' lang='lat' dir='ltr'>Perl-</span> <span class='ocrx_word' id='word_1_265' title='bbox 546 2010 626 2040; x_wconf 85' lang='lat' dir='ltr'>Esse</span> <span class='ocrx_word' id='word_1_266' title='bbox 645 2009 772 2048; x_wconf 77' lang='lat' dir='ltr'>fuctum</span> <span class='ocrx_word' id='word_1_267' title='bbox 793 2008 908 2041; x_wconf 85' lang='lat' dir='ltr'>Guelf.</span> <span class='ocrx_word' id='word_1_268' title='bbox 925 2012 956 2041; x_wconf 83' lang='lat'>2.</span> <span class='ocrx_word' id='word_1_269' title='bbox 974 2013 1090 2041; x_wconf 82' lang='grc'>3.-13</span> <span class='ocrx_word' id='word_1_270' title='bbox 1115 2010 1180 2040; x_wconf 78' lang='lat' dir='ltr'>Ms-</span> <span class='ocrx_word' id='word_1_271' title='bbox 1198 2009 1287 2049; x_wconf 72' lang='lat' dir='ltr'>Lips.</span> <span class='ocrx_word' id='word_1_272' title='bbox 1303 2007 1424 2038; x_wconf 77' lang='lat' dir='ltr'>miseris</span> <span class='ocrx_word' id='word_1_273' title='bbox 1438 2007 1539 2038; x_wconf 74' lang='lat' dir='ltr'>nodis.</span> <span class='ocrx_word' id='word_1_274' title='bbox 1585 2005 1652 2036; x_wconf 90' lang='lat' dir='ltr'>Sed</span> <span class='ocrx_word' id='word_1_275' title='bbox 1675 2015 1774 2036; x_wconf 83' lang='lat' dir='ltr'>erasa</span> 
     </span>
     <span class='ocr_line' id='line_1_31' title="bbox 315 2052 1776 2092; baseline -0.001 -11"><span class='ocrx_word' id='word_1_276' title='bbox 315 2052 427 2092; x_wconf 86' lang='lat' dir='ltr'>prima</span> <span class='ocrx_word' id='word_1_277' title='bbox 445 2057 544 2091; x_wconf 78' lang='lat' dir='ltr'>parto</span> <span class='ocrx_word' id='word_1_278' title='bbox 569 2053 624 2082; x_wconf 77' lang='grc' dir='ltr'>τοῦ</span> <span class='ocrx_word' id='word_1_279' title='bbox 645 2063 685 2083; x_wconf 86' lang='lat' dir='ltr'>m.</span> <span class='ocrx_word' id='word_1_280' title='bbox 710 2052 978 2084; x_wconf 45' lang='lat' dir='ltr'>&amp;Vesterhoviuffi</span> <span class='ocrx_word' id='word_1_281' title='bbox 1021 2053 1118 2083; x_wconf 80' lang='lat' dir='ltr'>Rem.</span> <span class='ocrx_word' id='word_1_282' title='bbox 1146 2052 1230 2083; x_wconf 74' lang='lat' dir='ltr'>Hem</span> <span class='ocrx_word' id='word_1_283' title='bbox 1259 2052 1291 2082; x_wconf 92' lang='lat' dir='ltr'>in</span> <span class='ocrx_word' id='word_1_284' title='bbox 1323 2055 1522 2091; x_wconf 75' lang='lat' dir='ltr'>sequentem</span> <span class='ocrx_word' id='word_1_285' title='bbox 1555 2057 1689 2079; x_wconf 85' lang='lat' dir='ltr'>versum</span> <span class='ocrx_word' id='word_1_286' title='bbox 1722 2057 1776 2080; x_wconf 86' lang='lat' dir='ltr'>re-</span> 
     </span>
     <span class='ocr_line' id='line_1_32' title="bbox 313 2092 1773 2135; baseline -0.002 -10"><span class='ocrx_word' id='word_1_287' title='bbox 313 2094 405 2134; x_wconf 85' lang='lat' dir='ltr'>jicit.</span> <span class='ocrx_word' id='word_1_288' title='bbox 450 2095 576 2125; x_wconf 77' lang='lat' dir='ltr'>Melius</span> <span class='ocrx_word' id='word_1_289' title='bbox 594 2100 645 2126; x_wconf 81' lang='lat' dir='ltr'>est</span> <span class='ocrx_word' id='word_1_290' title='bbox 673 2105 747 2126; x_wconf 75' lang='lat' dir='ltr'>eain</span> <span class='ocrx_word' id='word_1_291' title='bbox 780 2095 1051 2135; x_wconf 78' lang='lat' dir='ltr'>interjectionem</span> <span class='ocrx_word' id='word_1_292' title='bbox 1075 2095 1190 2125; x_wconf 85' lang='lat' dir='ltr'>delere</span> <span class='ocrx_word' id='word_1_293' title='bbox 1217 2104 1258 2125; x_wconf 78' lang='lat' dir='ltr'>ex</span> <span class='ocrx_word' id='word_1_294' title='bbox 1289 2093 1356 2124; x_wconf 81' lang='lat' dir='ltr'>fide</span> <span class='ocrx_word' id='word_1_295' title='bbox 1387 2092 1529 2124; x_wconf 79' lang='lat' dir='ltr'>aliorum</span> <span class='ocrx_word' id='word_1_296' title='bbox 1558 2095 1773 2122; x_wconf 84' lang='lat' dir='ltr'>vetustorum</span> 
     </span>
     <span class='ocr_line' id='line_1_33' title="bbox 314 2134 1774 2179; baseline -0.001 -12"><span class='ocrx_word' id='word_1_297' title='bbox 314 2138 491 2177; x_wconf 77' lang='lat' dir='ltr'>libroruin,</span> <span class='ocrx_word' id='word_1_298' title='bbox 528 2147 757 2179; x_wconf 78' lang='lat' dir='ltr'>versuumque</span> <span class='ocrx_word' id='word_1_299' title='bbox 790 2139 934 2168; x_wconf 76' lang='lat' dir='ltr'>ratione.</span> <span class='ocrx_word' id='word_1_300' title='bbox 973 2139 1031 2168; x_wconf 82' lang='lat' dir='ltr'>Fa.</span> <span class='ocrx_word' id='word_1_301' title='bbox 1076 2138 1198 2178; x_wconf 84' lang='lat' dir='ltr'>Neque</span> <span class='ocrx_word' id='word_1_302' title='bbox 1226 2137 1333 2167; x_wconf 83' lang='lat' dir='ltr'>nostri</span> <span class='ocrx_word' id='word_1_303' title='bbox 1365 2138 1558 2176; x_wconf 81' lang='lat' dir='ltr'>agnoscunt</span> <span class='ocrx_word' id='word_1_304' title='bbox 1584 2134 1682 2165; x_wconf 86' lang='lat' dir='ltr'>Hem.</span> <span class='ocrx_word' id='word_1_305' title='bbox 1727 2134 1774 2165; x_wconf 91' lang='lat' dir='ltr'>Et</span> 
     </span>
     <span class='ocr_line' id='line_1_34' title="bbox 315 2175 1773 2220; baseline -0.002 -10"><span class='ocrx_word' id='word_1_306' title='bbox 315 2184 486 2220; x_wconf 77' lang='lat' dir='ltr'>praeterea</span> <span class='ocrx_word' id='word_1_307' title='bbox 500 2180 582 2211; x_wconf 77' lang='lat' dir='ltr'>iilud</span> <span class='ocrx_word' id='word_1_308' title='bbox 603 2182 704 2220; x_wconf 81' lang='lat' dir='ltr'>Atque</span> <span class='ocrx_word' id='word_1_309' title='bbox 720 2180 868 2220; x_wconf 76' lang='lat' dir='ltr'>equidem,</span> <span class='ocrx_word' id='word_1_310' title='bbox 894 2181 982 2220; x_wconf 86' lang='lat' dir='ltr'>quod</span> <span class='ocrx_word' id='word_1_311' title='bbox 1010 2180 1087 2211; x_wconf 86' lang='lat' dir='ltr'>libri</span> <span class='ocrx_word' id='word_1_312' title='bbox 1115 2185 1315 2211; x_wconf 79' lang='lat' dir='ltr'>constanter</span> <span class='ocrx_word' id='word_1_313' title='bbox 1342 2179 1503 2217; x_wconf 80' lang='lat' dir='ltr'>retinent,</span> <span class='ocrx_word' id='word_1_314' title='bbox 1519 2186 1578 2209; x_wconf 82' lang='lat' dir='ltr'>suo</span> <span class='ocrx_word' id='word_1_315' title='bbox 1593 2186 1629 2208; x_wconf 86' lang='lat' dir='ltr'>se</span> <span class='ocrx_word' id='word_1_316' title='bbox 1645 2175 1773 2208; x_wconf 70' lang='lat' dir='ltr'>indicio</span> 
     </span>
     <span class='ocr_line' id='line_1_35' title="bbox 316 2219 1772 2263; baseline -0.001 -11"><span class='ocrx_word' id='word_1_317' title='bbox 316 2223 442 2262; x_wconf 81' lang='lat' dir='ltr'>prodit.</span> <span class='ocrx_word' id='word_1_318' title='bbox 488 2223 594 2261; x_wconf 66' lang='lat' dir='ltr'>Lege,</span> <span class='ocrx_word' id='word_1_319' title='bbox 621 2224 663 2254; x_wconf 81' lang='lat' dir='ltr'>Et</span> <span class='ocrx_word' id='word_1_320' title='bbox 679 2224 802 2263; x_wconf 74' lang='lat' dir='ltr'>quidem</span> <span class='ocrx_word' id='word_1_321' title='bbox 818 2227 937 2255; x_wconf 76' lang='lat' dir='ltr'>orante.</span> <span class='ocrx_word' id='word_1_322' title='bbox 962 2223 1150 2254; x_wconf 66' lang='lat' dir='ltr'>Bennoins.</span> <span class='ocrx_word' id='word_1_323' title='bbox 1195 2223 1279 2253; x_wconf 83' lang='lat' dir='ltr'>Hem</span> <span class='ocrx_word' id='word_1_324' title='bbox 1297 2231 1415 2253; x_wconf 86' lang='lat' dir='ltr'>omnes</span> <span class='ocrx_word' id='word_1_325' title='bbox 1431 2221 1551 2259; x_wconf 82' lang='lat' dir='ltr'>nostri,</span> <span class='ocrx_word' id='word_1_326' title='bbox 1567 2223 1710 2260; x_wconf 81' lang='lat' dir='ltr'>et-apte</span> <span class='ocrx_word' id='word_1_327' title='bbox 1737 2219 1772 2250; x_wconf 91' lang='lat' dir='ltr'>in</span> 
     </span>
     <span class='ocr_line' id='line_1_36' title="bbox 318 2263 1772 2306; baseline -0.001 -11"><span class='ocrx_word' id='word_1_328' title='bbox 318 2275 355 2295; x_wconf 80' lang='lat' dir='ltr'>re</span> <span class='ocrx_word' id='word_1_329' title='bbox 373 2266 482 2296; x_wconf 81' lang='lat' dir='ltr'>atroci</span> <span class='ocrx_word' id='word_1_330' title='bbox 506 2265 650 2297; x_wconf 73' lang='lat' dir='ltr'>infertur</span> <span class='ocrx_word' id='word_1_331' title='bbox 674 2266 868 2297; x_wconf 77' lang='lat' dir='ltr'>trochaicus</span> <span class='ocrx_word' id='word_1_332' title='bbox 888 2267 1018 2306; x_wconf 82' lang='lat' dir='ltr'>plenus.</span> <span class='ocrx_word' id='word_1_333' title='bbox 1044 2266 1139 2297; x_wconf 80' lang='lat' dir='ltr'>Both.</span> <span class='ocrx_word' id='word_1_334' title='bbox 1187 2266 1273 2297; x_wconf 89' lang='lat' dir='ltr'>Hem</span> <span class='ocrx_word' id='word_1_335' title='bbox 1288 2265 1437 2302; x_wconf 81' lang='lat' dir='ltr'>collocat</span> <span class='ocrx_word' id='word_1_336' title='bbox 1452 2263 1582 2303; x_wconf 87' lang='lat' dir='ltr'>Delph.</span> <span class='ocrx_word' id='word_1_337' title='bbox 1605 2271 1705 2293; x_wconf 86' lang='lat' dir='ltr'>versu</span> <span class='ocrx_word' id='word_1_338' title='bbox 1719 2264 1772 2294; x_wconf 80' lang='lat'>14.</span> 
     </span>
     <span class='ocr_line' id='line_1_37' title="bbox 317 2304 1774 2348; baseline -0.001 -11"><span class='ocrx_word' id='word_1_339' title='bbox 317 2313 394 2348; x_wconf 77' lang='lat' dir='ltr'>post</span> <span class='ocrx_word' id='word_1_340' title='bbox 414 2309 422 2324; x_wconf 94' lang='lat'>‘</span> <span class='ocrx_word' id='word_1_341' title='bbox 443 2308 648 2347; x_wconf 63' lang='lat' dir='ltr'>Coiligavit!</span> <span class='ocrx_word' id='word_1_342' title='bbox 693 2309 869 2340; x_wconf 71' lang='lat' dir='ltr'>Omintunt</span> <span class='ocrx_word' id='word_1_343' title='bbox 899 2310 960 2339; x_wconf 62' lang='grc' dir='ltr'><strong>ΒΥ.</strong></span> <span class='ocrx_word' id='word_1_344' title='bbox 984 2309 1151 2348; x_wconf 76' lang='grc' dir='ltr'><strong>Βίρ.--]4</strong></span> <span class='ocrx_word' id='word_1_345' title='bbox 1181 2307 1350 2347; x_wconf 74' lang='lat' dir='ltr'>Colligavit</span> <span class='ocrx_word' id='word_1_346' title='bbox 1369 2316 1437 2338; x_wconf 86' lang='lat' dir='ltr'>eum</span> <span class='ocrx_word' id='word_1_347' title='bbox 1462 2306 1506 2338; x_wconf 84' lang='lat' dir='ltr'>G.</span> <span class='ocrx_word' id='word_1_348' title='bbox 1548 2305 1630 2336; x_wconf 81' lang='lat' dir='ltr'>Hoec</span> <span class='ocrx_word' id='word_1_349' title='bbox 1654 2304 1698 2335; x_wconf 87' lang='lat' dir='ltr'>ad</span> <span class='ocrx_word' id='word_1_350' title='bbox 1724 2305 1774 2336; x_wconf 81' lang='lat' dir='ltr'>ais</span> 
     </span>
     <span class='ocr_line' id='line_1_38' title="bbox 316 2347 1773 2391; baseline -0.002 -10"><span class='ocrx_word' id='word_1_351' title='bbox 316 2351 439 2381; x_wconf 68' lang='lat' dir='ltr'>absunt</span> <span class='ocrx_word' id='word_1_352' title='bbox 456 2352 555 2383; x_wconf 71' lang='lat' dir='ltr'>aMs.</span> <span class='ocrx_word' id='word_1_353' title='bbox 573 2352 664 2391; x_wconf 85' lang='lat' dir='ltr'>Lips.</span> <span class='ocrx_word' id='word_1_354' title='bbox 703 2351 744 2381; x_wconf 89' lang='lat' dir='ltr'>In</span> <span class='ocrx_word' id='word_1_355' title='bbox 762 2352 833 2382; x_wconf 87' lang='grc' dir='ltr'>ΕΡ.</span> <span class='ocrx_word' id='word_1_356' title='bbox 851 2358 905 2383; x_wconf 85' lang='lat' dir='ltr'>est</span> <span class='ocrx_word' id='word_1_357' title='bbox 930 2352 972 2382; x_wconf 82' lang='lat' dir='ltr'>A.</span> <span class='ocrx_word' id='word_1_358' title='bbox 998 2362 1025 2382; x_wconf 84' lang='lat' dir='ltr'>e.</span> <span class='ocrx_word' id='word_1_359' title='bbox 1043 2351 1125 2389; x_wconf 78' lang='lat' dir='ltr'>fecit</span> <span class='ocrx_word' id='word_1_360' title='bbox 1151 2354 1268 2381; x_wconf 80' lang='lat' dir='ltr'>orante.</span> <span class='ocrx_word' id='word_1_361' title='bbox 1294 2350 1402 2380; x_wconf 85' lang='lat' dir='ltr'>West.</span> <span class='ocrx_word' id='word_1_362' title='bbox 1437 2349 1569 2384; x_wconf 82' lang='lat' dir='ltr'>Quidem</span> <span class='ocrx_word' id='word_1_363' title='bbox 1586 2347 1688 2378; x_wconf 87' lang='lat' dir='ltr'>Bent.</span> <span class='ocrx_word' id='word_1_364' title='bbox 1711 2356 1773 2388; x_wconf 86' lang='lat' dir='ltr'>pro</span> 
     </span>
     <span class='ocr_line' id='line_1_39' title="bbox 319 2390 1772 2433; baseline -0.001 -9"><span class='ocrx_word' id='word_1_365' title='bbox 319 2395 471 2433; x_wconf 79' lang='lat' dir='ltr'>equidem,</span> <span class='ocrx_word' id='word_1_366' title='bbox 486 2400 590 2425; x_wconf 75' lang='lat' dir='ltr'>recte.</span> <span class='ocrx_word' id='word_1_367' title='bbox 617 2394 785 2433; x_wconf 75' lang='lat' dir='ltr'>colligavit</span> <span class='ocrx_word' id='word_1_368' title='bbox 801 2403 869 2425; x_wconf 83' lang='lat' dir='ltr'>eum</span> <span class='ocrx_word' id='word_1_369' title='bbox 886 2394 1001 2426; x_wconf 80' lang='lat' dir='ltr'>Guelf.</span> <span class='ocrx_word' id='word_1_370' title='bbox 1017 2397 1049 2425; x_wconf 84' lang='lat'>2.</span> <span class='ocrx_word' id='word_1_371' title='bbox 1078 2395 1160 2424; x_wconf 85' lang='lat' dir='ltr'>Eum</span> <span class='ocrx_word' id='word_1_372' title='bbox 1182 2393 1296 2433; x_wconf 76' lang='lat' dir='ltr'>ligavit</span> <span class='ocrx_word' id='word_1_373' title='bbox 1311 2395 1343 2422; x_wconf 80' lang='lat'>3.</span> <span class='ocrx_word' id='word_1_374' title='bbox 1368 2392 1453 2423; x_wconf 81' lang='lat' dir='ltr'>Perl.</span> <span class='ocrx_word' id='word_1_375' title='bbox 1479 2392 1536 2433; x_wconf 88' lang='lat' dir='ltr'>qui</span> <span class='ocrx_word' id='word_1_376' title='bbox 1563 2400 1638 2422; x_wconf 87' lang='lat' dir='ltr'>cum</span> <span class='ocrx_word' id='word_1_377' title='bbox 1669 2390 1772 2422; x_wconf 86' lang='lat' dir='ltr'>Both.</span> 
     </span>
     <span class='ocr_line' id='line_1_40' title="bbox 319 2432 1773 2476; baseline -0.001 -11"><span class='ocrx_word' id='word_1_378' title='bbox 319 2436 379 2466; x_wconf 81' lang='lat' dir='ltr'>dat</span> <span class='ocrx_word' id='word_1_379' title='bbox 397 2437 439 2466; x_wconf 76' lang='lat' dir='ltr'>Et</span> <span class='ocrx_word' id='word_1_380' title='bbox 456 2437 673 2476; x_wconf 64' lang='lat' dir='ltr'>quidem-15</span> <span class='ocrx_word' id='word_1_381' title='bbox 698 2436 771 2468; x_wconf 77' lang='lat' dir='ltr'>Sese</span> <span class='ocrx_word' id='word_1_382' title='bbox 786 2437 988 2473; x_wconf 75' lang='lat' dir='ltr'>idsactumm</span> <span class='ocrx_word' id='word_1_383' title='bbox 1004 2438 1070 2468; x_wconf 87' lang='lat' dir='ltr'>Ms.</span> <span class='ocrx_word' id='word_1_384' title='bbox 1098 2437 1192 2476; x_wconf 83' lang='lat' dir='ltr'>Lips.</span> <span class='ocrx_word' id='word_1_385' title='bbox 1210 2436 1277 2467; x_wconf 84' lang='grc' dir='ltr'>ΕΤ.</span> <span class='ocrx_word' id='word_1_386' title='bbox 1309 2433 1442 2476; x_wconf 83' lang='lat' dir='ltr'>[Guelf.</span> <span class='ocrx_word' id='word_1_387' title='bbox 1460 2434 1509 2474; x_wconf 89' lang='grc'><strong>1.]</strong></span> <span class='ocrx_word' id='word_1_388' title='bbox 1533 2433 1712 2465; x_wconf 79' lang='lat' dir='ltr'>Minilatur</span> <span class='ocrx_word' id='word_1_389' title='bbox 1728 2432 1773 2464; x_wconf 89' lang='lat' dir='ltr'>G.</span> 
     </span>
     <span class='ocr_line' id='line_1_41' title="bbox 317 2475 1775 2520; baseline -0.002 -12"><span class='ocrx_word' id='word_1_390' title='bbox 317 2479 398 2509; x_wconf 79' lang='lat' dir='ltr'>EM.</span> <span class='ocrx_word' id='word_1_391' title='bbox 416 2479 575 2520; x_wconf 59' lang='lat' dir='ltr'>[Delph]</span> <span class='ocrx_word' id='word_1_392' title='bbox 597 2480 698 2511; x_wconf 75' lang='lat' dir='ltr'>West.</span> <span class='ocrx_word' id='word_1_393' title='bbox 731 2480 856 2510; x_wconf 85' lang='lat' dir='ltr'>Omnia</span> <span class='ocrx_word' id='word_1_394' title='bbox 871 2481 944 2511; x_wconf 79' lang='lat' dir='ltr'>haec</span> <span class='ocrx_word' id='word_1_395' title='bbox 961 2480 1017 2510; x_wconf 78' lang='lat' dir='ltr'>dat</span> <span class='ocrx_word' id='word_1_396' title='bbox 1035 2480 1182 2510; x_wconf 61' lang='lat' dir='ltr'>Biz—16</span> <span class='ocrx_word' id='word_1_397' title='bbox 1200 2478 1425 2519; x_wconf 82' lang='lat' dir='ltr'>E&#39;r.junctim</span> <span class='ocrx_word' id='word_1_398' title='bbox 1441 2477 1512 2513; x_wconf 78' lang='lat' dir='ltr'>Qua</span> <span class='ocrx_word' id='word_1_399' title='bbox 1526 2475 1775 2514; x_wconf 75' lang='lat' dir='ltr'>audaciafacere</span> 
     </span>
     <span class='ocr_line' id='line_1_42' title="bbox 317 2517 1772 2562; baseline -0.003 -11"><span class='ocrx_word' id='word_1_400' title='bbox 317 2524 437 2552; x_wconf 78' lang='lat' dir='ltr'>tantum</span> <span class='ocrx_word' id='word_1_401' title='bbox 453 2521 583 2558; x_wconf 78' lang='lat' dir='ltr'>fucinus</span> <span class='ocrx_word' id='word_1_402' title='bbox 602 2524 715 2553; x_wconf 78' lang='lat' dir='ltr'>audet?</span> <span class='ocrx_word' id='word_1_403' title='bbox 737 2523 931 2553; x_wconf 79' lang='lat' dir='ltr'>West.—17</span> <span class='ocrx_word' id='word_1_404' title='bbox 956 2522 995 2553; x_wconf 89' lang='lat' dir='ltr'>In</span> <span class='ocrx_word' id='word_1_405' title='bbox 1011 2523 1055 2553; x_wconf 83' lang='lat' dir='ltr'>G.</span> <span class='ocrx_word' id='word_1_406' title='bbox 1072 2521 1365 2562; x_wconf 79' lang='lat' dir='ltr'>suprascriptum:</span> <span class='ocrx_word' id='word_1_407' title='bbox 1393 2520 1460 2551; x_wconf 74' lang='lat' dir='ltr'>Alii</span> <span class='ocrx_word' id='word_1_408' title='bbox 1477 2519 1554 2551; x_wconf 82' lang='lat' dir='ltr'>libri</span> <span class='ocrx_word' id='word_1_409' title='bbox 1573 2519 1635 2549; x_wconf 85' lang='lat' dir='ltr'>hoc</span> <span class='ocrx_word' id='word_1_410' title='bbox 1652 2517 1772 2548; x_wconf 86' lang='lat' dir='ltr'>modo:</span> 
     </span>
     <span class='ocr_line' id='line_1_43' title="bbox 316 2560 1773 2603; baseline -0.001 -9"><span class='ocrx_word' id='word_1_411' title='bbox 316 2565 430 2594; x_wconf 73' lang='lat' dir='ltr'>Annon</span> <span class='ocrx_word' id='word_1_412' title='bbox 457 2564 515 2595; x_wconf 70' lang='lat' dir='ltr'>tihi</span> <span class='ocrx_word' id='word_1_413' title='bbox 538 2566 737 2596; x_wconf 75' lang='lat' dir='ltr'>dehonestare</span> <span class='ocrx_word' id='word_1_414' title='bbox 757 2568 878 2596; x_wconf 79' lang='lat' dir='ltr'>tantum</span> <span class='ocrx_word' id='word_1_415' title='bbox 892 2565 1038 2603; x_wconf 67' lang='lat' dir='ltr'>juvenem</span> <span class='ocrx_word' id='word_1_416' title='bbox 1068 2565 1122 2596; x_wconf 86' lang='lat' dir='ltr'>hoc</span> <span class='ocrx_word' id='word_1_417' title='bbox 1151 2565 1321 2595; x_wconf 77' lang='lat' dir='ltr'>maximum</span> <span class='ocrx_word' id='word_1_418' title='bbox 1345 2567 1412 2595; x_wconf 83' lang='lat' dir='ltr'>est?</span> <span class='ocrx_word' id='word_1_419' title='bbox 1434 2561 1488 2593; x_wconf 86' lang='lat' dir='ltr'>Id.</span> <span class='ocrx_word' id='word_1_420' title='bbox 1532 2561 1654 2602; x_wconf 75' lang='lat' dir='ltr'>Audet]</span> <span class='ocrx_word' id='word_1_421' title='bbox 1680 2560 1715 2593; x_wconf 86' lang='lat' dir='ltr'>J.</span> <span class='ocrx_word' id='word_1_422' title='bbox 1737 2564 1773 2592; x_wconf 88' lang='lat' dir='ltr'>et</span> 
     </span>
     <span class='ocr_line' id='line_1_44' title="bbox 316 2603 1772 2648; baseline -0.001 -12"><span class='ocrx_word' id='word_1_423' title='bbox 316 2607 470 2637; x_wconf 74' lang='lat' dir='ltr'>venetus</span> <span class='ocrx_word' id='word_1_424' title='bbox 498 2608 573 2638; x_wconf 88' lang='lat' dir='ltr'>cod.</span> <span class='ocrx_word' id='word_1_425' title='bbox 590 2607 718 2645; x_wconf 79' lang='lat' dir='ltr'>facere:</span> <span class='ocrx_word' id='word_1_426' title='bbox 742 2617 809 2638; x_wconf 88' lang='lat' dir='ltr'>non</span> <span class='ocrx_word' id='word_1_427' title='bbox 838 2608 966 2648; x_wconf 77' lang='lat' dir='ltr'>inepte.</span> <span class='ocrx_word' id='word_1_428' title='bbox 991 2608 1079 2639; x_wconf 84' lang='lat' dir='ltr'>Perl.</span> <span class='ocrx_word' id='word_1_429' title='bbox 1127 2608 1199 2638; x_wconf 81' lang='lat' dir='ltr'>Hoc</span> <span class='ocrx_word' id='word_1_430' title='bbox 1223 2608 1385 2638; x_wconf 82' lang='lat' dir='ltr'>omittunt</span> <span class='ocrx_word' id='word_1_431' title='bbox 1408 2606 1510 2636; x_wconf 79' lang='lat' dir='ltr'>Bent.</span> <span class='ocrx_word' id='word_1_432' title='bbox 1537 2605 1616 2645; x_wconf 78' lang='lat' dir='ltr'>Rip.</span> <span class='ocrx_word' id='word_1_433' title='bbox 1643 2603 1772 2644; x_wconf 84' lang='lat' dir='ltr'>Delph.</span> 
     </span>
     <span class='ocr_line' id='line_1_45' title="bbox 317 2645 1773 2690; baseline -0.002 -11"><span class='ocrx_word' id='word_1_434' title='bbox 317 2649 421 2679; x_wconf 74' lang='lat' dir='ltr'>Both.</span> <span class='ocrx_word' id='word_1_435' title='bbox 440 2650 618 2681; x_wconf 53' lang='lat' dir='ltr'>Peri—is</span> <span class='ocrx_word' id='word_1_436' title='bbox 644 2650 723 2685; x_wconf 82' lang='lat' dir='ltr'>Quis</span> <span class='ocrx_word' id='word_1_437' title='bbox 738 2650 823 2680; x_wconf 82' lang='lat' dir='ltr'>homo</span> <span class='ocrx_word' id='word_1_438' title='bbox 836 2660 893 2690; x_wconf 81' lang='lat' dir='ltr'>pro</span> <span class='ocrx_word' id='word_1_439' title='bbox 909 2651 1021 2681; x_wconf 75' lang='lat' dir='ltr'>moecho</span> <span class='ocrx_word' id='word_1_440' title='bbox 1038 2660 1171 2690; x_wconf 73' lang='lat' dir='ltr'>uuquam</span> <span class='ocrx_word' id='word_1_441' title='bbox 1185 2650 1283 2690; x_wconf 82' lang='lat' dir='ltr'>vidit]</span> <span class='ocrx_word' id='word_1_442' title='bbox 1308 2649 1414 2680; x_wconf 85' lang='lat' dir='ltr'>Vides</span> <span class='ocrx_word' id='word_1_443' title='bbox 1427 2658 1484 2689; x_wconf 82' lang='lat' dir='ltr'>pro</span> <span class='ocrx_word' id='word_1_444' title='bbox 1500 2647 1587 2686; x_wconf 81' lang='lat' dir='ltr'>acui,</span> <span class='ocrx_word' id='word_1_445' title='bbox 1609 2650 1646 2678; x_wconf 87' lang='lat' dir='ltr'>et</span> <span class='ocrx_word' id='word_1_446' title='bbox 1659 2645 1773 2677; x_wconf 82' lang='lat' dir='ltr'>moecho</span> 
     </span>
     <span class='ocr_line' id='line_1_46' title="bbox 315 2688 1774 2733; baseline -0.001 -12"><span class='ocrx_word' id='word_1_447' title='bbox 315 2691 349 2721; x_wconf 88' lang='lat' dir='ltr'>in</span> <span class='ocrx_word' id='word_1_448' title='bbox 365 2692 464 2722; x_wconf 74' lang='lat' dir='ltr'>&#39;l&#39;hesi</span> <span class='ocrx_word' id='word_1_449' title='bbox 482 2692 640 2732; x_wconf 79' lang='lat' dir='ltr'>deprimi.</span> <span class='ocrx_word' id='word_1_450' title='bbox 675 2694 749 2723; x_wconf 71' lang='lat' dir='ltr'>Non</span> <span class='ocrx_word' id='word_1_451' title='bbox 767 2693 814 2723; x_wconf 78' lang='lat' dir='ltr'>ita</span> <span class='ocrx_word' id='word_1_452' title='bbox 829 2695 940 2723; x_wconf 67' lang='lat' dir='ltr'>scena</span> <span class='ocrx_word' id='word_1_453' title='bbox 958 2694 1114 2733; x_wconf 74' lang='lat' dir='ltr'>proxima</span> <span class='ocrx_word' id='word_1_454' title='bbox 1131 2703 1178 2723; x_wconf 86' lang='lat' dir='ltr'>vs.</span> <span class='ocrx_word' id='word_1_455' title='bbox 1193 2695 1246 2723; x_wconf 80' lang='lat'>22.</span> <span class='ocrx_word' id='word_1_456' title='bbox 1264 2695 1272 2709; x_wconf 91' lang='lat'>‘</span> <span class='ocrx_word' id='word_1_457' title='bbox 1289 2692 1389 2723; x_wconf 87' lang='lat' dir='ltr'>Hunc</span> <span class='ocrx_word' id='word_1_458' title='bbox 1407 2701 1467 2730; x_wconf 82' lang='lat' dir='ltr'>pro</span> <span class='ocrx_word' id='word_1_459' title='bbox 1481 2690 1613 2721; x_wconf 80' lang='lat' dir='ltr'>moecho</span> <span class='ocrx_word' id='word_1_460' title='bbox 1627 2688 1774 2730; x_wconf 63' lang='lat' dir='ltr'>postea!</span> 
     </span>
     <span class='ocr_line' id='line_1_47' title="bbox 315 2732 1773 2775; baseline -0.001 -11"><span class='ocrx_word' id='word_1_461' title='bbox 315 2734 409 2773; x_wconf 83' lang='lat' dir='ltr'>Lege</span> <span class='ocrx_word' id='word_1_462' title='bbox 425 2735 478 2766; x_wconf 85' lang='lat' dir='ltr'>hic</span> <span class='ocrx_word' id='word_1_463' title='bbox 494 2744 587 2773; x_wconf 75' lang='lat' dir='ltr'>erge,</span> <span class='ocrx_word' id='word_1_464' title='bbox 613 2736 692 2770; x_wconf 77' lang='lat' dir='ltr'>Quis</span> <span class='ocrx_word' id='word_1_465' title='bbox 708 2736 795 2765; x_wconf 72' lang='lat' dir='ltr'>homo</span> <span class='ocrx_word' id='word_1_466' title='bbox 811 2745 945 2775; x_wconf 70' lang='lat' dir='ltr'>nmquam</span> <span class='ocrx_word' id='word_1_467' title='bbox 959 2746 1014 2774; x_wconf 79' lang='lat' dir='ltr'>pro</span> <span class='ocrx_word' id='word_1_468' title='bbox 1042 2736 1153 2766; x_wconf 82' lang='lat' dir='ltr'>moecho</span> <span class='ocrx_word' id='word_1_469' title='bbox 1176 2736 1265 2766; x_wconf 78' lang='lat' dir='ltr'>vidit.</span> <span class='ocrx_word' id='word_1_470' title='bbox 1312 2735 1367 2765; x_wconf 86' lang='lat' dir='ltr'>lta</span> <span class='ocrx_word' id='word_1_471' title='bbox 1394 2743 1494 2764; x_wconf 82' lang='lat' dir='ltr'>voces</span> <span class='ocrx_word' id='word_1_472' title='bbox 1518 2732 1659 2773; x_wconf 73' lang='lat' dir='ltr'>singuiae</span> <span class='ocrx_word' id='word_1_473' title='bbox 1676 2735 1773 2762; x_wconf 79' lang='lat' dir='ltr'>recte</span> 
     </span>
     <span class='ocr_line' id='line_1_48' title="bbox 318 2774 1771 2818; baseline -0.001 -11"><span class='ocrx_word' id='word_1_474' title='bbox 318 2775 501 2809; x_wconf 76' lang='lat' dir='ltr'>feriuntur.</span> <span class='ocrx_word' id='word_1_475' title='bbox 527 2778 623 2808; x_wconf 75' lang='lat' dir='ltr'>Bent.</span> <span class='ocrx_word' id='word_1_476' title='bbox 670 2778 918 2818; x_wconf 80' lang='lat' dir='ltr'>Obsequuntur</span> <span class='ocrx_word' id='word_1_477' title='bbox 949 2779 1050 2809; x_wconf 75' lang='lat' dir='ltr'>Both.</span> <span class='ocrx_word' id='word_1_478' title='bbox 1084 2779 1267 2810; x_wconf 82' lang='lat' dir='ltr'>Perl.-19</span> <span class='ocrx_word' id='word_1_479' title='bbox 1289 2776 1485 2818; x_wconf 72' lang='lat' dir='ltr'>Deprehendz·</span> <span class='ocrx_word' id='word_1_480' title='bbox 1515 2775 1558 2807; x_wconf 87' lang='lat' dir='ltr'>G.</span> <span class='ocrx_word' id='word_1_481' title='bbox 1591 2775 1661 2807; x_wconf 83' lang='grc' dir='ltr'>ΕΤ.</span> <span class='ocrx_word' id='word_1_482' title='bbox 1688 2774 1771 2806; x_wconf 89' lang='grc' dir='ltr'>ΕΜ.</span> 
     </span>
    </p>
   </div>
  </div>
 </body>
</html>
