1966 3302
305 207 391 249 528
798 221 838 251 P.
871 220 1111 251 'rERENTu
1148 222 1263 253 Arm

307 314 458 358 Nobis
480 315 600 358 dedit
621 329 682 357 se.
744 316 833 358 ΡΛ.
866 315 1036 358 Fratris
1068 319 1201 371 igitur
1227 319 1368 362 Thais
1401 323 1497 362 tota
1522 319 1608 363 'st‘l
1670 319 1758 363 CH.

306 451 397 493 PA.
426 451 455 493 J
460 384 674 493 asidlllllzit
685 451 804 493 aliud
834 457 905 492 est
934 451 1054 504 quod
1081 452 1378 505 gaudeamus.
1419 454 1546 495 miles
1584 388 1761 508 pellitffl

478 520 614 561 foras.

308 586 397 628 CH.
425 586 540 627 Tum
570 590 631 636 tu,
662 585 800 627 frater
820 586 900 626 ubi
921 586 996 626 ubi
1016 591 1097 636 est,
1130 585 1200 627 fac
1223 589 1545 641 quamprimum
1564 589 1662 631 haec
1683 601 1760 631 au-

476 654 585 695 diat.
646 652 735 694 ΡΑ.
766 652 926 694 Visam
947 653 1137 694 domum.

305 720 396 762 ΤΗ.
427 720 675 774 Numquid,
699 720 893 770 Gnatho,
923 721 1120 771 dubitas,
1143 722 1247 775 quin
1282 735 1362 774 ego
1397 735 1512 763 nunc
1546 726 1760 778 perpetuo

477 789 678 842 perierim
695 789 714 830 ‘l

307 855 402 898 GN.
432 856 539 897 Sine
560 856 714 907 dubio,
730 858 899 910 opinor.
950 856 1041 898 CH.
1063 855 1185 907 Quid
1200 869 1536 898 commemorem
1557 858 1759 912 primum,

476 927 556 964 aut
575 923 752 965 laudem
774 925 1013 965 maxume?

306 990 510 1041 Illumne,
531 992 608 1045 qui
628 991 733 1033 mihi
755 993 985 1034 consilium
1018 992 1154 1043 dedit,
1175 997 1225 1034 ut
1254 993 1474 1044 facerem3
1505 1006 1563 1034 an
1582 1006 1666 1044 me,
1688 994 1763 1048 qui

480 1071 617 1100 ausus
636 1059 722 1099 sim
1705 1061 1763 1101 15

307 1169 374 1200 ΡΑ.
398 1167 523 1199 Fratris
538 1168 585 1199 tui
600 1168 702 1208 igitur
719 1166 814 1200 Thais
830 1171 894 1199 tota
910 1168 1004 1200 estin
1015 1171 1190 1209 potestate?
1235 1169 1306 1201 CH.
1332 1170 1476 1201 Omnino.
1520 1169 1589 1201 ΡΑ.
1611 1169 1688 1201 Jam
1701 1170 1764 1201 alia

306 1212 430 1251 insuper
444 1211 531 1242 nobis
553 1221 646 1242 causa
658 1211 779 1250 gaudii.
827 1212 944 1242 Thraso
968 1212 1144 1243 excluditur
1158 1222 1177 1242 a
1194 1211 1322 1243 Thaide.
1368 1213 1437 1244 CH.
1464 1213 1522 1251 Tu,
1538 1213 1704 1250 Parmeno,
1723 1213 1764 1244 da

306 1264 427 1295 operam
442 1257 476 1284 ut
491 1253 768 1294 Phoedriasrater,
783 1254 961 1294 ubicumque
975 1255 1030 1294 sit,
1044 1255 1108 1285 hoec
1123 1255 1248 1286 resciat.
1293 1256 1360 1286 ΡΑ.
1383 1255 1488 1287 Visam
1503 1257 1634 1294 domum,
1649 1265 1723 1286 num
1736 1256 1765 1287 is

300 1297 388 1335 forte
414 1296 458 1327 ibi
479 1297 532 1328 sit.
578 1297 649 1328 ΤΗ.
676 1297 846 1338 Numquid,
866 1298 1005 1333 Gnatho,
1030 1297 1154 1328 dubitas
1180 1308 1227 1329 me
1247 1298 1398 1339 perzisse?
1442 1299 1511 1330 GN.
1538 1299 1610 1330 Non
1632 1298 1765 1336 dubito,-

307 1340 411 1378 omno,
436 1343 518 1370 certo
547 1341 646 1371 credo.
691 1340 758 1372 Cn.
785 1340 871 1376 Quid
896 1340 1030 1380 primum
1053 1349 1226 1380 memorem,
1249 1344 1304 1372 aut
1325 1351 1414 1382 quem
1433 1341 1574 1372 laudibus
1596 1342 1764 1373 extollam?

306 1383 432 1414 illumne
444 1383 496 1423 qui
510 1383 588 1414 mihz
601 1383 714 1422 suasit,
729 1383 898 1423 utfacinus
914 1393 1095 1424 exequerer.
1089 1387 1102 1405 ⁹
1123 1393 1163 1415 an
1176 1394 1236 1424 me,
1252 1384 1305 1425 qui
1320 1384 1538 1423 aususfuerim
1560 1384 1637 1415 illud
1651 1394 1764 1424 aggre-

919 1473 1156 1485 eeeeeeeeeee

307 1539 411 1570 Bent.
457 1540 497 1570 In
512 1538 616 1570 client.
631 1538 676 1579 et]
701 1539 781 1570 Par.
798 1538 830 1570 in
847 1549 957 1580 marg.
979 1539 1014 1571 in
1035 1539 1143 1572 Andr.
1159 1548 1200 1571 11.
1226 1542 1256 1571 1.
1281 1543 1311 1572 3.
1336 1540 1421 1572 Perl.
1470 1539 1675 1571 Bentleiana
1698 1539 1763 1570 dis-

309 1582 429 1613 tinctio
447 1582 549 1613 estin
566 1582 646 1623 Bip.
668 1586 703 1613 et
728 1583 830 1614 Both.
854 1587 889 1614 et
911 1583 1006 1614 sicin
1023 1583 1147 1623 Delph.
1193 1582 1242 1614 At
1266 1582 1340 1614 fere
1361 1584 1496 1614 silemus
1520 1583 1563 1614 de
1589 1583 1683 1614 lectt.
1709 1582 1764 1614 ed.

307 1625 438 1665 Delph.
457 1624 593 1666 quando
623 1634 686 1665 per
716 1626 787 1666 ejus
819 1625 1145 1666 Interpretationem
1173 1626 1256 1657 satis
1281 1631 1359 1657 sunt
1387 1625 1669 1657 inauifestae.—ll
1697 1626 1764 1657 Ms.

309 1668 404 1708 Lips.
421 1668 466 1700 G.
484 1669 556 1699 EP.
579 1668 721 1708 pelletur.
768 1668 849 1699 Par.
867 1678 907 1698 ex
926 1668 1055 1700 duobus
1072 1669 1157 1699 Mss.
1175 1669 1276 1708 citat,
1301 1669 1374 1709 quia
1397 1669 1485 1700 miles
1510 1670 1642 1708 pelletur
1659 1667 1764 1706 foras.

308 1712 418 1742 West.
463 1712 623 1743 Quatuor
638 1720 681 1742 ex
698 1712 822 1742 nostris
841 1711 993 1751 pellitur;
1016 1711 1122 1742 ceteri
1139 1721 1256 1742 omnes
1280 1712 1423 1751 pelletur.
1468 1712 1674 1742 Concinnius
1691 1710 1765 1750 hoc,

309 1758 345 1784 et
363 1754 405 1784 ad
423 1763 557 1784 sensum
574 1759 608 1784 et
623 1753 665 1783 ad
682 1763 853 1784 numeros.
878 1754 974 1786 Bent.
1020 1755 1160 1785 Pelletur
1185 1755 1226 1785 R.
1250 1754 1344 1785 Lind.
1388 1755 1443 1785 Sic
1467 1754 1528 1785 Br.
1558 1755 1635 1793 Bip.
1663 1754 1764 1785 Both.

308 1799 394 1827 —12
418 1796 513 1828 Giar.
528 1801 563 1827 et
581 1796 624 1828 G.
643 1796 680 1827 F.
696 1806 774 1828 cum
797 1797 888 1837 Gny.
906 1796 1093 1837 praeferunt
1109 1797 1202 1836 domi,
1218 1796 1387 1837 quomodo
1404 1802 1458 1827 est
1474 1797 1507 1827 in
1524 1797 1572 1827 Μ.
1588 1801 1624 1826 et
1639 1796 1765 1827 Boend.

309 1848 386 1870 cum
408 1839 488 1870 edd.
517 1839 673 1870 vetustis.
718 1839 759 1870 Iu
776 1839 898 1881 quibus
924 1840 971 1871 ita
999 1841 1175 1871 Donatus:
1205 1840 1310 1871 Visam
1335 1841 1366 1870 d.
1392 1839 1481 1870 unde
1511 1839 1564 1870 vix
1591 1837 1764 1878 conficias,

309 1882 392 1913 domi
407 1882 546 1922 legerit,
571 1891 612 1913 an
637 1883 769 1913 domum.
815 1883 892 1913 Hoc
917 1882 1071 1913 Latinius
1098 1881 1232 1913 videtur
1249 1882 1392 1914 dictum.
1438 1882 1507 1913 Ms.
1525 1883 1620 1922 Lips.
1647 1886 1683 1912 et
1709 1882 1764 1912 Tr.

308 1924 407 1956 visam
433 1927 568 1956 domum.
614 1924 670 1956 Ita
696 1930 732 1956 et
759 1925 857 1956 Leid.
884 1935 981 1957 unus.
1009 1925 1109 1957 West.
1153 1924 1194 1956 In
1225 1925 1392 1966 principio
1419 1925 1519 1965 hujus
1545 1933 1659 1955 versus
1676 1924 1765 1955 adde

308 1967 492 1999 dictionem
520 1969 567 1999 Tu
583 1977 625 1998 ex
642 1968 739 1999 Bem.
785 1967 852 1998 Alii
880 1967 958 1999 libri
982 1968 1110 1999 habent
1138 1968 1213 1999 Tum
1241 1971 1292 1999 tu.-
1315 1967 1405 2008 quod
1430 1973 1524 1999 stare
1548 1976 1615 1999 non
1639 1973 1764 2006 potest.

309 2011 370 2043 Fa.
418 2011 538 2042 Nostri
554 2020 670 2041 omnes
686 2010 861 2051 mendose,
887 2011 964 2042 Tum
988 2014 1034 2042 tu.
1072 2011 1174 2041 Bent.
1221 2011 1292 2042 Hoc
1317 2010 1431 2042 Guelf.
1457 2013 1489 2041 2.
1527 2010 1571 2041 Ut
1597 2010 1705 2041 audiat
1732 2012 1763 2040 3.

310 2053 398 2085 Per-l.
445 2054 580 2084 Domum
596 2052 752 2084 defendit
768 2053 848 2093 Bip.
890 2053 935 2084 Tu
962 2063 1022 2094 pro
1046 2054 1124 2084 Tum
1144 2056 1178 2084 tu
1194 2053 1296 2085 Bent.
1313 2054 1353 2084 Z.
1371 2054 1575 2084 Boiu—13.
1600 2055 1640 2084 14
1667 2053 1765 2084 Num-

309 2097 394 2136 quid,
409 2096 548 2133 Gnatho,
564 2095 688 2127 dubitas
709 2096 784 2136 quin
808 2107 864 2135 ego
888 2101 1033 2138 perpetuo
1053 2094 1226 2137 perierim?
1269 2096 1345 2128 Sine
1364 2095 1369 2137 Ι
1390 2096 1495 2127 Dubio
1515 2095 1633 2136 opinor.
1681 2096 1765 2131 Quid

308 2149 536 2169 commemorem
558 2136 720 2179 primum?
735 2142 789 2170 aut
813 2149 901 2179 quem
916 2141 1035 2170 laudem
1051 2138 1201 2178 maxime]
1218 2138 1296 2170 Alia
1313 2139 1414 2170 lectio
1429 2139 1529 2170 estin
1548 2139 1644 2169 Bem.
1676 2138 1765 2169 Nam

309 2182 337 2212 is
354 2182 457 2221 solus,
472 2187 548 2222 post
564 2184 572 2198 ‘
586 2181 745 2220 Gnatho:
760 2181 860 2212 habet
874 2185 931 2219 tu;
954 2183 1049 2219 item,
1067 2186 1144 2222 post
1166 2191 1235 2221 ego,
1257 2193 1349 2223 nunc,
1374 2183 1456 2213 licet
1472 2181 1635 2212 deletum.
1681 2180 1765 2212 Pro-

309 2234 432 2255 nomen
451 2234 531 2255 vero
547 2234 636 2264 quem
652 2234 716 2255 non
734 2224 857 2256 habet:
882 2230 986 2265 atque
1012 2225 1046 2256 in
1070 2225 1122 2256 his
1146 2224 1275 2256 duobus
1300 2225 1480 2265 postremis
1496 2233 1526 2256 o.
1541 2225 1564 2256 l.
1580 2234 1606 2255 s,
1625 2233 1766 2254 consen-

310 2268 412 2306 tiunt,
436 2267 469 2297 id
486 2272 548 2305 est,
571 2270 609 2297 ut
634 2267 818 2298 dictionem
842 2277 924 2298 nunc
948 2267 1111 2307 habeant,
1133 2277 1222 2308 quem
1247 2277 1328 2298 vero
1353 2277 1418 2299 non
1441 2267 1603 2298 habeant.
1647 2266 1715 2297 Sed
1732 2266 1766 2297 in

310 2310 409 2341 Bem.
434 2310 482 2340 ita
500 2309 646 2341 ordinati
664 2315 743 2341 sunt
758 2310 790 2340 hi
808 2310 874 2341 duo
890 2320 1028 2341 versus:
1054 2311 1229 2350 Numquid,
1247 2310 1387 2349 Gnatho,
1413 2313 1448 2340 tu
1472 2309 1596 2340 dubitas
1620 2309 1694 2349 quin
1709 2318 1766 2348 ego

310 2363 390 2384 nunc
403 2356 548 2393 perpetuo
563 2353 728 2392 perierim?
746 2352 751 2393 Ι
771 2352 846 2384 Sine
861 2351 952 2383 dubio
966 2354 1085 2394 opinor.
1132 2353 1217 2388 Quid
1232 2362 1460 2384 commemorem
1481 2352 1616 2392 primum
1631 2355 1685 2382 aut
1700 2352 1766 2382 Iau-

310 2397 378 2426 dem
412 2396 571 2427 maxime?
607 2395 770 2426 Faernus.
817 2396 934 2427 Nostri
961 2406 1051 2436 quem
1079 2405 1146 2426 non
1176 2395 1316 2435 habent,
1353 2405 1432 2426 nunc
1457 2395 1604 2433 habent3
1637 2399 1767 2425 utrum-

312 2448 376 2478 que
394 2442 511 2469 recte:
537 2437 596 2468 sed
622 2437 704 2468 illud
728 2439 828 2477 male,
849 2438 939 2478 quod
955 2442 1095 2470 careant
1109 2442 1154 2469 tu.
1179 2438 1281 2469 Bent.
1325 2439 1372 2469 Tu
1387 2437 1512 2468 dubitas
1532 2437 1634 2468 Both.
1681 2437 1765 2468 Cum

311 2490 395 2512 voce
431 2481 556 2511 ‘Sine'
589 2480 720 2512 claudit
749 2481 839 2511 huuc
870 2491 919 2512 vs.
961 2481 1086 2521 Delph.
1116 2485 1154 2511 ut
1182 2486 1217 2511 et
1244 2480 1324 2521 Bip.
1353 2490 1428 2522 quae
1453 2480 1495 2511 ad
1530 2481 1539 2498 ⁴
1563 2480 1678 2510 Visam
1707 2479 1768 2510 do-

310 2523 421 2554 mum'
455 2523 503 2554 sic
534 2528 652 2554 notat:
689 2524 698 2540 ‘
717 2523 833 2554 Abitio
864 2524 911 2554 sic
949 2524 1171 2554 Parmenonis
1199 2528 1308 2555 mutat
1338 2533 1486 2554 scenam.
1546 2523 1694 2554 Restant
1723 2522 1765 2553 ab

312 2566 421 2597 altera
446 2571 544 2606 parto
560 2566 687 2596 Thraso
703 2576 779 2597 cum
797 2566 989 2605 Gnathoue,
1015 2567 1057 2597 ab
1082 2567 1189 2597 altera
1217 2567 1294 2597 Chr.
1311 2576 1425 2597 secum
1443 2564 1644 2606 loquentes-¹
1687 2564 1767 2606 Bip.

311 2609 417 2648 igitur
446 2619 542 2639 versu
570 2614 687 2639 nostro
716 2612 768 2639 13.
796 2609 916 2649 incipit
944 2610 1088 2640 Scenam
1119 2609 1294 2640 decimam.
1343 2608 1443 2644 Quem
1463 2609 1582 2639 laudem
1597 2607 1767 2646 Delph.—-

313 2654 351 2681 15
378 2652 472 2682 Illum
498 2652 552 2691 qui
574 2652 641 2682 Ms.
661 2651 750 2691 Lips.
797 2652 890 2682 Illum
917 2653 969 2692 qui
995 2652 1082 2682 dedit
1106 2652 1184 2682 mihi
1208 2652 1367 2682 consilium
1393 2651 1434 2682 G.
1463 2651 1531 2682 ET.
1555 2651 1636 2682 EM.
1664 2650 1765 2681 West.

311 2695 406 2724 Illum
421 2695 474 2734 qui
492 2694 569 2724 mihi
584 2694 668 2725 dedit
682 2693 858 2733 consilium]
883 2695 978 2726 Bem.
1004 2695 1157 2731 Illumne;
1180 2694 1270 2735 quod
1288 2694 1537 2734 expeditiorem
1564 2693 1676 2724 reddit
1692 2702 1767 2724 ver-

312 2746 407 2768 sum:
433 2737 490 2777 qui
520 2742 631 2767 tamen
659 2741 694 2767 et
714 2737 817 2776 juxta
845 2738 1015 2776 vulgatam
1046 2738 1127 2768 lect.
1153 2743 1337 2778 utcumque
1358 2736 1541 2768 sustentari
1560 2739 1682 2776 potest.
1708 2735 1765 2768 Fa.

312 2780 446 2811 Illumne
460 2780 511 2820 qui
528 2779 604 2811 milii
620 2779 705 2811 dedit
720 2779 879 2811 consilium
894 2783 930 2811 ut
946 2780 1106 2818 facerem;
1129 2790 1169 2811 an
1195 2790 1242 2812 me
1265 2781 1317 2820 qut
1342 2789 1432 2811 ausus
1458 2778 1532 2819 sim]
1556 2779 1614 2810 Sic
1640 2779 1699 2810 Fa.
1721 2788 1765 2810 ex
