1966 3302
502 213 924 247 HEAUTONTIMOR.
956 212 1064 242 ACT.
1097 210 1141 240 v.
1175 211 1242 240 sc.
1275 210 1327 239 11.
1548 196 1634 239 651

184 316 269 358 Co.
302 313 392 355 Hic
413 315 579 366 patrem
605 313 750 351 astare
771 307 959 348 aiebas?
1022 305 1118 346 ME.
1150 304 1331 345 Eccum.
1391 303 1479 344 CH.
1511 301 1633 352 Quid

353 393 420 421 me
439 379 633 426 incusas,
662 376 854 430 Clitipho
870 377 888 416 ”f

184 447 409 502 Quicquid
430 459 511 499 ego
532 446 662 499 hujus
683 444 783 491 feci,
805 443 884 484 tibi
905 441 1133 496 prospexi,
1154 444 1198 482 et
1219 440 1414 481 stultitiae
1435 443 1534 481 tuae.

183 516 276 558 Ubi
295 521 337 558 te
359 515 449 557 vidi
471 514 613 555 animo
634 525 733 553 esse
754 511 935 560 omisso,
957 515 1015 559 et,
1037 509 1193 550 suavia
1214 509 1260 548 in
1282 507 1522 561 praesentia

184 584 302 637 Quae
331 586 494 632 essent,
526 581 663 635 prima
695 579 869 629 habere,
902 590 1045 631 neque
1077 576 1306 618 consulere
1336 575 1381 615 in
1403 574 1635 628 longitudi-

352 664 450 691 nem
468 663 479 700 ;
1581 642 1635 682 10

184 718 298 774 Cepi
318 719 550 766 rationem,
568 719 619 756 ut
637 727 778 768 neque
799 725 962 766 egeres,
994 723 1136 766 neque
1162 715 1211 752 ut
1235 709 1333 751 haec
1357 722 1513 763 posses
1535 721 1635 763 per-

353 786 469 826 dere.

184 854 290 904 Ubi,
310 854 380 895 cui
401 852 547 893 decuit
568 851 725 905 primo,
748 849 831 891 tibi
851 862 936 889 non
957 847 1080 889 licuit
1101 859 1179 900 per
1199 850 1240 887 te
1261 845 1368 886 mihi
1389 845 1506 893 dare,

184 922 293 964 Abii
315 921 369 962 ad
389 920 637 974 proximos,
673 918 749 971 qui
770 924 893 958 erant
914 916 1018 965 tibi3
1049 916 1112 956 eis
1135 913 1350 962 commisi,
1381 917 1425 953 ct
1446 911 1638 953 credidi:

184 989 257 1031 Ibi
277 993 364 1031 tuae
387 987 589 1029 stultitiae
611 999 779 1039 semper
799 985 881 1026 erit
902 983 1173 1038 praesidium,
1196 981 1418 1034 Clitiph03

184 1056 359 1106 Victus,
395 1055 600 1104 vestitus,
641 1066 728 1107 quo
767 1053 814 1093 in
855 1056 1017 1093 tectum
1059 1056 1103 1092 te
1142 1046 1357 1103 receptes.
1418 1047 1502 1089 CL.
1546 1047 1637 1089 Hei

354 1122 488 1164 mihi!
1581 1116 1639 1156 15

184 1191 272 1234 CH.
303 1192 450 1232 Satius
471 1195 555 1238 est,
587 1201 719 1242 quam
749 1191 792 1228 te
828 1186 928 1240 ipso
955 1185 1129 1227 haeredc
1152 1184 1248 1226 haec
1269 1183 1500 1239 possidere
1521 1184 1638 1225 Bao-

353 1258 539 1300 chidem.

185 1327 270 1370 SY.
303 1325 522 1379 Disperii!
554 1324 770 1365 scelestus
793 1326 977 1376 quantas
999 1320 1151 1363 turbas
1173 1319 1347 1361 concivi
1369 1319 1562 1360 insciens
1581 1319 1590 1359 !

185 1395 271 1437 CL.
302 1394 450 1437 Emori
472 1394 620 1448 cupio.
681 1391 768 1433 CH.
801 1391 947 1442 Prius,
981 1402 1154 1444 quaeso,
1188 1388 1327 1438 disce,
1359 1387 1467 1442 quid
1499 1387 1555 1428 sit
1574 1385 1640 1428 vi·

354 1475 484 1504 vere:

186 1595 267 1635 quod
281 1593 340 1625 tibi
355 1593 444 1634 cupio
467 1603 533 1633 quoe
552 1592 599 1624 cis
619 1591 732 1624 omnia.
778 1591 839 1623 CL.
863 1589 1000 1623 Dicebas
1022 1589 1071 1621 hic
1093 1591 1215 1630 patrem
1230 1597 1328 1620 meum
1340 1596 1434 1628 prope
1450 1597 1524 1618 esse.
1568 1586 1643 1617 ME.

185 1638 266 1669 Ecce
281 1647 362 1668 eum.
407 1637 475 1668 CH.
501 1637 529 1666 0
549 1635 701 1676 Clitipho,
718 1635 791 1675 quid
808 1644 855 1666 me
871 1633 999 1675 culpas?
1022 1633 1165 1674 quicquid
1188 1633 1221 1663 in
1244 1633 1299 1663 hac
1314 1631 1433 1669 refeci,
1453 1634 1486 1661 ut
1502 1630 1643 1670 provide-

182 1690 249 1712 rem
262 1681 333 1719 tibi,
347 1683 376 1710 et
395 1683 456 1710 tuoe
479 1679 622 1716 iresanz‘ae,
648 1680 681 1710 id
697 1679 821 1717 factum
842 1681 899 1713 est,
920 1681 1081 1718 postquam
1097 1679 1126 1707 te
1140 1676 1268 1715 cognovi
1280 1685 1344 1706 esse
1356 1674 1490 1704 desidem
1507 1677 1538 1704 et
1551 1673 1644 1712 igna-

184 1733 267 1759 vum,
283 1727 311 1754 et
329 1726 472 1763 reputare
488 1732 523 1753 ea
536 1732 599 1753 esse
611 1722 779 1763 proecipua,
795 1731 862 1761 quoe
879 1720 937 1751 tibi
952 1720 1056 1751 dulcia
1079 1722 1109 1750 et
1122 1719 1259 1757 jucunda
1283 1721 1355 1748 sunt
1369 1717 1400 1747 in
1416 1720 1548 1756 tempore
1561 1725 1642 1756 proe-

183 1766 276 1806 senti,
289 1775 384 1805 neque
397 1765 560 1806 prot-idere
574 1766 664 1805 longe
675 1765 707 1796 in
718 1765 884 1802 futurum;
911 1763 1015 1794 inveni
1039 1763 1172 1799 modum,
1196 1765 1230 1792 ut
1251 1771 1346 1801 neque
1363 1764 1398 1791 tu
1420 1761 1580 1798 indigeres
1593 1768 1644 1789 ne-

183 1809 337 1844 censoriis,
353 1818 448 1849 neque
461 1818 565 1848 posses
579 1808 736 1839 absumere
753 1808 817 1838 hoec
840 1816 906 1837 mea
927 1807 1013 1838 bona.
1073 1806 1243 1845 Postquam
1269 1804 1338 1842 tibi,
1363 1803 1411 1834 cui
1432 1802 1523 1833 debui
1542 1801 1644 1843 primo

186 1851 316 1891 haeredi,
333 1861 393 1882 non
403 1851 490 1892 potui
504 1855 629 1892 propter
645 1855 713 1882 tuos
729 1860 826 1881 mores
841 1859 907 1881 meu
923 1849 999 1880 bona
1015 1850 1141 1888 donare,
1157 1847 1293 1878 converti
1310 1857 1356 1877 me
1371 1847 1410 1876 ad
1426 1844 1638 1883 consanguini-

184 1897 249 1926 tate
263 1894 431 1935 proximos,
447 1904 552 1934 nempe
574 1895 614 1925 ad
629 1903 763 1924 sororem
775 1905 785 1924 .-
813 1892 1006 1934 eorumfidei
1024 1892 1245 1928 commendavi,
1261 1901 1277 1920 o
1297 1889 1447 1928 Clitipho,
1470 1889 1524 1918 illa
1545 1887 1646 1923 bona,-

183 1939 267 1978 upud
281 1948 330 1968 eos
346 1939 496 1977 quoddam
510 1937 687 1976 perfugium
709 1940 801 1976 atque
823 1936 977 1967 auxilium.
1001 1934 1123 1966 habebis
1138 1943 1255 1974 semper
1271 1938 1332 1963 tuae
1347 1933 1447 1963 stultit
1454 1932 1504 1969 z'oe,
1520 1931 1647 1969 vic-uem,

183 1981 342 2019 vestitum,
355 1983 386 2011 et
402 1983 516 2011 tectum
532 1990 588 2019 quo
605 1984 634 2011 te
650 1979 792 2020 recipias.
839 1980 897 2010 CL.
924 1979 988 2009 Hei
1003 1977 1106 2008 mihi!
1152 1977 1221 2008 Cn.
1247 1975 1363 2006 Melius
1382 1978 1428 2006 est
1453 1975 1500 2004 ita
1521 1984 1568 2004 me
1583 1973 1646 2003 dis-

181 2024 320 2064 posuisse
335 2024 371 2054 de
388 2023 474 2054 bonis
490 2024 577 2061 meis,
591 2033 680 2063 quam
697 2022 882 2054 Bacchidem
905 2022 970 2052 hoec
993 2021 1102 2052 habere
1113 2031 1123 2051 .·
1146 2021 1225 2060 quod
1237 2019 1346 2059 fieret,
1369 2019 1397 2048 si
1420 2021 1454 2048 tu
1474 2026 1554 2048 esses
1568 2016 1646 2046 milri

185 2064 295 2097 hoeres.
341 2067 403 2097 SY.
427 2066 582 2105 Disperii.
632 2066 771 2101 Quantos
799 2069 898 2095 motus
922 2075 978 2103 ego
1007 2065 1153 2095 scelestus
1176 2062 1312 2093 excitavi
1336 2058 1538 2101 imprudens!
1583 2059 1644 2090 CL.

189 2109 327 2141 Mortem
341 2109 463 2140 omnino
479 2109 628 2140 desidero.
674 2109 742 2140 Cn.
763 2107 907 2145 Obsecro,
921 2108 1002 2138 disce
1013 2108 1111 2147 primo
1123 2107 1195 2147 quid
1209 2105 1250 2136 sit
1265 2114 1333 2136 cum
1348 2105 1465 2134 virtute
1481 2106 1510 2134 et
1525 2102 1646 2133 ratione

795 2221 1033 2235 eeeeeeeeeeee

186 2311 206 2340 7
229 2306 271 2339 In
295 2307 394 2338 Bem.
416 2315 477 2347 pro
493 2309 597 2336 astare
613 2305 738 2345 legitur
762 2315 846 2342 esse‚·
869 2309 905 2336 et
933 2313 1051 2335 versus
1077 2302 1260 2344 expeditus
1290 2306 1367 2332 est:
1392 2308 1583 2342 quanquam
1611 2304 1647 2332 et

181 2351 243 2382 illo
261 2349 362 2381 modo
379 2354 470 2380 stare
488 2355 672 2390 utcumque
690 2349 808 2389 possit.
834 2349 892 2380 Fa.
937 2347 1095 2388 Apparet
1114 2346 1170 2376 hic
1188 2346 1221 2376 in
1248 2345 1345 2375 Rem.
1375 2353 1491 2374 manus
1507 2352 1645 2374 correc-

184 2394 282 2425 toris.
325 2393 408 2424 Cum
425 2401 541 2423 omnes
559 2392 696 2422 codices
715 2395 830 2431 astare,
846 2392 909 2422 iste
927 2392 1019 2422 solus
1043 2390 1147 2420 habet
1171 2398 1258 2424 esse;
1282 2388 1362 2428 quia
1390 2388 1401 2403 ⁴
1415 2387 1527 2417 aiebat
1540 2386 1549 2399 '
1583 2387 1643 2416 tri-

184 2436 336 2477 syllabon
354 2434 499 2473 accepit.
542 2434 590 2466 At
607 2434 732 2475 ubique
751 2435 880 2465 Noster
903 2433 1042 2473 ‘aibas,'
1072 2434 1080 2449 ‘
1097 2432 1233 2464 aibant!
1257 2431 1354 2461 Bent.
1403 2430 1527 2460 Eccum.
1564 2429 1641 2461 Hoc

182 2479 275 2519 urrlg.
291 2477 500 2510 Menedemo
530 2478 711 2516 t1·ibuunt;
735 2477 794 2508 sed
826 2479 925 2518 Syrus
952 2478 1180 2508 interrogatus
1206 2473 1285 2512 fuit,
1314 2482 1421 2513 neque
1451 2473 1548 2503 adest
1575 2473 1644 2503 ille.

182 2522 280 2553 Both.
305 2521 361 2562 qui
386 2521 488 2551 etiam
505 2520 592 2551 aibas
609 2521 704 2559 legit.
750 2520 865 2551 Verba
895 2520 980 2555 Quid
996 2529 1054 2557 me,
1071 2520 1123 2557 25⁸0.
1148 2518 1181 2548 in
1200 2517 1278 2556 ssip.
1296 2525 1415 2547 novam
1432 2515 1575 2546 Scenam
1591 2515 1639 2546 in—

184 2565 390 2605 cipiunt.—S
413 2563 485 2594 ΕΡ.
510 2563 668 2603 Quicquid
683 2563 773 2602 hujus
788 2564 835 2594 rei
843 2563 988 2600 feci—9
1013 2563 1052 2593 In
1072 2562 1138 2592 Ms-
1154 2560 1249 2599 Lips.
1266 2564 1318 2590 est
1335 2569 1343 2589 τ
1367 2559 1478 2589 omisso
1499 2562 1528 2588 et
1544 2558 1644 2588 suari.

181 2610 266 2638 —ll
292 2606 366 2638 ΕΡ.
396 2611 430 2636 et
447 2606 531 2636 Mss.
549 2607 697 2646 quidam,
721 2610 757 2637 ut
774 2616 868 2646 neque
884 2610 918 2636 tu
934 2614 1050 2645 egeres.
1096 2604 1150 2635 Ita
1168 2610 1201 2633 et
1221 2602 1310 2633 Non.
1329 2602 1525 2632 Marcellus.
1547 2601 1647 2632 IVcst.

185 2649 270 2681 eod.
287 2649 433 2688 scriptus
461 2651 535 2679 900.
562 2658 725 2679 annorum
759 2649 862 2687 egeris
889 2653 924 2679 et
950 2649 1060 2688 possis.
1108 2647 1268 2677 Fortasse
1298 2645 1479 2684 legendnm
1507 2649 1586 2674 est:
1611 2647 1646 2674 ut

182 2702 279 2733 neque
304 2702 406 2731 egeas,
430 2701 525 2731 neque
553 2695 587 2722 ut
614 2692 679 2722 haec
705 2693 805 2732 possis
831 2693 970 2732 perdere.
1010 2692 1111 2722 Bent.
1141 2690 1185 2720 Ut
1200 2697 1296 2728 neque
1318 2692 1352 2718 lu
1368 2697 1394 2718 e.
1419 2687 1479 2717 ΒΓ.
1499 2687 1546 2717 Tu
1560 2695 1646 2725 eger.

186 2734 301 2766 Gueif.
317 2738 348 2765 2.
364 2737 394 2765 3.
441 2733 552 2765 Abest
569 2737 603 2765 ut
619 2735 790 2775 posterius
806 2736 929 2765 2.—12
953 2734 1008 2766 ‚Me
1032 2738 1109 2774 post
1138 2732 1188 2762 cui
1203 2734 1234 2762 3.
1259 2730 1320 2761 Cui
1341 2730 1393 2760 cui
1408 2731 1527 2760 2.-14
1544 2729 1646 2759 Both.

179 2777 359 2818 praesidium
383 2776 539 2809 eric—15
566 2777 721 2820 Receptus
747 2776 862 2809 Guelf.
880 2780 910 2809 1.
927 2778 1045 2808 3--16
1076 2775 1186 2808 Satius
1208 2774 1325 2806 hoc-est
1342 2777 1373 2805 l.
1408 2771 1468 2804 Sat
1482 2771 1536 2803 hoc
1551 2775 1595 2804 est
1613 2773 1647 2803 2.
