1966 3302
530 216 840 249 PHORMJONIS
872 216 980 245 Aer.
1015 214 1056 244 ν’.
1090 214 1157 243 sc.
1192 211 1277 241 vir.
1516 199 1627 241 1031

177 315 298 365 Quia
318 327 370 355 ne
388 313 568 357 alteram
593 311 769 366 quidem
791 311 910 352 illam
933 312 1091 362 potero
1113 307 1271 348 ducere
1290 318 1300 347 ε

176 381 295 423 Nam
317 396 404 436 quo
422 383 573 423 redibo
592 393 666 420 ore
688 378 744 419 ad
767 391 880 427 eam,
903 389 1035 430 quam
1057 372 1398 416 contemserim'?

175 449 334 490 CHRE.
349 450 467 491 Tum
488 452 650 496 autem,
671 445 970 498 Antiphonem
992 443 1123 484 video
1146 442 1202 482 ab
1221 452 1318 481 sese
1339 439 1542 481 amittere
1574 440 1631 481 25

175 517 369 559 Invitum
390 529 514 568 eam3
544 516 690 568 inque.
751 512 842 553 DE.
873 511 988 552 Tum
1006 515 1149 551 autem
1170 509 1300 551 video
1320 507 1459 548 filium

176 585 370 626 Invitum
392 596 498 625 sane
514 582 742 623 mulierem
765 581 821 621 ab
839 592 887 620 se
909 579 1118 619 amittere.

178 653 267 694 Sed
289 652 425 694 transi
447 650 580 693 sodes
602 649 657 690 ad
678 647 837 698 forum,
859 650 993 699 atque
1016 644 1127 685 illud
1147 644 1256 685 mihi

175 718 415 772 Argentum
435 730 604 759 rursum
618 716 728 770 jube
750 714 946 764 rescribi,
964 713 1186 754 Phormio.

177 788 336 829 PHOR.
359 786 550 837 Quodne
570 797 653 837 ego
669 782 909 837 perscripsi
929 794 1059 835 porro
1080 782 1184 831 illis,
1207 781 1368 835 quibus
1389 779 1552 821 debui?
1576 778 1632 820 30

174 907 262 938 illam
275 905 442 944 virginem,
457 914 524 945 quoe
545 902 623 934 mihi
636 912 745 943 sponsa
762 904 842 939 erat,
852 903 957 939 potero
974 910 1102 932 uxorem
1118 900 1229 931 habere
1239 910 1249 929 .-
1272 909 1343 930 nam
1354 898 1499 938 quomodo
1514 900 1635 937 potero,

173 949 237 980 nisi
249 949 308 979 sim
322 948 490 986 insigniter
504 947 675 987 impudens,
691 955 757 976 eam
775 945 887 974 iterum
910 948 1024 984 petere,
1050 953 1141 983 quam
1161 944 1338 983 respuerim.
1385 942 1453 972 CH.
1479 941 1524 971 Tu
1540 939 1635 971 etiam

175 992 227 1023 dic
237 1002 249 1028 ;
272 991 359 1022 video
373 993 526 1031 proeterea
541 989 749 1029 Antiphonem
764 986 963 1026 impatienter
970 986 1072 1025 ferre,
1100 989 1131 1016 et
1145 996 1203 1016 uon
1220 985 1282 1015 nisi
1294 988 1433 1015 coactum
1443 985 1524 1024 pati,
1539 992 1606 1013 eam
1618 992 1636 1011 α

173 1045 207 1066 se
221 1033 371 1065 abstrahi.
415 1033 481 1064 DE.
508 1033 586 1063 Tum
601 1035 705 1062 autem
718 1030 827 1072 filium
851 1028 939 1060 video
964 1030 1163 1069 impatienter
1187 1032 1217 1059 et
1234 1038 1292 1058 uon
1310 1028 1370 1058 nisi
1385 1031 1525 1058 coactum
1532 1026 1634 1063 ferre,

175 1078 334 1108 mulierem
347 1087 366 1107 α
378 1085 410 1107 se
423 1075 583 1107 abstrahi.-
605 1075 656 1105 sed
672 1077 875 1111 transeamus,
886 1073 1047 1112 quoes0‚ad
1056 1072 1176 1109 sorum,
1192 1071 1351 1108 Phormio,
1368 1073 1397 1101 et
1414 1069 1549 1108 triginta
1564 1068 1636 1098 illas

177 1120 379 1159 minas,quas
404 1119 463 1149 tibi
486 1118 568 1157 dedi,
581 1117 657 1156 jube
681 1117 757 1147 mihi
782 1116 821 1146 ab
843 1116 1033 1154 argentariis
1055 1114 1258 1145 remunerari.
1302 1114 1374 1144 ΡΗ.
1398 1113 1448 1144 An
1465 1112 1542 1142 illud
1557 1110 1637 1151 pelis

173 1166 340 1202 argentum
354 1161 413 1193 tibi
428 1162 516 1193 reddi
540 1161 618 1201 quod
641 1159 846 1191 creditoribus
867 1158 943 1189 meis
957 1158 1214 1198 perscripturum
1234 1155 1487 1195 argentariorum
1501 1153 1635 1185 reddidi.

791 1253 1029 1267 eaeeeeeetebaeo

176 1323 236 1354 Fa.
283 1322 380 1354 Alter
395 1332 438 1353 ex
455 1321 648 1353 Meadianis
663 1321 771 1352 Satis:
806 1320 925 1362 reliqui
956 1320 1061 1351 Satin.
1107 1319 1224 1359 Lego:
1250 1317 1339 1349 Satis
1363 1317 1416 1356 pol
1429 1315 1576 1356 superbe:
1601 1319 1638 1345 ut

177 1366 308 1397 Heaut.
327 1375 379 1397 iv.
395 1368 426 1396 4.
444 1367 475 1396 1.
499 1365 612 1396 ‘Satis
639 1365 694 1405 pol
725 1363 908 1405 proterve!
930 1364 1028 1394 Beut.
1051 1371 1149 1404 quem
1167 1361 1320 1402 sequitur
1341 1359 1439 1391 Both.
1483 1357 1573 1389 Salis
1586 1367 1638 1388 su-

174 1409 269 1449 pen-be
283 1407 419 1440 illuditis
433 1407 494 1447 me]
527 1407 584 1438 Ita
598 1409 690 1448 lego,
705 1407 797 1448 quod
822 1407 856 1437 in
882 1407 1053 1447 plerisque
1071 1405 1178 1436 Codd.
1195 1409 1260 1435 est.
1308 1402 1377 1433 Alii
1394 1411 1470 1433 cum
1488 1401 1638 1439 Donato,

177 1451 284 1483 Satin'
298 1451 427 1492 superbe
441 1450 577 1482 illuditis
591 1453 659 1482 me?
694 1451 806 1481 nullus
822 1453 934 1481 autem
962 1448 1222 1487 interrogationi
1243 1447 1338 1477 locus
1355 1450 1420 1476 est.
1449 1444 1639 1475 West.-—24

180 1495 250 1530 Quo
261 1503 313 1526 ore
330 1496 370 1525 ad
399 1504 466 1525 eam
490 1493 596 1525 redibo
614 1494 802 1524 Rom—25
829 1492 934 1523 Abest
946 1492 1034 1523 video
1050 1501 1068 1521 a
1083 1490 1197 1522 Guelf.
1213 1491 1334 1521 2.-28
1361 1488 1426 1519 Hic
1443 1488 1477 1518 in
1493 1486 1575 1517 Wit.
1589 1486 1639 1516 iu-

178 1537 264 1578 cipit
285 1537 418 1576 lacuna,
436 1546 543 1577 usque
560 1536 602 1567 ad
619 1545 650 1567 v.
667 1539 721 1567 63.
759 1535 947 1567 West.—30
971 1535 1145 1566 Donatum
1162 1533 1260 1564 aliter
1276 1531 1400 1571 legisse
1417 1534 1560 1562 censent
1577 1528 1641 1559 viri

178 1579 304 1611 eruditi
319 1591 328 1617 ;
362 1579 452 1621 quod
468 1579 607 1618 Virgilii
623 1578 698 1610 AEn.
715 1587 782 1610 vn.
798 1581 873 1610 422.
889 1578 1011 1609 diditur
1027 1577 1106 1607 nihil
1123 1577 1228 1608 faciat
1240 1575 1281 1606 ad
1300 1571 1561 1614 intelligendum
1574 1572 1639 1602 Te-

177 1623 281 1662 rentii
294 1621 480 1662 Perscripsi.
526 1622 678 1652 Faernus
694 1626 852 1660 testatur,
867 1621 900 1651 iu
918 1630 948 1652 ο.
966 1619 1040 1651 fere
1057 1620 1079 1651 l.
1098 1629 1124 1650 s.
1140 1628 1213 1649 esse
1231 1616 1419 1657 Descripsi;
1451 1615 1512 1646 sed
1536 1615 1639 1645 Bem-

178 1665 295 1696 binum
310 1665 426 1706 legere
444 1664 615 1704 Discripsi,
629 1664 720 1706 quod
739 1664 872 1705 probat,
889 1668 923 1694 et
943 1664 1072 1694 Pareus
1086 1662 1207 1700 edidit,
1224 1666 1259 1692 et
1276 1661 1362 1692 citat
1378 1659 1494 1690 Bentl.
1513 1657 1556 1689 ad
1568 1657 1640 1688 Ho-

180 1715 246 1740 rat.
261 1708 295 1739 S.
309 1716 351 1739 11.
368 1711 398 1739 3.
414 1710 467 1738 76.
486 1713 521 1739 et
539 1707 649 1748 Epist.
666 1716 705 1739 11.
722 1710 753 1738 l.
771 1710 845 1738 105.
870 1706 1060 1737 Palmerius
1077 1704 1309 1742 existimabat,
1322 1701 1518 1733 Terentium
1533 1700 1639 1739 scrip-

179 1751 276 1787 sisse,
295 1751 423 1786 Quodne
438 1759 495 1789 ego
519 1750 687 1791 perscripsi
709 1759 801 1790 porro
824 1749 909 1788 aliis,
924 1759 960 1780 ac
975 1746 1101 1780 dididi?
1134 1747 1232 1779 Idem
1247 1756 1290 1777 ex
1307 1747 1372 1777 Ms.
1387 1744 1507 1775 laudat
1527 1743 1640 1774 Chris-

180 1793 276 1834 toph.
295 1794 438 1825 Colerus
464 1793 505 1824 ad
534 1794 566 1824 b.
581 1794 604 1825 l.
648 1793 755 1825 Janus
771 1792 973 1824 Gulielmius
990 1792 1024 1822 in
1041 1792 1190 1822 Mercat.
1207 1790 1339 1821 Quaest.
1354 1797 1433 1828 cap.
1451 1790 1482 1818 1.
1511 1785 1642 1820 Quodne

179 1845 237 1876 ego
248 1837 418 1877 perscripsi
429 1846 523 1877 porro
535 1836 588 1876 iis,
599 1836 708 1877 quibus
722 1834 851 1868 dididi?
881 1835 922 1866 In
938 1835 1055 1866 Hulst.
1072 1833 1202 1865 diserte
1217 1833 1267 1864 bis
1283 1832 1422 1872 legitur,
1441 1830 1570 1865 Quodne
1585 1838 1642 1867 ego

837 1925 982 1957 NOTAE

225 2005 268 2034 29
291 2002 433 2033 Rursum
443 2001 522 2040 jube
544 2001 689 2042 rescribi]
722 2001 884 2034 Scribere

183 2062 337 2086 nummos
359 2052 522 2083 dicuntur
538 2051 726 2083 creditores
742 2052 883 2093 pecuni-

182 2114 290 2141 arum,
307 2103 430 2145 quibus
442 2102 546 2133 moris
559 2106 648 2143 erat,
664 2107 703 2133 ut
718 2102 752 2132 in
767 2112 886 2143 argen-

182 2150 358 2199 tariorum,
387 2155 479 2197 apud
511 2165 595 2197 quos
620 2154 782 2196 pecunias
811 2164 887 2186 suas

181 2207 407 2248 collocarent,
431 2205 558 2239 tabulis
575 2215 765 2246 expensum
783 2206 886 2237 alicui

182 2257 327 2298 ferrent,
336 2262 373 2289 et
388 2256 582 2298 argentario
594 2256 629 2287 id
642 2266 764 2288 nomen
775 2256 885 2288 dicta-

182 2313 272 2340 rent.
314 2307 502 2340 Horatius:
539 2307 677 2339 ‘Scribe
716 2307 835 2338 decem
869 2317 888 2337 a

183 2358 311 2390 Nerio:
334 2367 402 2389 non
432 2361 485 2389 est
513 2357 618 2389 satis:
644 2357 732 2388 adde
764 2357 886 2388 cicutae

181 2408 316 2441 Nodosi
330 2408 464 2440 tabulas
481 2408 645 2440 centum.'
669 2408 885 2447 Rescribere,

184 2459 368 2491 dicebatur
390 2457 552 2497 debitor;
578 2459 634 2500 qni
650 2463 800 2490 mutuam
825 2468 886 2499 pe-

184 2510 318 2542 cuniam
333 2509 505 2541 reddebat
526 2510 580 2540 vel
599 2519 659 2550 per
676 2519 727 2549 se,
743 2510 795 2540 vel
825 2519 887 2550 per

185 2560 373 2602 argentarii
403 2560 619 2600 scripturam,
650 2560 763 2601 quiin
795 2559 887 2590 codi-

185 2622 261 2644 cem
287 2620 383 2642 suum
410 2609 586 2641 referebat
611 2620 658 2641 aes
690 2610 836 2640 alienum
869 2620 888 2641 a

185 2658 340 2694 debitore
371 2660 534 2692 creditori
573 2670 647 2692 esse
678 2660 888 2693 dissolutum.

188 2713 360 2753 Rescribi,
383 2713 429 2744 ait
444 2713 600 2744 Donatus
618 2716 669 2744 est
687 2711 796 2751 reddi,
827 2722 888 2743 seu

188 2774 249 2805 per
279 2773 402 2796 mensae
429 2762 635 2805 scripturam
666 2762 750 2794 dari.
776 2761 887 2793 Hora·

940 2002 1029 2041 tius3
1053 2002 1062 2019 ‘
1082 2000 1242 2032 Pntidius
1256 1999 1363 2029 multo
1379 1995 1557 2028 cerebrum
1577 1997 1643 2032 est,

939 2053 1019 2084 mihi
1048 2052 1162 2091 crede,
1193 2049 1309 2082 Perilli
1335 2046 1520 2084 Dictantis,
1552 2044 1641 2086 quod

941 2109 979 2135 tu
1006 2112 1178 2144 nunquam
1197 2100 1383 2132 rescribere
1407 2096 1541 2138 possis!
1576 2096 1640 2126 Re-

942 2154 1093 2188 scribere
1110 2157 1161 2183 est
1179 2157 1332 2183 mutuum
1359 2159 1421 2190 per
1437 2148 1643 2188 scripturam

942 2214 1068 2236 mensae
1085 2203 1243 2241 reddere,
1274 2210 1349 2232 cum
1367 2198 1527 2230 mandato
1548 2196 1643 2227 debi-

942 2254 1040 2294 toris,
1055 2253 1112 2295 qui
1129 2252 1309 2293 pecuniam
1333 2259 1428 2281 suam
1444 2248 1532 2289 apud
1551 2256 1643 2278 men-

941 2315 1009 2335 sam
1026 2305 1250 2345 deposuerat,
1279 2300 1480 2339 mensarius,
1504 2299 1574 2329 sive
1591 2307 1643 2327 ar-

943 2355 1117 2397 gentarius
1133 2353 1270 2385 ferebat
1286 2356 1467 2391 acceptum
1493 2348 1644 2380 credito-

943 2407 980 2437 ri.
1003 2405 1187 2437 Sciendum
1207 2408 1272 2441 est,
1289 2406 1423 2433 veteres
1442 2399 1531 2440 apud
1551 2407 1642 2429 meu-

941 2465 1192 2496 sam,1nagna1n
1209 2453 1363 2495 pecunia*
1388 2457 1521 2490 partem
1539 2449 1644 2489 depo-

941 2509 1060 2539 suisse.
1084 2507 1167 2537 Cum
1187 2514 1247 2546 per
1265 2501 1497 2543 argentarium
1509 2499 1645 2530 debitor

942 2557 1111 2596 solvebat,
1128 2555 1309 2587 dicebatur
1336 2562 1378 2584 cx
1395 2561 1522 2583 mensae
1540 2550 1646 2589 scrip-

943 2613 1019 2639 tura
1035 2607 1067 2638 id
1085 2606 1171 2637 fieri.
1194 2605 1252 2635 Sin
1270 2605 1343 2645 ipse
1360 2602 1495 2633 debitor
1512 2598 1647 2632 satisfa-

944 2659 1071 2697 ciebat,
1096 2656 1276 2688 dicebatur
1305 2654 1347 2685 de
1378 2653 1490 2694 domo,
1521 2652 1574 2683 vel
1601 2660 1644 2681 ex

944 2720 1024 2743 arca
1038 2707 1223 2741 numerari.
