1966 3302
308 197 395 243 846
797 215 839 246 Ρ.
870 214 1111 246 ΤΕΒΕΝΤιι
1146 215 1262 247 Arm

309 310 513 354 Ceterum
535 312 590 354 de
608 312 860 354 reducenda
880 312 926 353 id
948 311 1104 362 faciaS,
1126 312 1242 365 quod
1264 312 1310 353 in
1330 325 1416 355 rem
1438 314 1498 356 sit
1517 319 1652 359 tuam.

307 379 532 421 Parturire
551 394 664 431 eam,
684 394 825 434 neque
846 380 1073 432 gravidam
1095 393 1192 420 esse
1212 393 1269 421 ex
1289 385 1347 432 te,
1369 381 1492 423 solus
1513 385 1722 443 conscius
1739 399 1750 428 z

309 446 428 487 Nam
451 449 569 489 aiunt
589 454 732 489 tecum
756 453 857 502 post
877 448 1051 489 duobus
1073 449 1363 490 concubuisse
1393 463 1489 490 eam
1513 436 1753 496 mensibus.

305 515 435 565 Tum,
456 520 690 570 postquam
711 517 769 558 ad
799 520 842 558 te
871 516 1008 564 venit,
1030 515 1190 555 mensis
1225 516 1365 569 agitur
1396 516 1466 559 hic
1489 517 1583 572 jam
1618 522 1751 575 septi-

475 597 596 634 mus3

307 649 438 701 Quod
460 654 502 691 te
524 651 651 700 scire,
672 651 770 704 ipsa
791 650 957 692 indicat
975 662 1060 690 res.
1121 648 1267 700 Nunc,
1297 651 1334 692 si
1366 652 1488 706 potis
1510 657 1592 703 est,
1619 654 1752 696 Pam-

475 718 610 772 phile,
1692 723 1751 765 35

305 784 521 827 Maxume
541 786 663 836 volo,
684 785 832 840 doque
855 798 1049 839 operam,
1083 789 1130 826 ut
1161 786 1275 827 clam
1296 787 1470 830 eveniat
1498 792 1649 843 partus
1671 805 1751 845 pa-

472 858 596 903 trem,

302 920 450 976 Atque
481 922 589 980 adeo
612 935 794 983 omnes:
826 920 917 971 sed,
947 921 986 962 si
1022 921 1118 962 fieri
1148 921 1192 962 id
1226 935 1313 963 non
1339 911 1622 1026 potestjquin
1652 939 1749 967 sen-

473 990 600 1039 tiant,
630 985 646 1049 l
706 985 747 992 ””

302 1056 463 1098 Dicam
486 1058 688 1099 abortum
707 1069 806 1097 esse
824 1069 834 1098 :
866 1055 975 1106 scio,
996 1055 1159 1096 nemini
1181 1055 1307 1098 aliter
1326 1062 1583 1112 suspectum
1600 1060 1710 1112 fore,

298 1198 423 1241 potest‚)
433 1210 488 1240 pro
501 1200 599 1231 amico
614 1201 666 1231 illo
682 1200 784 1231 animo
799 1209 874 1240 erga
889 1203 930 1231 te.
973 1199 1035 1231 Sed
1049 1200 1087 1230 de
1101 1199 1276 1238 recipienda
1291 1210 1338 1239 ea,
1353 1203 1408 1232 aut
1422 1200 1572 1240 ejicienda
1588 1211 1696 1237 uxore.
1712 1201 1747 1233 id

289 1243 395 1280 facias
423 1245 501 1283 quod
526 1243 584 1274 tibi
611 1244 798 1274 commodum
822 1242 989 1283 videbitur,
1011 1246 1042 1274 et
1064 1243 1213 1282 expediet.
1257 1243 1415 1275 Laborare
1429 1254 1496 1275 eam
1510 1245 1612 1276 dolore
1625 1248 1748 1285 partus,

298 1295 393 1326 neque
405 1290 616 1326 proeguantem
632 1297 651 1317 a
673 1290 704 1317 te
711 1285 835 1324 factam
854 1295 929 1324 esse,
950 1295 1036 1316 nemo
1050 1285 1183 1316 omnium
1198 1286 1341 1325 cognovit
1357 1290 1471 1325 proeter
1485 1290 1516 1317 te
1531 1288 1627 1318 solum
1639 1298 1650 1318 .·
1672 1298 1746 1319 nam

298 1329 406 1359 dicunt
420 1339 487 1359 eam
502 1330 616 1360 (luobus
639 1333 760 1360 tantum
776 1328 929 1360 mensibus
949 1332 1020 1369 post
1044 1328 1184 1368 nuptias,
1207 1338 1267 1359 non
1292 1329 1400 1360 statim
1415 1332 1450 1360 ut
1465 1333 1562 1368 nupta
1575 1333 1632 1369 est,
1645 1333 1745 1362 tecum

296 1381 362 1402 rem
376 1372 527 1409 habuisse,
542 1381 635 1412 neque
650 1375 679 1402 te
695 1376 786 1403 antea
801 1381 867 1402 eam
878 1371 1040 1411 attigisse:
1065 1375 1226 1412 postquam
1241 1372 1281 1402 ad
1293 1375 1324 1402 te
1340 1373 1469 1404 deducta
1484 1376 1542 1410 est,
1558 1374 1671 1404 mensis
1676 1373 1747 1411 jam

297 1415 347 1444 hic
370 1418 414 1445 est
439 1417 597 1455 septimus,
623 1416 701 1455 quod
722 1419 753 1446 te
774 1415 852 1445 scire
875 1424 909 1445 re
928 1415 996 1454 ipsa
1019 1415 1184 1445 declarasti
1198 1416 1297 1451 mado,
1312 1425 1379 1445 cum
1394 1424 1460 1446 eam
1475 1417 1661 1456 comperiens
1671 1425 1747 1456 par·

296 1457 396 1488 turire
424 1458 484 1488 cito
515 1462 545 1488 te
574 1458 676 1488 tristis
702 1457 886 1497 proripuisti
906 1457 1009 1495 foras.
1055 1457 1148 1487 Nunc
1176 1457 1204 1487 si
1224 1457 1301 1497 fieri
1319 1461 1431 1498 potest,
1455 1458 1631 1498 Pamphile,
1654 1458 1742 1489 velte·

297 1500 484 1531 meritissime
510 1502 596 1540 cupio
626 1504 656 1531 et
684 1501 798 1539 laboro,
827 1503 864 1530 ut
896 1503 1008 1540 partus
1034 1499 1230 1531 Philumenae
1259 1501 1392 1531 latenter
1418 1500 1496 1541 fiat,
1532 1501 1626 1532 eliam
1653 1501 1743 1540 igno-

296 1546 385 1573 rante
405 1547 506 1583 patre,
532 1547 622 1583 atque
648 1544 755 1574 insciis
776 1542 915 1573 omnibus
941 1543 1030 1573 aliis.-
1054 1544 1106 1573 sed
1129 1543 1157 1573 si
1171 1542 1248 1583 fieri
1272 1552 1331 1573 non
1358 1546 1470 1583 potest,
1495 1543 1570 1583 quin
1598 1544 1745 1582 resciant,

295 1589 464 1625 proetexam
487 1587 542 1617 hoc
563 1586 681 1618 scilicet
705 1596 771 1618 eam
794 1585 933 1617 abortum
950 1585 1076 1624 secisse,
1092 1589 1123 1616 et
1145 1586 1342 1617 immaturum
1357 1586 1472 1625 soetum
1496 1586 1628 1625 ejecisse.
1673 1586 1744 1619 Scio

902 1701 1138 1714 NOOOMN‘&

295 1797 375 1827 gere
389 1787 461 1819 vult
479 1788 669 1820 Bent.——30
691 1788 783 1819 Hanc
803 1789 943 1828 gratiam
966 1792 997 1820 te
1019 1790 1067 1820 uti
1086 1789 1146 1820 sibi
1160 1789 1228 1830 des]
1252 1791 1349 1821 Bem.
1366 1795 1400 1821 et
1416 1790 1583 1828 Donatus,
1599 1800 1664 1822 non
1681 1793 1741 1832 ati,

295 1830 354 1861 sed
381 1836 427 1870 ut,
449 1831 596 1862 habent:
621 1841 683 1862 nec
707 1838 777 1862 stat
805 1833 903 1862 aliter
930 1841 1057 1868 versuS,
1081 1842 1158 1863 cum
1185 1835 1232 1863 uti
1258 1835 1480 1874 posteriorem
1505 1834 1683 1874 producat.
1706 1840 1743 1867 et

294 1873 400 1904 dictio
416 1877 451 1904 ut
473 1874 573 1904 etiam
590 1880 663 1904 erat
681 1875 712 1904 in
731 1874 822 1906 Vict.
840 1875 898 1905 sed
928 1875 1049 1906 deinde
1064 1874 1192 1906 factum
1208 1876 1266 1906 uti.
1292 1876 1348 1907 Fa.
1394 1877 1478 1907 Mss.
1494 1877 1543 1908 M.
1560 1882 1595 1908 et
1609 1878 1664 1909 Tr.
1680 1878 1740 1909 sed

294 1921 330 1947 et
347 1916 412 1947 duo
431 1916 551 1947 Leidd.
567 1917 615 1947 uti
629 1917 689 1947 sibi
704 1918 769 1954 des,
784 1917 838 1948 illa
853 1927 933 1948 nunc
947 1921 1051 1957 rogat.
1095 1918 1163 1949 Sed
1181 1919 1212 1948 in
1231 1919 1338 1950 altero
1352 1918 1512 1950 Leidensi
1528 1929 1584 1959 pro
1598 1928 1741 1953 erasum.

293 1959 350 1990 Ita
366 1964 401 1990 et
418 1965 493 1999 post
517 1959 700 1991 editionem
723 1960 801 1990 anni
827 1963 921 1991 1469.
950 1961 1064 2001 plures
1091 1970 1109 1991 e
1137 1962 1319 1992 veteribus.
1365 1961 1461 1992 Dixit
1480 1968 1606 2002 autem,
1630 1963 1740 1994 ‘hanc

293 2002 436 2041 gratiam
455 2007 491 2033 ut
507 2002 570 2033 sibi
583 2002 643 2033 des
659 2012 719 2042 pro
735 2003 816 2039 illa‚’
832 2003 881 2033 uti
895 2003 1006 2034 Plaut.
1024 2004 1125 2044 Capt.
1141 2013 1196 2035 111.
1214 2008 1244 2034 5.
1257 2007 1348 2035 63.et
1364 2005 1469 2036 Stich.
1486 2014 1511 2036 1.
1527 2008 1559 2036 2.
1575 2007 1627 2036 23.
1645 2007 1740 2037 West.

292 2045 359 2075 Pro
376 2045 441 2075 duo
468 2045 552 2075 Mss.
571 2046 744 2077 omittunt.
770 2047 869 2077 Boecl.
900 2052 936 2076 et
963 2047 1011 2076 sic
1028 2047 1086 2077 ΒΓ.
1100 2045 1141 2077 Α.
1156 2047 1194 2077 C.
1209 2047 1290 2078 Hel.
1320 2051 1328 2065 ‘
1346 2048 1419 2078 We.
1445 2057 1488 2078 ex
1509 2048 1595 2079 Mss.
1620 2048 1742 2080 Leidd.

288 2097 345 2127 pro
361 2088 424 2119 illa.
469 2087 535 2118 Sed
555 2088 652 2118 abest
671 2098 727 2128 pro
750 2089 783 2119 in
809 2089 979 2129 plerisque
997 2093 1032 2119 et
1048 2089 1102 2119 illa
1118 2090 1327 2120 commodius
1344 2090 1511 2130 accipitur
1526 2100 1605 2121 casu
1620 2091 1741 2123 recto.'

292 2130 466 2161 Perl.——3l
493 2131 699 2162 Redducenda
726 2141 786 2171 per
812 2131 878 2161 duo
906 2132 927 2162 d
953 2131 1153 2162 scribimus:
1179 2142 1255 2163 nam
1280 2132 1435 2163 lamburn
1459 2134 1648 2164 trochaicus
1671 2144 1740 2166 non

293 2173 455 2204 admittit.
469 2178 503 2204 et
516 2173 617 2213 infra,
633 2176 642 2191 ‘
656 2184 731 2204 nam
746 2174 786 2204 de
800 2174 1043 2205 redducenda.’
1066 2175 1122 2206 Fa.
1149 2175 1353 2207 Reddat-endo
1366 2176 1419 2207 hic
1436 2181 1472 2207 et
1488 2185 1564 2207 mox
1577 2177 1609 2206 in
1621 2186 1672 2208 vs.
1683 2179 1739 2208 43.

290 2215 481 2248 Rom—32
504 2216 647 2256 Ineptos
664 2217 864 2256 spuriosque
881 2222 984 2247 vocat
1000 2217 1100 2247 hosce
1126 2222 1196 2248 tres
1223 2221 1338 2249 versus
1362 2219 1531 2260 Guyetus.
1575 2219 1666 2250 Sane
1690 2219 1741 2251 in-

291 2264 384 2298 epte.
406 2259 505 2291 West.
532 2259 655 2300 Neque]
679 2260 763 2290 Mss.
783 2260 932 2301 quidam,
947 2267 982 2291 et
996 2260 1093 2298 editi,
1112 2261 1189 2291 Nec.
1214 2262 1321 2292 west.
1344 2261 1396 2292 De
1412 2265 1442 2292 te
1457 2260 1573 2293 Guelf.
1588 2264 1620 2292 3.
1642 2262 1652 2279 ‘
1668 2272 1738 2293 con-

289 2301 371 2332 scius
385 2311 417 2332 es
433 2302 517 2333 Mss.
531 2302 669 2334 omnes!
694 2303 791 2333 Boecl.
809 2308 844 2333 et
862 2301 977 2334 Guelf.
995 2306 1026 2333 2.
1044 2308 1078 2332 at
1094 2303 1152 2334 Br.
1179 2314 1211 2334 es
1233 2313 1294 2344 pro
1311 2305 1441 2344 gl.—33
1466 2304 1545 2335 Par.
1574 2304 1606 2334 in
1632 2314 1739 2345 marg.

289 2344 299 2360 ‘
315 2343 352 2374 τὸ
366 2345 455 2375 aiunt
470 2350 679 2385 expunctum
698 2347 778 2376 velit
791 2346 940 2376 Palmer.
955 2355 1007 2376 me
1020 2355 1085 2376 non
1101 2345 1230 2377 invito,y
1248 2347 1335 2377 Peri.
1358 2347 1486 2377 Vocem
1500 2356 1566 2378 eam
1581 2356 1625 2377 ex
1641 2347 1739 2379 Bem.

290 2387 495 2418 auctoritate
522 2388 714 2418 sustulimus
730 2399 737 2418 z
773 2398 848 2429 quae
877 2393 988 2418 tamen
1016 2388 1216 2419 subauditur
1240 2398 1280 2419 ex
1310 2389 1516 2429 praecedenti
1544 2399 1654 2421 versu.
1678 2390 1737 2422 Fa.

291 2430 373 2460 Eam
389 2439 431 2460 ex
448 2431 572 2460 uostris
588 2430 800 2462 reducimus:
825 2441 898 2461 nam
926 2431 960 2461 in
985 2440 1025 2461 ea
1048 2430 1129 2461 sede
1145 2431 1326 2462 Trochaeus
1343 2441 1417 2463 raro
1433 2432 1614 2463 invenitur.
1638 2433 1736 2465 Beue.

290 2473 377 2502 airmt
390 2473 503 2503 duobus
524 2476 591 2513 post
605 2473 721 2504 Guelf.
738 2476 768 2504 1.
800 2484 865 2504 eam
882 2474 1044 2504 omittunt
1062 2474 1140 2514 Bip.
1160 2474 1345 2505 Rom—34
1371 2475 1470 2506 Ratio
1487 2475 1649 2505 trochaici
1664 2476 1735 2506 exi-

291 2514 340 2554 git
356 2516 441 2547 hanc
457 2516 714 2546 collocationem
733 2517 923 2554 verborum,
947 2526 1021 2556 quae
1037 2522 1086 2546 est
1104 2518 1137 2546 in
1154 2517 1308 2547 omnibus
1325 2516 1396 2548 fere
1413 2518 1436 2548 l.
1453 2527 1479 2548 s·
1495 2518 1608 2548 mensis
1629 2519 1737 2557 agitur

290 2557 340 2587 hic
358 2557 427 2594 jam
447 2559 606 2598 septimas.
631 2559 687 2590 Fa.
735 2559 791 2590 Sic
816 2565 850 2590 et
877 2560 998 2590 nostri.
1023 2560 1118 2590 Bent.
1164 2560 1243 2590 Fuit
1259 2560 1290 2590 in
1308 2560 1412 2595 libris,
1436 2560 1484 2590 uti
1502 2560 1651 2599 videtur,
1664 2560 1736 2599 jam

290 2599 340 2629 hic
355 2601 461 2637 agitur
477 2612 483 2630 ι
507 2602 549 2632 de
565 2611 629 2642 qua
646 2606 758 2632 tamen
777 2601 926 2633 lectione
941 2602 1042 2632 silent
1060 2611 1174 2632 omnes
1201 2602 1449 2634 editores.—-35
1476 2603 1517 2633 Te
1531 2613 1653 2634 noscere
1666 2603 1734 2643 ipsa

289 2651 341 2672 res
356 2642 473 2673 indicat
496 2653 581 2673 unus
599 2645 664 2675 Ms.
682 2644 868 2675 mech—36
898 2644 1011 2675 Veniat
1035 2645 1135 2675 Both.
1159 2645 1167 2661 ‘
1186 2645 1282 2676 Bem.
1311 2645 1392 2675 Bas.
1420 2649 1453 2676 et
1479 2645 1575 2676 multi
1601 2646 1671 2684 alii,
1694 2655 1734 2677 ac

291 2685 459 2724 Donatus,
480 2689 514 2716 ut
530 2687 607 2716 clam
624 2688 741 2717 eveniat
766 2691 874 2726 partus
897 2690 1028 2727 patrem.
1053 2692 1196 2727 utraque
1212 2688 1432 2718 collocatione
1448 2692 1516 2719 stat
1533 2688 1732 2719 trochaicus.

293 2727 351 2758 Fa.
374 2728 429 2758 Sic
447 2728 597 2768 plerique
616 2730 733 2760 nostri.
751 2730 933 2760 Bent.—37
958 2730 997 2760 Id
1013 2730 1174 2761 omittunt
1189 2730 1255 2761 duo
1269 2730 1357 2771 apud
1376 2730 1481 2762 Boecl.
1499 2730 1598 2761 Bodl.
1616 2729 1731 2762 Guelf.

289 2772 362 2801 3.et
377 2770 448 2801 ΕΡ.
475 2772 483 2787 ‘
495 2770 613 2801 Nostri
626 2772 679 2802 vel
694 2781 757 2802 uon
771 2772 895 2803 habent
908 2772 954 2811 id,
966 2773 1018 2803 vel
1031 2772 1203 2804 collocant
1214 2772 1397 2814 antefieri.'
1411 2773 1511 2805 Bent.
1532 2773 1592 2804 Sed
1605 2773 1732 2806 omittit
