1966 3302
444 222 862 254 HEAUTONTIMOP..
893 221 1004 252 Aer.
1027 221 1092 251 ιν.
1126 221 1194 251 sc.
1221 221 1290 250 ιιι.
1508 210 1595 251 619

145 321 304 370 Laetor,
326 331 457 372 quam
476 318 612 369 illius,
641 330 772 372 quam
795 329 876 370 ego
897 316 992 358 scio
1013 328 1110 358 esse
1130 315 1295 357 honore
1323 314 1479 369 quovis
1502 314 1595 368 dig-

317 400 433 428 nam.
1568 382 1596 422 9

146 456 229 497 SY.
261 455 335 496 Ita
355 454 511 496 credo:
544 453 621 495 sed
642 466 773 504 nunc,
795 452 956 502 Clinia,
979 464 1073 504 age,
1095 450 1154 492 da
1174 453 1215 491 te
1245 449 1350 491 mihi
1370 448 1596 490 vicissim:

145 523 265 564 Nam
287 522 418 564 amici
440 534 618 576 quoque
639 534 708 562 res
728 524 794 562 est
814 520 1019 567 videnda,
1042 519 1086 559 in
1110 522 1200 559 tuto
1222 522 1268 559 ut
1288 517 1550 566 collocetur;

145 590 216 632 Ne
232 590 338 645 quid
360 589 412 631 de
433 590 578 632 amica
598 603 710 631 nunc
731 602 881 630 senex.
943 587 1028 628 Gt..
1052 586 1090 627 O
1108 585 1308 640 Jupiter!
1369 584 1453 626 SY.
1485 583 1599 634 Qui-

315 671 429 699 esce.

144 724 228 766 CL.
258 723 489 778 Antiphila
517 737 616 766 mea
646 725 780 767 nubet
805 723 927 765 mihi.
985 723 1071 765 SY.
1104 722 1282 763 Siccine
1302 719 1409 761 mihi
1429 718 1598 760 interlo-

315 793 480 845 quere?

145 859 228 900 Ci..
261 858 385 910 Quid
420 859 595 909 faciam,
627 860 735 914 Syre
767 858 860 900 mi?
893 857 1088 912 gaudeo:
1128 856 1190 897 fer
1223 868 1308 896 me.
1369 854 1453 895 SY.
1486 852 1599 894 Fero

316 927 461 968 hercle
483 940 604 968 vero.

141 995 225 1037 Cr..
258 995 454 1036 Deorum
469 996 602 1037 vitam
620 995 711 1049 apti
729 1008 899 1036 sumus.
960 993 1043 1034 SY.
1077 993 1264 1034 Frustra
1283 1002 1477 1045 operam,
1498 989 1594 1044 opi-

314 1076 405 1113 nor,
427 1076 568 1104 sumo.
1539 1057 1597 1099 15

145 1128 229 1171 CL.
266 1130 490 1185 Loquere3
522 1130 671 1172 audio.
732 1130 816 1172 ΞΥ.
846 1129 910 1171 At
945 1129 1044 1184 jam
1083 1127 1167 1168 hoc
1204 1139 1294 1169 non
1332 1138 1452 1181 ages,
1511 1124 1599 1167 01..

314 1196 471 1252 Agam.
531 1198 616 1239 SY.
647 1198 902 1240 Videndum
923 1200 1008 1247 est,
1032 1197 1230 1250 inquam,

143 1320 245 1358 Ioetor,
266 1329 357 1359 quam
374 1323 502 1361 propter
525 1320 613 1351 illam
635 1319 844 1360 Antiphilam,
868 1329 959 1359 quum
973 1318 1036 1349 scio
1051 1316 1133 1349 omni
1148 1316 1261 1347 honore
1276 1325 1340 1347 esse
1353 1316 1495 1356 dignam.
1539 1315 1602 1348 SY-

147 1363 246 1393 Credo
261 1364 305 1393 sic
314 1372 389 1402 esse,
405 1367 439 1395 ut
452 1364 520 1399 ais,-
543 1364 609 1403 sed,
626 1374 642 1394 o
661 1363 778 1401 Clinia,
803 1362 862 1400 eia,
876 1371 936 1401 age
950 1371 1041 1400 nunc,
1055 1361 1216 1401 obsequere
1231 1359 1322 1398 mihi,
1340 1363 1375 1390 ut
1393 1359 1452 1390 tibi
1467 1368 1534 1390 sum
1549 1358 1602 1389 ob-

141 1408 274 1436 secutus.
322 1406 405 1436 Nam
419 1410 454 1437 ut
471 1406 565 1437 amici
586 1416 635 1437 res
657 1409 749 1436 extra
771 1414 856 1435 omne
876 1405 1046 1445 peri-culum
1060 1404 1116 1442 sit,
1139 1402 1233 1434 etiam
1247 1402 1468 1443 providendum
1483 1404 1543 1440 est,
1563 1411 1603 1432 ne

141 1457 236 1478 senex
253 1447 396 1479 Chremes
409 1449 488 1480 sciat
503 1459 583 1480 nunc
597 1448 716 1488 aliquid
731 1449 768 1478 de
782 1447 882 1478 amica
899 1447 1088 1487 Clitiphonis
1101 1445 1272 1477 Bacchide.
1318 1445 1379 1477 CL.
1406 1446 1435 1475 0
1449 1444 1576 1484 Jupiter
1587 1443 1604 1476 Ι

144 1490 207 1521 SY.
230 1491 339 1522 Mane.
384 1492 446 1522 Cr..
469 1491 635 1532 Antiphila
661 1490 736 1521 milii
761 1491 886 1521 dabitur
906 1490 940 1522 in
964 1499 1102 1521 uxorem.
1146 1488 1209 1519 SY.
1234 1487 1325 1519 Sicne
1351 1498 1399 1519 me
1425 1487 1605 1528 interpellas

142 1532 339 1573 loquentem?
383 1535 445 1565 Cx..
471 1535 500 1565 Ο
515 1535 559 1565 mi
575 1534 669 1575 Syre,
685 1534 759 1574 qaid
774 1533 896 1572 faciam
909 1537 922 1564 .⁹
941 1543 1008 1574 prce
1031 1531 1126 1564 nimio
1140 1531 1258 1570 gaudio
1276 1540 1337 1561 non
1352 1541 1421 1561 sam
1436 1531 1516 1570 apud
1532 1539 1579 1560 me
1590 1540 1603 1566 ;

138 1580 248 1616 patere
274 1586 333 1608 me.
379 1577 441 1608 SY.
469 1577 561 1608 Certe
582 1577 686 1617 patior
711 1586 796 1615 oegre
818 1576 950 1616 quidem.
997 1575 1056 1607 CL.
1080 1573 1310 1614 Aequisiczmus
1333 1574 1432 1604 vitam
1453 1573 1604 1604 Deorum.

145 1619 207 1650 SY.
231 1619 365 1660 Operam
378 1621 485 1660 perdo,
510 1624 547 1651 ut
566 1619 664 1661 pulo.'
700 1619 760 1650 CL.
784 1619 935 1659 Loquere,
959 1618 1063 1649 aua'io.
1107 1618 1169 1649 SY.
1193 1616 1258 1648 Sed
1278 1616 1387 1647 statim
1411 1626 1458 1647 me
1472 1626 1534 1646 non
1548 1625 1604 1645 au-

144 1661 218 1692 dies.
265 1662 326 1694 CI..
348 1662 496 1695 Audiam.
541 1663 604 1695 SY.
628 1662 885 1703 Prospiciendum
910 1665 958 1692 est
982 1670 1107 1702 quoque,
1130 1663 1165 1691 ut
1183 1659 1255 1699 jam
1279 1662 1372 1691 antea
1395 1658 1479 1699 dixi,
1503 1662 1603 1690 utres

737 1756 982 1768 '‘W-‘Nm

146 1837 226 1865 ante
241 1843 303 1864 non
318 1831 435 1864 Gueif.
450 1835 567 1864 2.-10
592 1833 652 1864 Br.
668 1834 749 1864 date.
767 1833 826 1864 sed
851 1836 949 1864 notat
969 1832 1096 1870 Bruns,
1122 1830 1289 1872 ‘junctim
1302 1829 1427 1870 legisse
1443 1829 1605 1869 glossato-

147 1886 233 1916 rem,
261 1885 305 1907 ex
320 1877 430 1917 glossa
449 1875 655 1917 pate1.’—ll
681 1876 735 1907 Ne
760 1885 893 1907 versum
905 1877 993 1906 hunc
1009 1874 1191 1906 insititium
1207 1873 1343 1905 credam
1361 1882 1438 1904 cum
1452 1872 1605 1913 Guyeto‚

144 1918 229 1950 facit
246 1918 428 1950 manifesta
445 1919 660 1959 repetitionis
687 1924 781 1956 nota,
808 1921 817 1937 ‘
836 1918 997 1959 inquam,’
1021 1927 1098 1948 mox
1124 1926 1223 1948 versu
1245 1919 1297 1948 17.
1341 1916 1426 1946 Tum
1442 1915 1605 1956 repetitio

144 1961 184 1993 fit
201 1961 266 1993 levi
282 1967 316 1992 et
333 1962 482 2002 eleganti
504 1961 703 1993 variatione.
733 1962 833 1993 West.
879 1963 888 1978 ‘
906 1962 1003 1992 Bem.
1030 1961 1063 1991 in
1087 1963 1200 1998 tutum,
1221 1959 1304 1990 licet
1330 1957 1432 1997 infra,
1458 1958 1491 1989 in
1514 1957 1604 1990 tuto!

145 2005 205 2036 Fa.
234 2005 243 2022 ‘
255 2005 344 2045 Lege
355 2009 391 2036 et
406 2004 594 2045 distingue,
611 2005 696 2035 Nam
705 2005 797 2035 amici
809 2014 924 2044 quoque
938 2013 1000 2042 res,
1013 2006 1059 2034 est
1071 2003 1234 2034 videndum
1249 2002 1284 2033 in
1292 2004 1359 2032 tuto
1376 2004 1409 2032 ut
1425 2002 1606 2032 collocetur.-

147 2052 185 2078 ut
201 2046 291 2078 infra
303 2057 351 2078 vs.
368 2050 420 2078 17.
438 2057 555 2078 omnes
574 2048 679 2078 nostri
697 2048 728 2078 in
745 2046 836 2079 tuto!
861 2047 962 2078 Bent.
994 2045 1202 2086 ‘Bent.fing.
1218 2045 1394 2084 videndum,
1408 2044 1466 2075 sed
1485 2047 1606 2074 contra

146 2100 288 2129 morem,
303 2095 341 2120 ut
358 2090 491 2131 opinor,
509 2090 640 2130 Poe'tae,
658 2099 718 2130 per
735 2099 878 2129 zeugma
895 2091 996 2120 etiam
1013 2089 1045 2120 11.
1061 2090 1082 2120 l.
1096 2089 1287 2129 jungentis.
1311 2088 1399 2118 Eun.
1416 2095 1474 2118 111.
1492 2090 1523 2117 5.
1538 2085 1606 2117 62!

146 2133 236 2164 Perl.
269 2132 376 2164 Clinia
393 2137 470 2173 post
488 2133 571 2164 Nam
586 2131 703 2164 Guelf.
720 2135 838 2164 3.-12
862 2132 903 2163 In
923 2133 996 2164 ΕΡ.
1015 2137 1092 2172 post
1104 2141 1197 2163 senex
1216 2130 1352 2162 additur
1367 2130 1524 2161 resciscat.
1558 2129 1602 2160 In

148 2174 266 2208 Guelf.
283 2178 314 2207 3.
329 2178 590 2215 cognoscat.—-13
615 2174 698 2214 Alii,
719 2185 766 2206 me
781 2173 1012 2216 interloquere?
1035 2174 1125 2215 quod
1143 2184 1186 2205 ex
1200 2174 1304 2205 Festo
1319 2173 1441 2214 probat
1459 2173 1502 2204 G.
1518 2173 1556 2204 F.
1572 2176 1609 2204 et

148 2217 293 2258 praefert
323 2218 376 2249 ed.
399 2218 628 2249 Pictaviensis
646 2228 688 2249 ex
713 2218 912 2249 recensione
936 2217 1199 2256 ulelancthonis,
1214 2221 1251 2248 et
1267 2217 1332 2248 ΜΒ.
1348 2216 1442 2257 Lips.
1480 2216 1606 2256 Itaque

147 2261 258 2292 edidit
285 2261 326 2292 R.
354 2261 554 2302 Stephanus.
580 2261 670 2301 Guy.
708 2260 845 2299 Siccine,
872 2260 990 2300 Clinia,
1018 2260 1096 2291 mihi
1121 2260 1348 2300 interloquere?
1378 2259 1421 2291 ob
1449 2264 1609 2290 metrum.

150 2303 250 2337 Went.
296 2308 305 2322 ⁸
324 2304 487 2345 Plerique
514 2304 592 2336 libri
618 2303 741 2335 Siccine
766 2303 838 2336 me!
865 2303 967 2336 Bent.
1010 2303 1067 2334 Ita
1094 2303 1179 2335 GM.
1205 2304 1264 2334 Br.
1289 2302 1369 2343 Bip.
1414 2301 1537 2333 Siccine
1562 2301 1608 2332 mi

146 2346 251 2381 Bent.
278 2347 374 2379 Perl.
401 2347 590 2378 Both.-14
614 2347 664 2379 Μ.
691 2347 772 2378 Fero
798 2347 830 2377 h.
850 2346 937 2384 sero.
973 2346 1075 2378 Both.
1102 2346 1142 2377 F.
1159 2346 1190 2377 h.
1214 2347 1386 2377 sana—15
1409 2345 1459 2377 M.
1488 2343 1608 2376 Boend.

146 2389 214 2421 Ms.
230 2389 325 2431 Lips.
343 2390 389 2421 G.
407 2399 481 2421 cum
496 2390 564 2421 ΕΤ.
581 2390 661 2421 ΕΜ.
679 2390 755 2421 ΕΑ.
775 2389 846 2422 ΕΡ.
869 2389 968 2422 Junt.
989 2389 1039 2421 St.
1063 2389 1203 2430 aliisque
1219 2388 1326 2428 adepti
1341 2398 1368 2419 s.
1414 2389 1476 2419 Est
1492 2392 1608 2418 autem

146 2434 214 2472 apti
230 2433 272 2465 ab
289 2433 436 2474 apiscor‚
451 2433 501 2464 uti
516 2433 622 2473 adepti
638 2432 681 2464 ab
699 2433 885 2473 adipiscor.
912 2433 1013 2465 West.
1059 2433 1068 2449 ‘
1086 2433 1224 2464 Deorum
1244 2432 1342 2463 vitam
1363 2430 1468 2471 adepti
1486 2429 1608 2470 sumus]

145 2475 242 2509 Rern.
270 2485 332 2516 pro
357 2476 465 2516 adepti
486 2475 604 2514 habet,
627 2476 705 2516 apti,
724 2486 743 2506 a
761 2475 865 2506 verbo
889 2479 898 2492 ‘
916 2474 1079 2516 apiscor:’
1105 2474 1192 2514 quod
1210 2473 1299 2505 idem
1317 2478 1371 2505 est
1387 2483 1462 2504 cum
1481 2473 1607 2514 adipis-

146 2528 224 2553 cor:
248 2518 298 2550 ita
313 2519 441 2559 optime
457 2518 615 2558 procedit
628 2519 822 2550 octonarius
844 2518 1009 2550 iambicus
1026 2518 1248 2549 catalecticus
1270 2508 1342 2547 sine
1361 2517 1428 2547 ulla
1449 2516 1609 2548 licentia:

147 2561 238 2602 quod
253 2562 282 2592 si
300 2561 374 2602 quis
391 2561 551 2592 maluerit
565 2562 681 2601 adepti,
708 2561 756 2592 sic
781 2570 916 2602 quoque
942 2567 1034 2593 stare
1062 2570 1177 2591 versus
1203 2565 1331 2600 potest,
1347 2559 1374 2590 si
1391 2569 1432 2590 ea
1447 2559 1565 2597 dictio,
1587 2568 1608 2598 p

147 2604 244 2644 eliso,
264 2603 327 2635 fiat
342 2609 556 2644 anapaestus:
582 2604 669 2645 quod
694 2614 776 2635 vero
793 2604 959 2644 sequitur,
984 2603 1119 2635 Frustra
1143 2613 1267 2644 operam
1287 2602 1366 2633 hanc
1386 2602 1494 2643 opinor
1511 2611 1608 2638 sumo,

147 2646 190 2678 ab
206 2647 293 2678 libro
310 2647 392 2678 Bas.
408 2652 444 2678 et
460 2645 616 2679 omnibus
632 2646 706 2678 fere
723 2647 918 2678 recentibus
936 2647 1033 2678 abest
1048 2646 1152 2678 dictio
1176 2646 1265 2685 hanc,
1294 2649 1330 2676 et
1353 2645 1388 2676 in
1413 2645 1468 2675 Vi.
1490 2644 1608 2675 deleta

146 2694 213 2729 est,
237 2695 275 2722 ut
297 2693 333 2721 et
358 2699 420 2721 nos
446 2690 619 2721 delemus:
643 2690 872 2721 numerosiore
900 2689 944 2721 ob
970 2689 1033 2720 hoc
1063 2699 1181 2728 versn3
1204 2689 1253 2719 sie
1280 2687 1370 2719 enim
1396 2687 1546 2719 iambum
1572 2687 1607 2718 in

147 2736 270 2772 quarta
284 2732 400 2764 habet.
442 2733 541 2764 Bem.
566 2737 602 2764 et
628 2732 685 2763 alii
712 2732 842 2773 antiqui
859 2741 933 2764 eam
951 2742 1068 2764 vocem
1084 2732 1225 2771 habent,
1246 2730 1306 2763 sed
1323 2731 1373 2762 ita
1389 2730 1607 2765 collocatam,

146 2780 184 2806 ut
199 2784 315 2808 versus
331 2780 422 2808 stare
440 2785 505 2807 nou
522 2774 656 2817 possit!
682 2775 740 2807 Fa.
783 2776 792 2793 ‘
812 2775 920 2808 Recte
935 2775 1010 2808 hoc.
1055 2775 1174 2807 Nostri
1191 2782 1373 2816 perperam
1389 2774 1503 2814 adepti.
1551 2772 1606 2804 Ab
