1966 3302
279 238 366 280 ‘756
775 247 818 277 P.
851 243 1092 275 TEREN'ru
1127 245 1242 275 Arm

281 343 463 385 Abduci
484 344 540 384 ab
563 341 737 383 oculis?
769 340 942 381 facinus
960 340 1204 393 indignum,
1226 341 1373 394 pater!
1477 323 1522 396 'f‘
1681 343 1739 385 35

283 413 333 454 M
341 425 369 454 1.
403 411 507 462 Qua
526 411 695 452 ratione
716 410 861 450 istuc?
895 409 994 462 quis
1007 409 1290 463 despondit?
1323 409 1425 462 quis
1448 407 1604 450 dedit?

281 482 398 523 Cui‘l
430 479 604 534 quando
625 478 803 532 nupsit?
837 474 990 518 auctor
1009 477 1078 518 his
1099 478 1228 518 rebus
1250 478 1348 531 quis
1366 477 1465 519 est?

279 549 368 591 Cur
386 549 512 590 duxit
534 547 754 589 alienam?
814 532 929 587 AEs':
946 544 1016 586 An
1037 546 1189 586 sedere
1208 545 1400 600 oportuit

280 617 417 660 Domi
437 616 648 669 virginem
668 619 757 671 tarn
777 614 1000 667 grandem,
1023 614 1128 655 dum
1150 617 1362 667 cognatus
1382 614 1469 655 huc

279 686 413 728 Illinc
435 684 619 732 veniret,
635 683 981 736 expectantem?
1012 682 1126 733 haec,
1146 683 1207 722 mi
1230 687 1370 736 pater,
1679 680 1736 720 40

276 755 344 796 Te
365 754 511 795 dicere
531 764 707 812 aequom
727 750 827 799 fuit,
850 754 893 791 et
913 751 960 791 id
981 750 1231 792 defendere.

279 821 366 863 M1.
398 819 685 862 Ridiculum:
717 817 1013 860 adversumne
1036 818 1159 859 illum
1187 830 1369 859 causam
1392 816 1595 868 dicerem,

278 889 365 932 Cui
384 900 593 930 veneram
613 886 889 928 advocatus?
922 886 1017 936 sed,
1040 886 1146 940 quid
1165 887 1267 936 ista,
1291 885 1516 937 AEschine,

278 957 483 1000 Nostra?
517 959 592 996 aut
611 954 720 1008 quid
737 954 867 995 nobis
889 967 988 995 cum
1010 954 1128 994 illis?
1162 955 1384 995 abeamus.
1444 953 1565 1004 Quid
1586 955 1655 994 est
1670 954 1690 994 'l

278 1025 401 1077 Quid
421 1023 677 1078 lacrymas?
737 1022 838 1063 AEs.
859 1021 1010 1071 Pater,
1032 1022 1233 1071 obsecro,
1256 1021 1472 1063 ausculta.
1523 1021 1609 1062 Ml.
1631 1021 1736 1062 AEs-

449 1092 593 1142 chine,
617 1091 769 1133 audivi
791 1090 955 1140 omnia,
1680 1089 1738 1131 45

274 1203 356 1235 senti
371 1201 503 1242 auferri,
519 1204 549 1233 et
565 1200 707 1232 abstrahi
722 1200 756 1231 in
770 1202 932 1240 conspectu
947 1202 1022 1230 suo?
1038 1198 1164 1237 factum
1177 1198 1307 1238 immite,
1322 1201 1351 1230 et
1367 1198 1619 1239 vituperandum,
1631 1202 1737 1239 pater.

275 1247 343 1278 M1.
369 1247 440 1282 Qua
455 1246 492 1276 de
505 1254 598 1275 causa
612 1244 676 1274 hoec
697 1244 746 1274 ais
760 1242 775 1276 ί)
794 1253 833 1273 an
846 1247 938 1283 pater
952 1243 1041 1273 illam
1056 1251 1184 1273 uxorem
1197 1242 1342 1282 promisit
1356 1239 1371 1273 ί)
1394 1252 1435 1272 an
1449 1241 1483 1272 in
1498 1251 1622 1272 manum
1637 1243 1737 1274 tradi-

275 1291 321 1320 dit
334 1293 346 1320 ?
368 1289 491 1330 quando
506 1288 623 1327 nuptiae
632 1286 732 1326 factae
747 1289 840 1317 sunt?
854 1286 1014 1325 cujusnam
1029 1286 1216 1316 auctoritate
1227 1285 1388 1316 celebratoe
1400 1288 1412 1315 ?
1434 1294 1488 1315 cur
1502 1285 1597 1315 duxit
1611 1294 1738 1316 uxorem

273 1333 426 1364 acl-alium
452 1329 682 1371 pertinentem?
726 1329 795 1360 AEs.
820 1330 872 1360 An
897 1329 993 1360 otiose
1018 1329 1155 1358 desidere
1175 1328 1258 1358 domi
1281 1328 1438 1366 virginem
1451 1327 1585 1358 nubilem
1600 1328 1737 1367 oportuit

274 1375 342 1407 sine
368 1374 555 1411 conditione,
583 1377 615 1404 et
639 1374 726 1404 illam
749 1375 923 1413 expectare,
946 1372 1045 1411 quoad
1059 1371 1249 1411 propinquus
1271 1371 1324 1401 ille
1347 1380 1415 1401 eam
1443 1379 1570 1401 uxorem
1593 1373 1738 1410 peteret?

275 1419 372 1457 Hoec,
398 1418 442 1448 mi
465 1421 565 1457 pater,
591 1420 621 1448 te
641 1416 743 1447 dicere
761 1415 884 1454 justum
897 1414 979 1453 fuit,
1005 1417 1035 1444 et
1057 1414 1090 1444 in
1110 1414 1313 1452 defensionem
1327 1413 1462 1452 virginis
1475 1414 1624 1453 proferre.
1670 1414 1735 1444 Μι.

278 1462 380 1497 Quam
395 1460 546 1492 ridiculus
561 1463 615 1491 es?
636 1469 677 1490 an
692 1458 859 1489 arbitraris
874 1467 922 1488 me
937 1457 1076 1488 debuisse
1092 1461 1198 1488 contra
1210 1457 1297 1487 illum
1311 1457 1405 1487 verba
1412 1457 1534 1495 facere,
1548 1456 1600 1496 qui
1615 1465 1663 1487 me
1676 1456 1738 1487 sibi

273 1506 455 1536 advocatum
479 1503 690 1542 adjunxerat?
735 1501 797 1532 Sed
821 1500 896 1541 quid
922 1500 987 1531 lzoec
1010 1503 1116 1530 nostra
1140 1500 1281 1537 interest,
1296 1499 1470 1530 AEschine?
1492 1502 1546 1529 aut
1561 1498 1635 1539 quid
1650 1499 1736 1530 nobis

272 1557 340 1579 cum
355 1548 419 1578 illis
434 1544 579 1585 negotii?
602 1545 744 1576 abeamus
757 1544 838 1574 hinc.
886 1543 1044 1578 Quidnam
1059 1547 1105 1573 esc
1115 1547 1128 1574 ,⁹
1149 1553 1202 1573 cur
1217 1542 1420 1583 lacrymaris?
1463 1541 1532 1573 AEs.
1558 1542 1667 1581 Pater,
1683 1552 1736 1573 ‹rro

273 1595 308 1622 ut
325 1600 372 1622 me
394 1591 514 1621 audias.
562 1589 627 1620 M1.
653 1588 814 1626 AEschine,
827 1587 930 1627 accepi
945 1585 1048 1617 omnia
1063 1596 1130 1625 qua>
1143 1586 1283 1617 dicturus
1298 1594 1340 1622 ες,
1356 1589 1386 1616 et
1400 1583 1494 1625 probe
1508 1584 1570 1616 scio
1583 1595 1595 1622 ,·
1617 1594 1690 1615 nam
1705 1588 1736 1616 te

885 1671 1124 1684 oooooooooooo

271 1750 414 1782 repone,
434 1749 571 1781 prcesens
595 1742 790 1780 praesentem.
825 1739 985 1770 Praeseus
1011 1743 1143 1769 amator
1175 1741 1376 1778 praesentem
1411 1736 1564 1768 amicam.
1611 1735 1657 1767 Et
1687 1734 1736 1766 ita

273 1786 374 1826 plane
395 1784 484 1824 apud
516 1783 670 1814 Servium
697 1783 836 1820 citatur,
852 1782 893 1812 ad
910 1782 1006 1822 Virg.
1033 1782 1130 1812 Bent.
1176 1782 1278 1812 Bent.
1302 1780 1432 1811 idoneis
1460 1777 1647 1810 rationibus
1676 1778 1734 1808 de·

272 1827 477 1859 monstravit
506 1825 641 1866 legend.
667 1835 741 1856 esse
764 1835 902 1865 prcesens
930 1829 1123 1865 praesenlem.
1149 1824 1189 1854 R.
1220 1824 1264 1854 D.
1288 1824 1481 1854 Praesentem
1511 1822 1599 1852 bene
1630 1821 1735 1852 Bent.

272 1870 435 1902 emendat
447 1869 537 1909 vulg.
553 1869 712 1909 praesenti,
726 1869 814 1908 quod
831 1869 1030 1909 perplexum
1047 1871 1111 1898 est.
1127 1867 1203 1907 Bip.
1220 1867 1410 1897 Praesentem
1423 1865 1480 1896 dat
1495 1869 1530 1896 et
1544 1863 1734 1895 Both.-37

271 1914 452 1945 solicitant
467 1913 554 1943 hanc
580 1913 660 1942 lect.
689 1912 845 1951 Guyetus
862 1917 896 1941 et
917 1911 1005 1942 Dae.
1050 1910 1128 1945 Ille,
1143 1910 1210 1949 quis
1230 1910 1315 1940 dedit
1333 1909 1443 1939 Huic?
1466 1908 1586 1947 quando
1604 1907 1737 1947 nupsit?

272 1957 378 1988 Haec:
405 1956 479 1992 Qui,
508 1955 628 1995 quando
655 1954 784 1994 nupsit?
815 1955 944 1994 legunt.
983 1952 1091 1984 Addit
1121 1953 1294 1991 Dacieria,
1321 1951 1491 1991 designari
1521 1950 1736 1982 caerimonias

273 2000 479 2041 nuptiarum.
526 1998 617 2028 Nihil
637 1997 847 2028 mutandum.
873 1998 946 2028 ΕΡ.
975 1997 1039 2032 Qui
1066 1999 1131 2026 est?
1153 1996 1259 2026 West.
1298 1994 1434 2034 Auctor]
1459 1993 1492 2025 J.
1515 1997 1614 2024 actor.
1639 1993 1733 2024 Peri.

271 2046 357 2074 —38
381 2042 481 2082 Vulg.
514 2042 578 2071 Cur
607 2041 701 2071 duxit
731 2040 884 2071 alienam?
917 2040 1016 2079 Quis,
1043 2038 1198 2078 obsecro,
1227 2038 1347 2079 quam?
1386 2038 1427 2068 In
1458 2036 1609 2068 Condixit
1640 2035 1734 2075 virgo

271 2085 509 2126 intelligenda,
525 2084 557 2114 in
572 2083 670 2114 alieno
685 2083 875 2121 AEschinus,
892 2082 1073 2114 admodum
1091 2087 1171 2122 apte
1200 2081 1240 2111 ad
1263 2080 1444 2121 sequentia
1465 2084 1642 2120 totamque
1659 2087 1734 2108 ora-

272 2130 410 2160 tionem.
436 2127 534 2158 Both.
551 2127 608 2166 qui
632 2126 692 2156 dat
717 2126 871 2157 Condixit
893 2124 1021 2157 alieno?
1043 2126 1133 2155 Ans.
1157 2124 1311 2162 virginem
1327 2123 1425 2155 Domi
1439 2122 1576 2163 oportuit
1590 2125 1615 2154 t.
1636 2131 1733 2161 grun-

270 2173 350 2211 dem,
364 2173 396 2202 d.
413 2181 440 2202 c.
456 2170 539 2207 hinc,
550 2171 690 2209 [Ten—39
713 2169 798 2200 Dum
820 2173 970 2208 cognatus
986 2168 1059 2208 huc]
1082 2167 1139 2198 Sic
1163 2167 1327 2205 Faernus,
1342 2172 1377 2197 et
1393 2167 1442 2197 sic
1465 2165 1601 2196 codices
1617 2165 1733 2195 nostri.

270 2215 337 2246 Sed
354 2214 461 2245 multo
486 2212 675 2252 elegantius
693 2217 757 2250 est,
782 2212 870 2253 quod
892 2216 976 2243 vett.
993 2211 1080 2242 Edd.
1098 2216 1132 2242 et
1149 2210 1257 2241 codex
1280 2209 1369 2240 Rivii
1392 2209 1533 2246 habent,
1548 2208 1630 2239 hinc.
1677 2207 1733 2238 Sic

271 2262 307 2288 et
325 2259 391 2289 Do.
417 2265 552 2298 quoque
580 2255 676 2296 legit.
700 2255 798 2286 Beni.
830 2255 919 2286 Hinc
934 2254 1130 2295 legendum,
1147 2263 1212 2284 non
1240 2253 1308 2284 huc.
1353 2253 1407 2283 Ita
1432 2252 1568 2291 reponit
1594 2250 1733 2280 idonens

271 2300 429 2331 Graevius
461 2299 502 2330 ad
531 2298 620 2329 Flor.
651 2307 699 2329 [v.
726 2300 756 2329 2.
784 2308 819 2338 p.
846 2300 921 2328 748.
948 2297 1124 2338 ediditque
1151 2297 1252 2327 Benl-
1281 2297 1320 2326 [ι’.
1350 2296 1392 2326 D.
1425 2295 1511 2335 Huc]
1536 2292 1732 2333 Elegantius

268 2344 352 2375 hinc.
382 2342 475 2374 Perl.
507 2341 596 2381 Huc]
615 2340 694 2372 Ald.
712 2341 771 2371 Er.
789 2345 856 2371 cet.
889 2340 955 2371 Sed
972 2340 1044 2371 hinc
1061 2339 1155 2370 nobis
1174 2340 1298 2380 placet.
1316 2338 1393 2378 Bip.
1407 2337 1480 2368 Huc
1495 2341 1546 2367 est
1562 2337 1596 2366 in
1613 2335 1733 2366 Leidd.

269 2387 432 2427 quinque,
459 2384 521 2415 Tr.
549 2385 641 2424 Lips.
668 2383 768 2415 Bodl.
796 2389 831 2414 et
858 2383 981 2414 Boend.
1006 2382 1170 2423 probante
1200 2382 1295 2412 Glar.
1321 2380 1388 2412 Sed
1420 2381 1450 2410 in
1478 2379 1528 2410 M.
1561 2383 1623 2418 est,
1646 2378 1731 2409 hinc.

269 2430 425 2460 Priorem
455 2428 535 2458 lect.
553 2430 694 2458 tuentur
709 2427 807 2458 Jnnt.
824 2426 902 2457 ΑΜ.
924 2428 972 2457 St.
988 2426 1020 2456 in
1045 2425 1195 2463 eleganti
1221 2425 1305 2455 edit.
1328 2423 1474 2454 minimae
1498 2421 1629 2460 formae,
1652 2421 1731 2451 anni

271 2475 366 2503 1540.
410 2471 591 2508 Murems3
616 2470 840 2510 posteriorem
869 2469 1092 2505 Pnhnannns,
1108 2467 1299 2505 Manutius,
1323 2466 1497 2504 Heinsius,
1512 2474 1587 2496 cum
1615 2464 1730 2494 multis

268 2515 349 2546 edd.
366 2513 532 2550 vetustis3
557 2512 650 2553 (prasi
668 2521 733 2543 non
752 2512 793 2542 de
817 2511 955 2543 Milesio
978 2512 1035 2542 illo
1058 2516 1204 2548 tantum,
1220 2509 1279 2540 sed
1298 2509 1342 2540 de.
1366 2507 1483 2550 quovis
1498 2511 1643 2546 cognato
1660 2507 1731 2538 hinc

269 2557 362 2588 Illinc
379 2557 538 2587 veniente
563 2564 675 2585 sermo
692 2555 748 2586 sit.
777 2555 877 2586 lVest.
924 2554 1001 2585 Non
1019 2563 1102 2593 ergo
1118 2558 1191 2584 erat
1215 2562 1275 2584 cur
1292 2552 1448 2584 Graevius
1465 2550 1506 2581 ad
1524 2550 1614 2581 Flor.
1631 2558 1680 2580 lv.
1697 2552 1729 2580 2.

268 2603 321 2632 411.
337 2600 470 2631 diceret
488 2599 649 2638 pessimas
665 2598 744 2628 edd.
767 2598 886 2637 legere
903 2597 971 2627 huc.
998 2597 1053 2628 Id.
1073 2597 1103 2627 in
1121 2595 1211 2627 Add.
1240 2595 1328 2626 Hinc
1344 2595 1403 2625 dat
1419 2593 1633 2634 Daph—42
1655 2592 1731 2622 Ste-

270 2644 411 2682 pharim,
436 2640 625 2679 Manutius,
654 2640 874 2680 Pulmannus,
905 2639 1080 2679 Heinsius,
1109 2639 1166 2670 alii
1198 2638 1324 2669 Donati
1351 2636 1590 2669 auctoritatem
1621 2634 1731 2665 secuti

270 2686 414 2716 Ridicule
429 2683 624 2715 ediderunt.
670 2682 751 2721 Sed,
771 2683 797 2712 si
824 2683 971 2713 maxime
996 2683 1042 2713 ita
1061 2686 1243 2722 praestaret
1259 2682 1385 2721 legere,
1403 2678 1599 2710 adverbium
1624 2683 1729 2717 esset,

268 2737 334 2759 non
355 2728 545 2758 vocativus.
576 2726 674 2758 West.
702 2725 898 2765 Ridiculum]
930 2725 1077 2756 Ridicule
1100 2725 1204 2756 habet
1221 2723 1276 2755 ed.
1310 2723 1392 2763 Arg.
1411 2724 1504 2754 1496.
1535 2721 1593 2752 Er.
1609 2719 1730 2750 adver-

269 2771 403 2802 bialiter
423 2769 575 2800 Ridicule.
609 2768 676 2799 Sed
695 2768 769 2798 leve
783 2773 846 2798 est.
876 2768 953 2808 Bip.
984 2769 1077 2807 Lego
1090 2769 1284 2799 adversusne.
1316 2767 1419 2797 Bent.
1437 2763 1538 2797 Quod
1555 2763 1613 2793 dat
1629 2763 1727 2793 Both.

270 2813 414 2845 Ridicule
434 2812 643 2853 Deum-43
668 2811 706 2841 ld
724 2820 784 2851 pro
801 2811 863 2841 ista
889 2810 990 2842 Both.
1024 2810 1165 2842 Omittit
1189 2809 1402 2851 Delph.-44
1424 2808 1488 2840 Aut
1506 2806 1601 2838 delet
1626 2806 1727 2837 Both.

1840 3128 1847 3134 -.
1821 3077 1853 3119 ml«
1842 3063 1850 3069 s
