1966 3302
272 219 359 263 650
766 230 805 259 P.
838 228 1078 260 TEREN'ru
1113 230 1229 260 Arm

273 325 391 376 Non,
410 327 473 367 ita
491 338 561 367 me
583 325 643 366 Di
666 326 836 367 ament!
868 325 1048 367 auderet
1078 325 1174 366 haec
1201 325 1349 366 facere
1370 325 1515 366 viduae
1535 325 1723 376 mulieri,

274 392 389 445 Quae
411 394 457 434 in
477 406 546 434 me
567 393 689 434 fecit.
1665 392 1722 434 81

264 494 399 575 froytvitii
410 505 422 532 ;
446 494 497 525 ille
513 487 614 536 Syrias
625 503 684 525 non
700 493 829 526 auderet
835 493 946 534 facere
959 494 1062 526 viduoe
1072 494 1260 526 mulierculae
1275 493 1361 526 ludos
1373 497 1403 526 et
1418 493 1541 526 technas
1556 503 1632 535 quas
1646 493 1725 525 mihi

285 546 329 568 ec:
347 560 356 569 .

875 589 1109 601 eeeeeeeeeeee

270 654 479 695 Tacitusque
493 658 710 695 usurparunt.
755 654 811 686 Ita
827 660 862 686 et
877 656 1002 688 habent
1015 656 1074 688 ΒΓ.
1091 655 1185 687 Perl.
1211 655 1398 688 Both—so
1421 654 1550 687 Omnes
1564 654 1637 692 fere
1654 657 1676 690 l.
1693 668 1722 690 s.

261 698 371 737 facere
394 698 477 728 hoec:
502 708 576 739 quae
600 697 780 729 collocatio
797 699 920 730 rationi
940 699 1100 730 trochaici
1129 699 1244 730 servit.
1274 699 1330 730 Fa.
1375 698 1431 729 Sic
1459 703 1495 729 et
1519 699 1624 730 nostri
1650 700 1722 732 uni-

273 741 371 772 versi.
398 741 493 771 Bent.
523 741 575 771 Ita
592 744 627 771 et
641 741 702 772 ΒΓ.
728 741 817 772 Perl.
835 741 914 782 Bip.
933 742 1057 782 Delph.
1075 742 1084 759 ‘
1097 743 1199 782 ang.
1217 741 1319 772 tiduoe
1333 741 1465 772 mulieri.
1513 740 1617 783 Atqui
1640 744 1650 761 ‘
1665 753 1721 775 ve.

272 782 367 822 tula‚’
389 784 510 814 ‘vetus
535 782 676 814 mulier'
699 783 709 800 ‘
727 794 831 815 senex
862 785 1007 825 mulier,’
1043 785 1075 816 in
1095 785 1254 816 convitiis
1279 789 1370 823 sunt,
1393 786 1402 801 ‘
1419 783 1543 814 vidua’
1567 794 1634 816 non
1656 792 1720 826 est,

271 836 334 857 nec
351 835 498 862 causam,
524 835 584 856 cur
606 827 662 865 sit,
685 825 846 858 invenias.
893 828 1034 869 Legitur
1050 838 1184 869 quoque
1202 828 1290 868 vulg.
1310 828 1419 858 minus
1433 827 1568 868 quidem
1587 828 1723 869 elegan-

271 874 344 900 ter:
359 869 598 907 auderetsacere
613 869 677 900 hoec
692 870 795 900 viduoe
810 870 947 902 mulieri.
989 871 1053 902 Uni
1066 875 1161 901 extat
1177 871 1210 901 in
1228 870 1321 902 Hel!
1347 870 1443 902 Both.
1462 871 1518 911 qui
1533 869 1612 901 inde
1627 871 1723 911 legit,

270 913 397 942 auderet
413 912 466 943 uni
481 912 545 942 hav
562 913 670 943 retulae
683 916 805 944 m.—8]
828 913 942 945 Guelf.
960 916 990 946 1.
1007 915 1105 950 Quod.
1122 913 1244 945 Boend.
1267 913 1420 945 additum
1437 916 1542 944 tantas
1556 913 1723 948 illusiones,

270 954 374 987 Both.
393 955 476 996 legit
492 955 579 987 Mihi
595 954 765 996 quoefecit.

671 1231 875 1274 ACTUS
912 1232 969 1274 V.
1037 1232 1245 1275 SCENA
1277 1233 1339 1276 II.

440 1351 691 1381 CLITIPHO.
724 1349 1056 1381 MENEDEMUS.
1090 1350 1339 1382 CHREMES.
1373 1353 1549 1384 SYRUS·

269 1418 355 1460 CL.
388 1418 549 1460 ITANE
570 1419 762 1470 tandem,
786 1431 955 1473 quaeso,
979 1417 1254 1469 Menedeme,
1277 1425 1324 1461 ut
1345 1426 1476 1475 pater

268 1487 381 1528 Tam
401 1488 445 1528 in
465 1488 588 1529 brevi
610 1488 757 1541 spatio
779 1500 950 1529 omnem
971 1487 1025 1527 de
1051 1500 1119 1527 me
1141 1488 1314 1543 ejecerit
1335 1490 1528 1530 animum
1547 1490 1719 1544 patris?

271 1553 509 1604 Quodnam
547 1556 603 1596 ob
643 1555 847 1596 facinus?
885 1555 988 1609 quid
1023 1569 1102 1609 ego
1143 1560 1309 1598 tantum
1346 1557 1526 1600 sceleris
1561 1557 1721 1599 admisi

441 1623 578 1665 miser
594 1623 612 1664 Τ

270 1689 421 1744 Volgo
443 1691 624 1732 faciunt.
685 1690 730 1731 M
744 1702 782 1731 Ε.
815 1691 934 1741 Scio,
966 1691 1046 1732 tibi
1077 1704 1172 1732 esse
1197 1691 1279 1733 hoc
1302 1692 1476 1745 gravius
1497 1692 1650 1742 multo,
1670 1705 1723 1735 ac

443 1760 609 1810 durius,

271 1826 358 1868 Cui
379 1826 452 1879 fit3
485 1840 634 1868 verum
659 1840 740 1880 ego
761 1826 878 1867 haud
893 1827 1035 1867 minus
1052 1839 1165 1880 aegre
1179 1827 1342 1880 patior,
1363 1827 1406 1868 id
1430 1828 1522 1882 qui,
1543 1828 1720 1880 nesci03

271 1894 371 1937 Nec
393 1896 606 1936 rationem
629 1895 776 1949 capio,
797 1895 884 1935 nisi
907 1894 1024 1948 quod
1045 1895 1125 1935 tibi
1146 1895 1255 1936 bene
1278 1908 1335 1936 ex
1356 1895 1504 1936 animo
1525 1895 1643 1938 volo.
1693 1896 1722 1939 6

314 2021 373 2052 CL.
401 2022 430 2052 Ο
454 2021 645 2058 Μεποᾱρηῑε,
671 2029 758 2059 rogo,
784 2018 867 2050 itane
891 2020 1014 2050 tandem
1037 2015 1126 2059 pciter
1149 2019 1270 2059 expulit
1295 2019 1397 2050 animo
1422 2029 1537 2051 omnem
1559 2023 1721 2061 paternam

264 2064 509 2095 benevolentiam
526 2064 558 2094 in
574 2067 636 2094 tam
650 2073 746 2104 parvo
760 2065 912 2102 tempore?
932 2065 1055 2102 propter
1068 2063 1145 2102 quod
1160 2063 1325 2094 delictum?
1346 2064 1426 2103 quod
1442 2067 1505 2094 enm
1517 2073 1614 2102 grave
1624 2064 1723 2094 scelus

269 2117 326 2147 ego
341 2107 455 2145 infelix
471 2107 608 2137 commisi
622 2105 636 2137 ¹!
659 2107 792 2145 <equales
806 2105 865 2136 mez'
872 2105 978 2142 fucere
998 2105 1093 2136 solent
1113 2107 1191 2145 quod
1207 2115 1262 2144 ego
1268 2105 1346 2144 feci.
1394 2107 1466 2137 ME.
1491 2106 1563 2137 Scio
1579 2106 1633 2137 hoc
1649 2106 1720 2145 eibi,

269 2150 321 2181 cui
326 2150 384 2191 fit,
399 2160 462 2180 esse
486 2149 641 2180 molestius
664 2153 694 2179 et
714 2149 852 2179 acerbius
873 2149 982 2185 multo,
1004 2157 1095 2187 quam
1111 2149 1167 2178 ulti
1183 2149 1238 2178 ulii
1252 2158 1264 2184 3
1285 2149 1337 2179 sed
1352 2159 1407 2188 ego
1420 2149 1452 2179 id
1460 2148 1532 2187 fero
1548 2159 1607 2180 non
1621 2149 1722 2180 minus

269 2194 394 2224 moleste
409 2194 455 2223 tui
471 2202 584 2229 causo;
607 2193 640 2222 id
666 2193 810 2232 quomodo
834 2191 938 2222 nescio
964 2200 1018 2222 nec
1042 2201 1177 2231 causum,
1200 2201 1256 2222 cm·
1278 2192 1310 2221 id
1332 2192 1461 2229 doleam,
1486 2191 1637 2231 intelligo,
1658 2192 1721 2223 uisi

872 2286 1109 2299 eeeeeeeeeeee

314 2357 329 2385 1
357 2354 446 2385 Itane
462 2354 587 2383 taudem
602 2363 712 2392 quaeso.
761 2352 822 2383 His
839 2351 988 2383 addebat
1004 2352 1192 2383 Ubaldinns
1209 2353 1347 2384 verbum
1363 2357 1428 2384 est.-
1451 2352 1539 2394 quod
1559 2358 1594 2384 et
1609 2352 1642 2384 in
1659 2353 1719 2384 ali-

270 2396 391 2438 quibus
421 2396 515 2427 libris
542 2396 684 2435 legitur,
712 2396 970 2436 praesertimque
993 2396 1026 2426 in
1044 2396 1197 2426 omnibus
1214 2396 1375 2436 antiquis,
1390 2403 1515 2436 praeter
1538 2395 1633 2427 Beni.
1660 2396 1719 2428 Fa.

270 2441 400 2473 Omnes
417 2439 517 2469 etiam
536 2439 642 2468 nostri
660 2448 762 2477 quoeso
778 2442 835 2470 est.
861 2439 963 2469 Bent.
1010 2438 1063 2469 Ita
1093 2444 1127 2469 et
1154 2439 1213 2469 ΒΓ.
1241 2439 1333 2471 Peri.
1359 2439 1460 2470 Both.
1483 2438 1563 2478 Bip.
1594 2439 1716 2479 Delph.

269 2483 380 2515 Abest
397 2492 498 2522 queso
516 2480 632 2512 Guelf.
650 2483 747 2511 2.—-2
772 2481 848 2519 Illa,
863 2482 900 2512 de
915 2491 975 2520 me,
999 2491 1062 2512 non
1080 2481 1236 2521 leguntur
1262 2482 1294 2512 in
1319 2481 1472 2512 omnibus
1499 2481 1584 2512 Mss.
1617 2481 1718 2514 Wese.

270 2526 371 2557 Both.
391 2524 494 2565 patris
509 2525 643 2554 animum
663 2523 787 2562 ejecerit
799 2527 873 2554 ,7-4
904 2524 943 2554 In
962 2524 1162 2565 quibusdam
1181 2524 1275 2555 libris
1295 2530 1361 2562 est,
1390 2525 1486 2563 Volgo
1507 2523 1540 2555 id
1560 2524 1592 2562 s.
1614 2534 1717 2565 quan-

271 2578 370 2609 quam
398 2567 435 2597 τὸ
460 2567 491 2597 id
508 2566 695 2606 elegantius
713 2566 818 2597 abest.
850 2567 945 2597 West.
994 2567 1116 2597 Nullus
1133 2567 1156 2596 1.
1171 2577 1193 2597 s,
1210 2567 1312 2597 habet
1329 2567 1509 2598 dic-tionem
1525 2566 1571 2604 id,
1589 2572 1717 2607 praeter

268 2611 324 2641 Vi.
342 2611 402 2642 Fa.
452 2610 526 2640 Nec
547 2610 633 2639 ullus
647 2618 688 2638 ex
706 2609 841 2639 nostris.
866 2609 964 2640 Bcnt.
996 2609 1062 2641 Gu.
1077 2613 1107 2640 1.
1140 2609 1239 2648 Vutgo
1253 2610 1323 2648 idf.
1349 2615 1383 2640 ut
1402 2610 1486 2649 legit
1502 2614 1536 2639 et
1554 2609 1717 2649 Calphur-

268 2654 355 2684 nius.
377 2652 533 2683 Hom—5
560 2651 753 2689 Distinguit
770 2651 871 2682 Bent.
892 2652 1009 2691 patior.
1035 2652 1074 2683 Id
1085 2653 1148 2692 qui,
1164 2652 1265 2683 nescio
1280 2653 1346 2683 Nec
1360 2653 1509 2683 rationem
1519 2652 1617 2692 capio.
1636 2652 1715 2692 Bip.

266 2697 373 2737 patior
384 2696 428 2733 id,
443 2695 494 2735 qui
510 2696 636 2731 nescio;
661 2694 741 2724 Nec.
778 2694 842 2724 ssr.
865 2695 970 2733 patior
990 2696 1037 2734 id,
1060 2695 1113 2736 qui
1136 2695 1236 2726 nescio
1250 2695 1330 2727 Nec.
1375 2695 1474 2735 Legit
1491 2698 1524 2725 et
1539 2694 1719 2734 distinguit

268 2738 448 2770 Ruhnken.
478 2738 514 2769 V.
531 2747 557 2768 e.
577 2737 658 2768 haud
674 2736 776 2766 minus
789 2737 893 2777 patior
906 2746 916 2766 .·
939 2737 972 2768 id
988 2738 1041 2779 qui
1056 2737 1155 2769 nescia
1173 2738 1251 2769 Nec.
1275 2737 1316 2769 Z.
1337 2738 1460 2778 patior:
1483 2736 1516 2768 id
1532 2737 1584 2777 qui
1598 2737 1711 2777 nescio,

267 2782 349 2815 Nec.
394 2781 404 2798 ‘
423 2780 506 2813 Cod.
525 2779 564 2812 C.
591 2779 682 2821 idque
698 2778 819 2811 recte!
843 2779 940 2812 Both.
963 2782 1019 2823 qui
1035 2780 1140 2822 igitur
1157 2781 1241 2822 legit
1255 2781 1358 2822 patior
1373 2780 1463 2822 idque
1477 2780 1576 2813 nescio
1592 2779 1718 2814 Nec.—
