1966 3302
295 265 413 307 1044-
795 275 835 304 P.
867 274 1110 306 TERENTH
1144 274 1262 306 Arm

297 371 451 414 Heus!
514 369 815 420 Nausistrata,
845 369 972 423 prius
993 382 1128 423 quam
1162 368 1267 411 huic
1301 369 1544 424 respondes
1575 374 1756 423 temere,

470 438 588 479 audi.
648 437 781 479 NAU.
814 436 938 487 Quid
960 439 1066 478 est‘?

296 506 457 547 PHoR.
485 506 580 559 Ego
599 506 743 547 minas
763 505 940 558 triginta
959 518 1039 558 per
1059 504 1287 546 fallaciam
1310 505 1366 546 ab
1386 504 1467 546 illo
1487 506 1680 559 abstuli⁴3

295 575 387 615 Eas
410 573 514 615 dedi
536 577 610 616 tuo
631 576 789 628 gnato;
820 573 860 614 is
880 585 960 628 pro
982 585 1067 613 sua
1088 572 1238 614 amica
1257 572 1407 613 lenoni
1428 571 1564 614 dedit.
1697 574 1756 615 50

295 642 455 684 CHRE.
488 641 632 683 Hem!
665 641 775 695 quid
797 641 863 682 ais
881 641 900 681 Ἰ
963 640 1009 682 N
1012 650 1097 682 AU·
1128 639 1304 682 Adeon'
1323 640 1410 682 hoc
1429 640 1660 694 indignum
1673 641 1757 684 tibi

466 709 652 759 videtur,
673 708 796 749 filius

295 776 448 817 Homo
471 776 731 818 adolescens
750 777 790 818 si
809 776 940 818 habet
959 787 1090 817 unam
1111 776 1315 827 amicam,
1337 778 1385 818 tu
1405 788 1565 818 uxores
1584 776 1693 818 duas
1707 777 1727 817 ‘l

292 844 421 885 Nihil
440 845 638 898 pudere?
671 857 758 897 quo
778 857 852 885 ore
870 844 998 884 illum
1019 843 1309 897 objurgabis'?
1341 843 1558 896 responde
1577 843 1699 885 mihi.

294 913 386 954 DE.
419 913 590 963 Faciet,
611 916 662 954 ut
681 912 822 954 voles.
885 912 1019 953 NAU.
1050 911 1210 963 Immo,
1245 916 1298 953 ut
1333 924 1476 971 meam
1505 910 1602 965 jam
1636 910 1758 954 scia‘s

467 980 748 1030 sententiam,

293 1047 453 1103 Neque
475 1062 554 1102 ego
584 1050 783 1102 ignosco,
815 1060 958 1101 neque
989 1046 1197 1101 promitto
1220 1047 1484 1101 quicquam3
1514 1058 1660 1100 neque
1689 1059 1756 1088 re-

465 1117 678 1170 spondeo,
1698 1114 1757 1155 55

296 1184 425 1225 Prius
448 1198 582 1238 quam
602 1187 782 1237 gnatum
801 1183 933 1225 video
952 1197 961 1225 :
993 1183 1090 1236 ejus
1106 1182 1281 1237 judicio
1302 1182 1513 1236 permitto
1537 1181 1712 1233 omnia3

294 1251 428 1303 Quod
447 1253 485 1294 is
509 1252 699 1307 jubebit,
720 1251 902 1294 faciam.
964 1250 1125 1292 PHOR.
1158 1249 1322 1291 Mulier
1342 1249 1523 1304 sapiens
1544 1262 1606 1300 es,
1630 1248 1756 1292 Nau-

467 1320 661 1362 sistrata.
1666 1334 1681 1339 ”
1737 1337 1744 1339 -

294 1389 428 1430 NAU.
460 1388 602 1430 Satin'
631 1388 678 1429 id
710 1389 808 1429 est?
871 1387 1030 1429 PHoR.
1062 1387 1206 1429 Immo
1227 1399 1333 1429 vero
1354 1385 1537 1441 pulchre
1557 1383 1755 1435 discedo,

464 1460 508 1498 et
526 1456 681 1511 probe,

293 1558 515 1597 Nausistrata,
540 1557 721 1598 priusquam
743 1557 814 1588 huic
837 1555 939 1588 subito
961 1557 1135 1596 incogitans
1156 1555 1354 1596 respondeas,
1375 1552 1451 1584 audi
1471 1561 1531 1583 me·
1574 1550 1648 1582 NA.
1672 1549 1759 1586 Quia

291 1600 363 1633 est?
401 1602 474 1633 ΡΗ.
498 1602 570 1641 Ego
589 1602 690 1631 minas
715 1599 852 1638 triginta
865 1609 921 1639 per
934 1600 1037 1629 dolum
1052 1610 1072 1630 a
1093 1599 1209 1629 marito
1224 1601 1276 1628 tuo
1288 1606 1344 1637 per
1359 1594 1463 1626 dolum
1477 1593 1654 1634 expiscatus
1668 1603 1736 1624 sum
1746 1604 1759 1625 .-

291 1654 345 1675 eas
372 1645 444 1675 dedi
474 1648 526 1675 tuo
547 1644 642 1684 filio?
664 1643 694 1674 is
712 1653 769 1683 pro
792 1651 850 1673 sua
870 1641 971 1672 amica
993 1642 1096 1674 lenoni
1119 1641 1215 1673 dedit.
1262 1639 1331 1670 CH.
1355 1637 1452 1676 Hem,
1474 1636 1550 1677 quid
1564 1633 1639 1667 ais?
1682 1635 1757 1668 NA·

291 1688 419 1718 Adeone
434 1687 488 1718 hoc
503 1687 711 1725 malefactum,
727 1689 758 1716 et
777 1694 876 1723 grave
895 1684 1041 1715 delictum
1065 1687 1169 1724 putas,
1192 1683 1221 1714 si
1233 1681 1327 1724 filius
1348 1681 1525 1711 adolescens
1545 1677 1637 1709 habet
1664 1688 1760 1709 unam

292 1730 435 1769 amicam,
449 1740 517 1761 cum
531 1733 567 1760 tu
582 1739 696 1760 uxores
710 1729 786 1759 duas
801 1728 930 1759 habeas?
952 1727 1034 1758 nihil
1048 1730 1078 1758 te
1091 1727 1210 1767 pudet?
1232 1735 1292 1765 qua
1307 1723 1431 1763 fronte,
1454 1722 1518 1754 nisi
1531 1720 1654 1759 ferrea,
1668 1721 1759 1757 iltum

291 1774 387 1813 culpae
404 1776 541 1812 argues?
586 1773 751 1812 Responde
776 1771 863 1802 mihi.
908 1771 977 1801 DE.
1004 1770 1111 1801 Faciet
1126 1773 1161 1801 ut
1175 1768 1235 1800 tibi
1248 1766 1387 1799 libuerit.
1432 1765 1504 1797 NA.
1527 1765 1627 1800 Immo
1635 1762 1707 1801 jam
1721 1766 1760 1796 ut

290 1825 351 1846 non
365 1817 492 1855 ignores
506 1816 580 1856 quid
594 1814 808 1846 constituerim
814 1814 923 1852 facere
938 1824 950 1850 ;
972 1823 1068 1854 neque
1083 1822 1140 1852 ego
1161 1812 1283 1843 veniam
1298 1811 1348 1850 do,
1361 1818 1457 1849 neque
1471 1808 1533 1840 ullo
1546 1806 1696 1848 promisso
1710 1816 1759 1839 me

291 1858 407 1899 obligo,
434 1870 530 1899 neque
543 1868 687 1899 responso
706 1858 867 1898 quicquam
882 1866 1033 1896 assevero,
1044 1856 1226 1896 priusquam
1232 1853 1339 1897 filium
1353 1861 1455 1883 meum
1469 1851 1575 1884 videro
1587 1859 1600 1886 ;
1622 1859 1691 1884 eum
1703 1858 1758 1883 ar-

290 1900 407 1933 bitrum
419 1903 555 1933 omnium
568 1901 849 1933 controversiarum
866 1898 974 1937 facio:
995 1901 1075 1939 quod
1089 1898 1249 1937 judicabit
1263 1900 1369 1928 ratum
1384 1894 1499 1926 habebo
1514 1896 1545 1924 et
1559 1891 1756 1933 confir-maha.

293 1944 365 1975 Pir.
389 1946 495 1985 Sapis,
521 1945 740 1983 Nausistrata,
765 1947 795 1974 et
820 1945 903 1974 recte
929 1951 1041 1973 censes·
1085 1942 1155 1973 NA.
1179 1941 1306 1972 Satisne
1327 1938 1361 1969 id
1387 1936 1447 1968 tibi
1462 1936 1519 1966 hoc
1532 1938 1590 1974 est,
1611 1937 1703 1975 atque
1717 1943 1759 1965 ex

292 1988 439 2027 aquitate
454 1988 675 2020 constitutum?
723 1987 794 2018 ΡΗ.
819 1986 918 2016 Immo
932 1995 1004 2016 vero
1017 1984 1145 2024 egregie
1163 1987 1194 2015 et
1208 1982 1340 2022 abunde,
1355 1988 1509 2020 supraque
1531 1986 1652 2009 omnem
1673 1986 1759 2018 spem

909 2078 1153 2092 “N‘OWOOE

293 2150 379 2182 GM.
403 2151 555 2181 dea—48
579 2148 665 2180 GM.
693 2148 975 2188 respondeas—49
998 2146 1095 2177 Unus
1120 2154 1164 2176 ex
1188 2142 1326 2176 Nostris
1339 2140 1500 2182 fallacias,
1527 2144 1598 2172 tres
1622 2138 1662 2170 ab
1684 2138 1759 2172 isto.

295 2194 451 2233 chone,
467 2201 565 2223 versu
584 2191 767 2231 exigente:
787 2189 935 2227 fallacias
949 2189 988 2219 ab
1011 2190 1071 2220 isto
1097 2187 1223 2219 abstuli.
1267 2186 1324 2218 Sic
1348 2194 1452 2225 supra
1466 2193 1520 2214 lv.
1534 2186 1567 2214 3.
1582 2184 1637 2214 67.
1659 2182 1669 2199 ⁴
1687 2182 1756 2214 Oc-

293 2236 407 2267 nidisti
424 2244 477 2265 me
492 2235 558 2265 tuis
574 2232 739 2264 fallaciis!
781 2233 838 2263 De
854 2241 922 2263 una
937 2231 1061 2263 techna
1076 2235 1111 2262 et
1125 2230 1257 2261 fabrica
1280 2228 1409 2260 dictum
1427 2225 1616 2267 pluraliter.
1653 2225 1757 2265 Plau-

294 2283 347 2309 tus
375 2279 452 2309 Mil.
469 2286 525 2308 ιη.
549 2280 580 2307 3.
597 2279 629 2307 2.
653 2277 752 2306 Bent.
784 2275 833 2306 At
854 2275 892 2305 ab
918 2275 971 2305 illo
995 2275 1113 2306 delent
1137 2273 1217 2314 Bip.
1235 2271 1425 2303 Both.—5l
1453 2269 1571 2301 Nostri
1598 2267 1757 2309 plerique

293 2324 368 2352 adeo
391 2321 457 2352 hoc.
504 2321 646 2359 Repone
672 2320 770 2350 adeon
795 2319 959 2357 indignum
982 2317 1047 2349 hoc.
1087 2317 1190 2348 Bent.
1224 2323 1324 2356 quem
1350 2312 1505 2353 sequitur
1532 2311 1757 2351 Both.adeon

292 2365 457 2403 indignum
480 2363 539 2393 tibi
554 2363 633 2402 Bip.
649 2362 710 2391 Er.
727 2361 812 2392 GM.
829 2365 866 2391 et
889 2360 955 2392 Ms.
983 2361 1024 2391 R.
1047 2359 1137 2400 apud
1161 2358 1347 2389 Lina—52
1371 2356 1457 2386 Nam
1473 2363 1536 2395 pro
1560 2353 1663 2384 Homo
1679 2352 1756 2393 G-C.

293 2411 377 2438 —53
402 2408 457 2438 Ita
482 2406 602 2445 optimi
627 2404 735 2435 Codd.
768 2404 824 2434 alii
843 2404 938 2444 pudet
963 2406 1004 2434 te.
1028 2403 1221 2434 West.-—54
1246 2400 1360 2431 Faciat
1383 2396 1499 2430 Guelf.
1523 2400 1555 2427 1.
1574 2398 1607 2428 2.
1635 2399 1672 2435 et
1693 2395 1755 2426 ΒΥ.

294 2451 386 2481 volet.
417 2450 504 2480 Mox
524 2449 533 2465 ‘
550 2447 668 2485 Varie,
697 2448 741 2478 Ut
759 2446 830 2484 jam
852 2456 951 2484 meam
975 2445 1057 2476 scias
1079 2446 1133 2476 vel
1163 2444 1207 2475 Ut
1224 2443 1296 2481 jam
1316 2451 1414 2472 meam
1435 2439 1539 2471 sciat!
1555 2439 1663 2469 West.
1685 2437 1756 2474 Alii

295 2493 409 2531 aliter,
437 2491 499 2522 sed
524 2492 622 2521 Bem.
648 2490 706 2525 ita,
733 2490 824 2519 immo
848 2492 883 2519 ut
910 2498 1008 2519 meam
1024 2488 1095 2526 jam
1116 2487 1200 2518 scias
1219 2484 1418 2517 sententiam.
1441 2484 1501 2514 Fa.
1546 2481 1666 2513 Nostri
1684 2479 1758 2518 jam

294 2545 403 2566 meam.
428 2535 529 2565 Beut.
551 2534 628 2564 Jam.
643 2542 742 2563 meam
766 2532 869 2562 Both.
885 2532 1034 2562 Br.—56
1059 2530 1102 2562 Ο.
1121 2531 1143 2561 l.
1161 2539 1186 2560 s.
1209 2529 1333 2559 videro:
1357 2527 1392 2557 in
1408 2523 1616 2556 dimetienda
1640 2526 1755 2554 autem

295 2587 410 2616 versu,
436 2577 501 2615 ejus
526 2575 793 2615 monosyllabum
825 2578 890 2604 est.
916 2574 974 2605 Fa.
1016 2573 1074 2604 Sic
1102 2572 1223 2604 Nostri
1253 2571 1326 2602 fere
1357 2578 1472 2600 omnes
1498 2566 1617 2598 videro.
1650 2566 1755 2596 Bent.

300 2620 416 2651 Videro
432 2620 509 2658 Bip.
527 2618 631 2649 Both.
656 2618 716 2649 ΒΓ.
735 2617 907 2648 GM.-57
932 2615 1047 2647 Guelf.
1064 2619 1095 2647 2.
1117 2613 1265 2646 deletis.
1290 2612 1364 2644 ΕΡ.
1378 2610 1505 2643 omittit
1517 2610 1646 2645 es.—5S
1668 2607 1758 2638 Satis

295 2663 354 2693 tibi
369 2663 430 2702 est]
449 2663 551 2692 Bem.
568 2667 603 2692 et
619 2670 736 2691 onmes
754 2660 809 2690 alii
824 2658 897 2690 fere
913 2660 936 2691 l.
953 2669 979 2690 s.
993 2659 1088 2690 satin.
1105 2668 1169 2699 ego
1186 2661 1269 2698 puto
1281 2656 1330 2687 sic
1347 2658 1439 2686 stare
1455 2662 1600 2691 versum,
1616 2654 1655 2682 ut
1670 2649 1756 2681 eliso

295 2715 316 2735 n
333 2715 375 2736 ex
391 2706 486 2742 satin,
502 2710 537 2735 et
553 2704 584 2734 in
601 2704 659 2734 tibi
674 2706 718 2733 est
736 2713 800 2733 uon
818 2701 912 2734 facta
929 2701 1140 2742 synaloepha,
1155 2701 1188 2731 in
1204 2699 1313 2741 prima
1326 2697 1407 2729 sede
1427 2696 1472 2727 sit
1489 2693 1690 2730 tribrachus,
1716 2692 1754 2724 in

297 2748 447 2778 secunda
464 2747 610 2777 Iambus,
636 2746 696 2777 Fa.
741 2746 885 2776 Frustra
896 2745 1029 2776 laborat
1042 2743 1193 2775 Faernus
1209 2743 1251 2773 de
1262 2750 1362 2773 versu
1375 2736 1633 2771 constituendo:
1659 2735 1756 2766 Satin

296 2791 400 2821 ti—bz'
424 2794 482 2827 est,
497 2794 534 2820 ut
550 2789 716 2819 secundus
740 2788 785 2819 sit
808 2787 958 2827 Iambus,
974 2790 1065 2818 stare
1087 2795 1155 2817 non
1179 2789 1313 2825 potest:
1338 2792 1381 2813 ne
1404 2781 1538 2816 addam,
1555 2779 1587 2809 in
1603 2777 1755 2809 secunda

298 2833 378 2863 sede
395 2842 461 2863 uon
480 2831 649 2869 iambum,
665 2835 703 2861 ut
719 2830 775 2860 ille
792 2830 884 2860 aliud
900 2839 1002 2870 agens
1018 2829 1113 2867 dicit,
1138 2827 1198 2860 sed
1220 2826 1407 2858 trochaeum
1423 2828 1482 2854 aut
1496 2820 1682 2862 spondeum
1700 2829 1752 2850 re-

299 2876 397 2916 quiri.
443 2875 497 2906 Tu
527 2883 665 2915 repone,
683 2872 835 2913 personis
857 2882 990 2914 quoque
1007 2871 1173 2910 mutatis3
1201 2870 1290 2905 Quod
1312 2868 1341 2900 is
1354 2866 1489 2907 jubebit,
1503 2864 1637 2902 faciam.
1682 2863 1752 2895 DE.
