1966 3302
464 241 885 276 HEAUToNrinoR.
918 240 1027 270 Aer.
1053 239 1103 268 11.
1137 237 1301 280 sc.¹111.
1521 224 1604 264 5723

149 345 269 387 Dum
289 343 453 390 narrat,
472 339 583 381 forte
603 338 768 379 audivi.
830 333 969 378 Cm'r.
1002 333 1223 384 Quaenam
1244 335 1311 372 est
1332 331 1506 371 altera?

150 413 233 453 SY.
268 410 426 450 Mane:
457 407 558 456 hoc,
579 405 698 460 quod
719 404 854 457 coepi,
876 403 1066 457 primum
1087 413 1300 448 enarrem,
1324 397 1548 451 Clitipho:

150 480 264 521 Post
300 478 418 519 istuc
456 475 644 516 veniam.
706 472 845 513 CLIT.
888 470 1097 524 Propera.
1158 468 1243 509 SY.
1278 466 1383 508 «Iam
1418 467 1607 521 primum

324 543 534 592 omnium,

151 613 243 655 Ubi
263 616 443 654 ventum
463 609 518 651 ad
539 609 659 650 aedes
681 612 771 661 est,
784 608 956 648 Dromo
977 605 1124 660 pultat
1139 604 1257 645 fores
1276 615 1285 642 τ

152 681 282 723 Anus
303 679 509 734 quaedam
530 677 708 731 prodit:
740 677 834 717 haec
858 676 935 716 ubi
964 674 1138 728 aperuit
1161 673 1340 721 ostium,
1555 671 1612 712 35

155 747 376 790 Continuo
397 746 471 787 hic
492 759 540 786 se
560 744 753 798 conjecit
770 743 886 784 intro
904 756 914 783 ;
947 755 1030 795 ego
1054 753 1311 793 consequor.

153 815 282 857 Anus
301 814 468 856 foribus
489 812 614 853 obdit
634 811 884 865 pessulum3
917 809 975 850 ad
996 809 1143 849 lanam
1161 807 1289 848 redit.

156 883 280 925 Hinc
303 882 408 923 sciri
428 880 590 936 potuit,
615 884 691 920 aut
711 890 929 932 nusquam
950 876 1072 925 alibi,
1094 874 1252 924 Clinia,

156 952 260 1003 Quo
282 950 433 992 studio
455 950 588 990 vitam
611 960 737 988 suam
757 949 800 987 te
824 947 1009 987 absente
1031 945 1243 997 exegerit,

157 1020 249 1061 Ubi
269 1019 325 1060 de
347 1018 594 1072 improviso
616 1017 907 1057 interventum
931 1016 1001 1055 est
1021 1011 1214 1054 mulieri:
1562 1011 1618 1052 40

158 1086 280 1129 Nam
300 1098 353 1126 ea
372 1097 445 1126 res
467 1083 588 1124 dedit
609 1087 702 1124 tum
720 1080 1023 1123 existumandi
1044 1080 1221 1134 copiam

161 1154 445 1207 Quotidianae
465 1153 568 1194 vitae
591 1150 971 1199 consuetudinem,

159 1298 269 1330 retulit
293 1298 326 1329 in
351 1298 404 1329 via
429 1297 523 1329 alteri
535 1297 688 1335 foeminoe.
735 1294 812 1326 ΟΜ.
840 1295 992 1330 Quaenam
1019 1296 1066 1324 est
1092 1292 1158 1323 hoec
1181 1293 1293 1330 altera,
1320 1290 1371 1321 cui
1387 1289 1465 1321 dicis
1481 1298 1547 1320 eam
1570 1288 1624 1319 hoc

158 1340 330 1373 nawa-sse?
374 1342 436 1373 SY.
461 1340 578 1372 Desine
600 1339 805 1377 interrogare,
830 1341 861 1368 et
881 1337 947 1367 sine
969 1336 1057 1376 prius
1081 1336 1209 1366 recitem
1236 1336 1290 1365 hoc
1314 1335 1394 1375 quod
1421 1332 1497 1373 coepi
1512 1332 1624 1363 dicere.

160 1384 214 1415 Ad
235 1385 269 1415 id
292 1385 371 1425 quod
393 1384 507 1425 quoeris
528 1381 722 1423 respondebo,
768 1381 847 1412 CLI.
871 1380 1012 1411 Festina.
1057 1379 1118 1409 SY.
1142 1379 1218 1408 Jam
1229 1377 1364 1418 primum
1378 1376 1528 1414 omnium,
1543 1377 1626 1415 post-

159 1436 250 1467 quam
264 1431 444 1468 perventum
459 1430 504 1458 est
518 1427 558 1457 ad
573 1427 694 1456 domum
716 1424 838 1465 puellae,
854 1423 975 1454 Dromo
994 1422 1098 1462 pulsat
1123 1421 1235 1452 ostium
1246 1431 1258 1457 ;
1281 1421 1422 1461 quoedam
1444 1428 1521 1449 unus
1536 1427 1625 1457 egre-

160 1468 271 1508 ditur,-
290 1474 452 1511 postquam
478 1470 543 1500 haec
568 1478 646 1499 anus
672 1467 797 1498 reclusit
814 1466 915 1504 fores,
940 1465 1084 1496 continuo
1110 1464 1159 1495 hic
1182 1465 1300 1495 Dromo
1322 1464 1405 1494 intro
1423 1472 1456 1494 se
1471 1461 1626 1496 immisit,-

161 1521 217 1551 ego
232 1523 301 1544 cum
315 1514 381 1554 ipso
396 1514 479 1544 intro
493 1515 640 1553 tanquam
654 1512 717 1551 ejus
732 1519 848 1545 comes;
874 1518 952 1540 anus
967 1507 1093 1548 opponit
1112 1507 1227 1538 obicem
1242 1506 1334 1542 ostio,
1350 1510 1380 1537 et
1395 1504 1513 1536 claudit
1526 1504 1624 1534 illud:

160 1556 330 1588 revertitur
344 1558 384 1587 ad
396 1555 565 1596 lanificium
581 1554 794 1586 exercendum.
839 1552 894 1582 Ex
920 1552 977 1582 hac
1001 1560 1036 1581 re
1058 1550 1187 1589 agnosci
1207 1549 1322 1590 potuit,
1347 1552 1402 1580 aut
1416 1557 1574 1588 nunquam
1589 1556 1630 1577 esc

163 1598 239 1637 alia,
254 1609 311 1639 quo
326 1599 474 1631 exercitio
489 1599 586 1629 vitam
600 1607 686 1628 suam
701 1595 891 1634 traduxerit,
914 1595 987 1625 dum
1007 1594 1116 1624 absens
1131 1593 1241 1631 fuisti,
1267 1602 1336 1623 cum
1358 1593 1398 1622 ad
1413 1591 1573 1622 mulierem
1594 1589 1630 1619 in

162 1643 264 1673 medio
287 1652 375 1684 opere
400 1642 466 1680 ejus
491 1651 532 1672 ex
558 1642 712 1680 insperato
735 1638 882 1669 renimus.
929 1638 1015 1667 Nam
1040 1637 1113 1667 talis
1138 1636 1316 1676 inopinatus
1332 1636 1523 1666 interventus
1545 1633 1630 1663 dedit

152 1684 340 1722 facultatem
355 1685 533 1716 aestimandi
552 1683 653 1722 nobis,
674 1691 765 1723 quam
780 1680 1029 1712 consuetudinem
1042 1679 1116 1711 vitoe
1137 1679 1329 1720 quotidianae
1345 1677 1499 1709 habuerit.
1548 1676 1628 1706 Con-

779 1786 994 1798 WN‘
997 1787 1017 1798 ,ο

166 1868 222 1899 hoc
235 1867 326 1899 inter
337 1868 456 1898 lineas.
481 1867 636 1906 Repone,
650 1876 691 1897 ex
707 1866 774 1905 ipsa
789 1866 822 1896 in
838 1866 917 1897 itere
930 1866 996 1904 hoc,
1011 1866 1131 1896 alterae.
1149 1864 1339 1894 Bent.-——33
1357 1862 1409 1893 Ad
1421 1861 1501 1893 istuc
1516 1858 1631 1892 Guelf.

169 1913 292 1942 3.-34
317 1910 428 1941 Pulsat
444 1910 488 1942 G.
511 1909 594 1940 EM.
619 1909 758 1940 Pulsitat
776 1909 850 1940 ET.
872 1910 881 1927 ‘
898 1909 999 1949 Vulg.
1027 1908 1149 1938 Dromo
1161 1906 1368 1947 thatsores,
1387 1905 1501 1945 pravis
1518 1913 1635 1934 nume-

166 1955 211 1984 ris
227 1957 263 1985 et
279 1954 367 1985 male
383 1958 485 1985 acuto
500 1956 558 1990 est,
579 1953 755 1983 occultato
772 1962 851 1983 vero
868 1952 902 1982 in
923 1951 1008 1982 thesi
1025 1952 1070 1989 τῷ
1086 1951 1215 1982 Dromo.
1261 1949 1368 1980 Codd.
1386 1947 1416 1978 A
1434 1951 1469 1978 et
1489 1947 1518 1978 B
1535 1947 1631 1987 pulsi-

166 1999 229 2035 ἰαί,
252 1995 416 2037 egregie-⁹
444 1995 538 2027 Both.
561 1995 618 2035 qni
634 1995 729 2036 legit,
748 1995 882 2035 pulsitat
895 1996 1014 2026 Dromo
1031 1994 1133 2031 fores.
1158 1993 1240 2023 Par.
1256 1993 1460 2032 pulsat.—35
1485 1989 1543 2021 Al.
1560 1999 1633 2029 ape-

166 2040 223 2076 rit,
241 2038 330 2080 quod
349 2038 523 2080 improbat
544 2038 732 2069 Rom—36
757 2038 813 2069 Sic
833 2037 968 2078 quidem
984 2037 1086 2068 libri:
1113 2041 1151 2067 tu
1169 2040 1284 2067 tamen
1307 2043 1451 2074 repone,
1479 2032 1634 2063 Continuo

168 2081 219 2113 hic
242 2092 274 2113 se
297 2082 382 2114 intro
405 2082 542 2120 conjicit.
567 2082 671 2111 Bent.
718 2081 774 2111 Ita
798 2091 933 2122 qnoque
958 2080 1061 2111 Both.
1086 2079 1270 2110 Peri.-38
1294 2077 1392 2108 Bem.
1418 2080 1455 2107 et
1478 2076 1634 2106 nonnulli

169 2124 238 2165 alii,
256 2124 342 2156 Hic.-
364 2125 453 2166 quod
470 2130 504 2155 et
519 2124 626 2164 magis
642 2124 779 2164 placet:
804 2133 882 2154 nam
899 2123 989 2164 quod
1009 2122 1176 2164 sequitur,
1192 2125 1247 2152 aut
1263 2130 1415 2161 nusquam
1429 2119 1504 2150 alibi
1522 2118 1635 2159 requi-

168 2167 226 2211 rit,
251 2167 317 2198 Hic
343 2166 574 2208 praecessisse,
603 2176 669 2197 non
696 2171 809 2197 autem
841 2166 940 2197 Hinc.
973 2167 1032 2197 Fa.
1093 2165 1102 2182 ‘
1120 2165 1177 2196 Sic
1204 2164 1237 2195 in
1260 2164 1346 2195 GM.
1374 2162 1470 2203 apice
1495 2161 1634 2203 quidem

168 2209 251 2241 mihi
267 2209 340 2241 viso
358 2210 435 2241 Hic.
481 2209 536 2241 Al.
554 2208 642 2240 Hic!
666 2209 759 2240 Perl.
803 2209 813 2226 ⁴
832 2210 917 2240 Mss.
941 2209 1092 2250 quidam,
1115 2217 1191 2239 cum
1208 2207 1282 2239 ET.
1300 2206 1380 2238 EM.
1395 2206 1479 2236 haud
1493 2214 1633 2245 usquam.

170 2252 272 2284 Bodl.
286 2253 368 2284 haud
381 2262 541 2292 nusquam.
587 2252 634 2283 Et
649 2251 686 2282 τὸ
701 2252 782 2282 haud
798 2252 831 2282 in
848 2252 915 2282 Ms.
936 2252 1029 2292 Lips.
1046 2250 1106 2282 sed
1123 2250 1275 2282 secunda
1290 2258 1402 2280 manu.
1440 2249 1496 2279 Ita
1513 2253 1548 2279 et
1563 2248 1636 2279 ΕΡ.

170 2295 323 2327 Praestat
340 2296 457 2332 lectio,
468 2304 569 2336 quam
583 2295 750 2325 exhibeo!
767 2294 870 2325 West.
896 2294 906 2311 ‘
920 2295 990 2326 Pro
1004 2298 1058 2326 aut
1070 2303 1231 2334 nusquam,
1243 2292 1333 2333 quod
1346 2301 1431 2322 unns
1444 2296 1577 2322 tantum
1592 2300 1636 2321 ex

169 2338 294 2369 nostris
305 2338 421 2378 habet,
433 2338 499 2370 dno
509 2338 592 2369 haud
602 2347 771 2378 nusquam:
783 2338 890 2368 ceteri
901 2347 1024 2378 magno
1036 2346 1177 2368 numero
1190 2337 1273 2367 haud
1285 2334 1435 2376 usquam!
1448 2335 1550 2365 Bent.
1574 2333 1635 2363 ΒΓ.

171 2380 255 2412 haud
269 2391 408 2422 usquam.
434 2381 504 2412 Sed
514 2385 611 2412 notat
623 2381 747 2411 Bruns.
758 2381 767 2397 ‘
779 2381 835 2412 alii
848 2390 1010 2421 nusquam,
1020 2386 1056 2411 et
1066 2380 1114 2410 sic
1129 2380 1209 2410 olim
1225 2379 1351 2410 lectum
1365 2376 1433 2408 fuit
1449 2377 1482 2408 in
1494 2377 1560 2408 Ms.
1575 2375 1636 2406 secl

172 2432 262 2455 nunc
278 2423 394 2455 deleta
410 2428 463 2455 est
480 2424 588 2464 prima
600 2423 703 2454 litera
716 2423 809 2454 vocis
824 2423 999 2463 nusquam!
1024 2423 1121 2454 Haud
1134 2432 1194 2463 pro
1207 2425 1261 2453 aut
1279 2419 1398 2453 Guelf.
1414 2424 1442 2451 1.
1456 2423 1488 2452 3.
1520 2420 1563 2450 Et
1579 2417 1638 2449 fin.

171 2468 285 2497 2.-4]
301 2469 311 2483 ⁶
323 2467 418 2498 Unus
431 2476 474 2497 ex
488 2467 615 2507 Regiis,
627 2466 774 2497 numeris
786 2466 996 2505 melioribus,
1007 2466 1051 2496 N.
1063 2475 1098 2496 ea
1109 2468 1173 2496 tum
1183 2475 1234 2496 res
1245 2466 1275 2496 d.
1287 2475 1314 2495 e.
1324 2464 1454 2504 copiam.
1472 2464 1637 2495 ceterum

173 2509 256 2541 tolle
271 2508 524 2541 distinctionem
538 2514 616 2550 post
628 2509 757 2549 copiam.
770 2509 871 2541 Bent.
905 2510 915 2527 ‘
931 2509 1012 2540 Par.
1026 2509 1060 2540 in
1074 2518 1179 2550 marg.
1195 2510 1294 2540 locum
1305 2517 1368 2549 pro
1379 2505 1522 2548 coptum?
1543 2506 1636 2537 Perl.

832 2615 864 2647 N
870 2615 976 2648 OTAE

217 2695 260 2724 30
272 2691 394 2724 Alteroe
405 2693 489 2724 Dum
503 2691 629 2732 narrat]
643 2691 745 2730 Ullae‚
759 2691 875 2730 nullae,
930 2700 973 2722 no
990 2700 1116 2731 genere
1128 2689 1218 2732 apud
1229 2689 1400 2732 Antiquos
1414 2689 1447 2721 in
1460 2698 1521 2721 usu
1534 2687 1637 2720 fuisse

174 2744 269 2784 solt»,
292 2747 389 2779 totae,
419 2743 507 2783 aliae,
542 2743 674 2782 alterae,
702 2751 774 2782 pro,
797 2741 877 2779 Ulli,
931 2740 1132 2772 invenimus.

174 2793 270 2834 nulli,
288 2794 362 2834 soli,
379 2794 455 2835 toti,
469 2794 538 2834 alii,
555 2793 667 2833 alteri,
685 2793 718 2824 in
735 2791 878 2823 foemini-
