1966 3302
304 230 390 273 508
796 246 835 274 Ρ.
868 244 1107 274 TEREN'ru
1142 245 1259 275 Arm

306 335 395 378 CH.
427 336 531 379 Non
571 338 725 380 ausim.
787 338 875 379 ΡΥ.
909 337 1036 379 Nihil
1075 339 1155 380 tibi
1189 340 1426 395 quicquam
1462 341 1606 383 credo.
1664 336 1758 383 ΤΗ.

479 406 688 447 Desinas.
1704 412 1762 451 45

306 472 396 515 CH.
429 473 562 515 Nunc
582 487 665 527 ego
686 478 731 515 te
751 474 796 514 in
817 473 899 515 hac
919 488 966 515 re
989 475 1093 516 mihi
1118 489 1197 517 oro
1219 481 1269 517 ut
1287 477 1480 533 adjutrix
1503 479 1605 519 sies.

305 542 402 594 Ego
417 555 487 582 me
508 547 597 584 tuae
619 542 879 583 commendo
902 547 944 584 et
966 544 1191 586 committo
1213 544 1330 586 fidei.

303 608 370 649 Te
390 609 495 651 mihi
514 614 748 664 patronam
773 611 922 664 cupio,
943 611 1110 665 Thais;
1132 616 1174 654 te
1197 613 1386 654 obsecro
1408 628 1417 654 ε

306 675 522 727 Emoriar,
544 679 582 719 si
603 691 689 719 non
711 678 824 720 hanc
846 692 1028 720 uxorem
1051 679 1238 721 duxero.

305 744 397 785 ΤΗ.
427 745 597 787 Tamen
614 745 653 785 si
667 749 804 799 pater.
842 746 931 788 CH.
956 745 1111 797 Quid?
1144 748 1226 789 ah!
1261 749 1393 799 volet,
1408 754 1527 790 certo
1549 749 1674 801 sei03
1705 750 1762 791 50

306 811 433 854 Civis
453 813 587 855 modo
608 814 704 854 haec
727 814 799 855 sit.
858 815 949 855 TH.
982 814 1218 856 Paululum
1247 818 1486 870 opperirier

307 880 357 921 Si
372 880 457 930 vis,
471 880 565 935 jam
585 879 719 921 frater
739 882 838 934 ipse
857 882 927 922 hic
944 882 1083 924 aderit
1104 883 1306 936 virginis:

307 948 543 989 Nutricem
564 949 825 989 arcessitum
846 949 912 1000 iit,
934 963 1033 1003 quae
1054 951 1177 992 illam
1196 951 1306 993 aluit
1325 953 1571 1005 parvolam.

307 1015 362 1057 In
381 1016 686 1068 cognoscendo
707 1020 799 1057 tute
820 1016 919 1071 ipse
942 1017 1103 1067 aderis,
1125 1017 1327 1060 Chaerea.

309 1083 397 1125 CH.
433 1083 521 1137 Ego
540 1095 647 1125 vero
668 1096 838 1125 maneo.
897 1084 988 1125 TH.
1019 1084 1123 1126 Vin’
1144 1085 1324 1137 interea,
1346 1086 1450 1128 dum
1471 1088 1511 1128 is
1533 1088 1667 1135 venit,
1706 1089 1763 1130 55

307 1239 346 1269 ab
360 1238 420 1270 isto
435 1239 547 1278 sentio,
563 1249 600 1270 ne
615 1250 707 1280 quam
722 1241 863 1271 technam
885 1244 916 1272 et
932 1240 1082 1279 fraudem
1098 1241 1213 1279 saciat.
1260 1242 1328 1274 Cu.
1354 1243 1427 1273 Non
1449 1242 1562 1281 ausim,
1578 1241 1702 1273 etiamsi
1715 1250 1766 1271 ve-

308 1281 362 1312 lim
377 1282 521 1324 (propter
525 1282 666 1321 fratrem
683 1283 891 1324 Phaedriam).
937 1284 1007 1315 ΡΥ.
1025 1284 1154 1315 Nullam
1160 1284 1261 1325 fidem
1277 1286 1341 1316 tuis
1356 1285 1450 1316 dictis
1466 1285 1569 1318 habeo.
1614 1285 1682 1316 ΤΗ.
1701 1284 1765 1315 Fac

307 1327 342 1355 ut
357 1325 493 1365 desinas,
506 1325 651 1366 Pythias.
697 1326 766 1357 CH.
794 1326 884 1356 Nunc
906 1326 940 1357 in
966 1330 1062 1366 tuam,
1081 1327 1191 1365 Thais,
1217 1337 1264 1358 me
1290 1330 1328 1359 do
1345 1328 1457 1369 fidem,
1482 1333 1512 1359 et
1539 1328 1572 1358 in
1595 1327 1767 1358 clientelam

308 1370 408 1404 trado,
425 1372 512 1409 teque
528 1369 647 1399 obsecro
672 1372 707 1399 ut
730 1369 764 1399 in
785 1370 925 1400 ducenda
950 1379 1046 1400 uxore
1065 1370 1231 1409 Pamphila
1246 1380 1293 1401 me
1301 1370 1404 1409 juves.
1452 1371 1496 1402 Te
1511 1370 1588 1401 milri
1601 1373 1766 1409 patronam

306 1410 399 1451 eligo,
418 1411 512 1442 Thais
523 1421 535 1448 ;
557 1413 588 1441 te
601 1421 657 1451 per
673 1412 757 1442 Deos
771 1411 905 1442 obtestor
916 1423 926 1442 :
948 1412 1066 1443 moriar
1080 1412 1213 1447 omnino,
1235 1413 1264 1443 si
1279 1423 1340 1444 non
1354 1413 1433 1444 hanc
1447 1413 1481 1444 in
1496 1422 1623 1444 uxorem
1637 1412 1765 1452 accipio.

308 1453 375 1484 ΤΗ.
403 1454 531 1492 Tamen,
547 1453 574 1483 si
585 1457 677 1494 pater
693 1454 837 1486 voluerit.
882 1455 952 1485 CH.
976 1455 1028 1486 Ah
1053 1455 1128 1495 quid
1153 1455 1300 1487 dubitas?
1327 1456 1428 1495 Volet,
1450 1455 1543 1496 probe
1568 1455 1655 1492 scio;
1678 1456 1766 1485 dum-

308 1499 397 1527 modo
412 1496 477 1527 hoec
491 1497 533 1527 sit
547 1496 635 1527 civis.
680 1497 747 1528 ΤΗ.
772 1496 808 1527 Si
831 1498 989 1537 paulisper
1015 1498 1062 1528 vis
1087 1501 1261 1538 expectare,
1289 1508 1361 1528 mox
1385 1498 1451 1538 ipse
1466 1499 1577 1537 frater
1602 1497 1687 1528 illius
1709 1498 1766 1528 huc

308 1539 497 1570 adventurus
513 1542 570 1579 est,
587 1539 717 1570 Choerea
726 1550 738 1575 ,·
754 1540 905 1571 nutricem
922 1539 980 1571 ivit
995 1541 1189 1580 accersitum,
1204 1551 1274 1581 quce
1290 1541 1490 1581 Pamphilam
1500 1541 1664 1582 parvulam
1677 1541 1768 1571 oluit.

310 1581 357 1611 Tu
373 1582 448 1622 ipse,
465 1584 538 1613 dum
554 1583 591 1613 de
608 1582 785 1622 Pamphila»
801 1583 922 1622 origine
945 1583 1133 1623 inquiretur,
1153 1593 1291 1624 prcesens
1316 1584 1470 1615 intereris.
1516 1584 1584 1615 CH.
1611 1584 1680 1623 Ego
1695 1592 1768 1614 vero

309 1625 487 1665 expectabo,
511 1625 585 1656 dum
610 1625 757 1656 Chremes
780 1625 830 1656 hic
854 1625 946 1658 adsit.
990 1626 1059 1657 ΤΗ.
1089 1626 1182 1658 Visne
1201 1627 1331 1667 interea,
1352 1628 1426 1658 dum
1447 1628 1475 1657 is
1497 1626 1554 1658 huc
1568 1626 1663 1667 redit,
1686 1625 1770 1656 domi

909 1731 1150 1744 “MN“

310 1797 348 1828 τὸ
364 1798 504 1837 intelligo
522 1808 642 1839 parum
667 1799 709 1830 ad
737 1799 944 1831 sententiam
969 1799 1095 1831 facere.
1141 1799 1282 1830 Scilicet
1310 1808 1377 1829 non
1402 1797 1711 1836 animadvertebat,
1735 1798 1768 1828 in

311 1851 410 1871 sensu
427 1842 535 1872 latere
555 1842 624 1881 illa,
649 1844 658 1859 ‘
673 1842 707 1873 Si
727 1847 761 1873 te
779 1843 995 1883 quoquejam
1013 1847 1104 1873 amat
1120 1840 1289 1873 Chaerea?
1332 1841 1384 1872 Μ.
1404 1841 1479 1871 Tum
1495 1841 1543 1881 pol
1565 1840 1623 1870 tibi
1645 1840 1684 1871 ab
1709 1840 1769 1871 isto

313 1884 442 1914 Cltaerea
457 1886 624 1915 cavendum
635 1884 788 1923 intelligo.
833 1886 900 1916 Ms.
918 1885 1010 1926 Lips.
1031 1886 1108 1916 Tum
1120 1885 1171 1925 pol
1185 1884 1222 1916 ab
1234 1885 1323 1923 istoc,
1339 1884 1423 1923 hera,
1438 1884 1604 1914 cavendum
1619 1883 1772 1922 intelligo.

312 1927 421 1957 West.
470 1927 547 1958 Tum
565 1928 618 1968 pol
643 1927 702 1957 tibi
726 1928 764 1958 ab
790 1928 866 1969 isto]
894 1928 1051 1968 Plerique
1066 1929 1088 1959 l.
1105 1938 1131 1960 s.
1146 1928 1248 1958 etiam
1266 1927 1396 1967 antiqui
1412 1930 1447 1957 et
1463 1926 1621 1957 Donatus
1636 1925 1674 1956 ab
1694 1926 1771 1956 istoc

310 1969 460 2000 habent:
485 1980 551 2011 quo
566 1969 703 2011 quidem
717 1971 818 2002 modo
835 1971 953 2002 melius
969 1976 1037 2002 stat
1054 1971 1226 2001 senarius:
1252 1974 1311 2001 aut
1336 1969 1529 2009 legendum,
1551 1972 1588 1999 ut
1611 1968 1644 1998 in
1670 1968 1770 1998 Bem·

311 2012 403 2050 bino,
425 2013 592 2044 cavendum
606 2022 681 2044 esse.
705 2014 766 2045 Fa.
808 2015 892 2044 Tres
910 2023 952 2044 ex
977 2013 1100 2044 nostris
1125 2012 1312 2052 veterrimi,
1335 2012 1434 2052 paulo
1463 2011 1593 2050 melius,
1620 2011 1699 2042 Tum
1719 2011 1772 2051 pol

311 2054 348 2084 ab
364 2055 441 2086 istoc
455 2055 524 2095 tibi,
546 2056 632 2095 hera,
653 2057 822 2087 cavendum
836 2057 992 2095 intellego.
1009 2057 1111 2087 Bent.
1150 2056 1207 2087 Ita
1221 2055 1303 2086 dant
1317 2055 1417 2086 Both.
1433 2054 1513 2093 Bip.
1532 2053 1659 2093 Delph.
1677 2053 1771 2085 Perl.

316 2098 446 2128 Choerea
472 2108 533 2138 pro
561 2099 637 2129 hera
664 2097 779 2130 Guelf.
807 2102 922 2129 1.-46
946 2100 1036 2129 Idem
1058 2108 1137 2130 nunc
1159 2108 1213 2138 ego
1239 2098 1307 2130 Ms.
1334 2097 1428 2138 Lips.
1455 2097 1636 2128 West.—4⁷
1659 2095 1773 2136 Hujus

313 2149 431 2171 versus
456 2146 492 2172 et
518 2142 694 2182 sequentis
722 2141 784 2181 [sc.
801 2151 848 2173 vs.
865 2141 934 2181 46.]
958 2141 1112 2173 ordinem
1136 2150 1178 2172 ex
1206 2141 1228 2172 l.
1253 2151 1278 2171 s.
1302 2150 1333 2171 o.
1361 2145 1617 2179 commutamus,
1639 2143 1690 2177 ut,
1714 2139 1772 2180 qui

312 2192 403 2213 nunc
419 2183 510 2223 prior
526 2188 591 2222 est,
615 2184 658 2214 sit
677 2185 855 2224 posterior.
882 2185 940 2216 Fa.
983 2184 1039 2215 Sic
1056 2190 1092 2215 et
1107 2183 1214 2214 nostri
1231 2188 1266 2214 et
1282 2181 1371 2214 Edd.
1390 2186 1472 2213 vett.
1497 2182 1594 2213 Bent.
1641 2181 1709 2212 Hic
1722 2190 1772 2212 vs.

313 2226 422 2257 anteit
446 2226 593 2266 priorem
614 2227 676 2267 [sc.
693 2236 742 2258 vs,
758 2227 827 2267 46.]
855 2227 886 2258 in
905 2227 989 2259 GM.
1008 2228 1066 2259 ΒΓ.
1082 2227 1172 2258 Pan.
1196 2227 1241 2258 al.
1286 2226 1334 2257 At
1359 2226 1418 2256 Fa.
1442 2225 1569 2266 primus
1595 2223 1774 2254 constituit

315 2278 358 2299 ex
386 2269 409 2302 1.
437 2279 464 2300 s.
492 2269 656 2308 ordinem,
679 2279 779 2309 quern
806 2279 894 2300 nunc
919 2270 1091 2300 habemus.
1115 2270 1204 2301 Perl.
1248 2268 1330 2300 Fide
1347 2267 1533 2300 Both—48
1558 2266 1624 2297 Hic
1654 2275 1772 2298 versus

315 2311 456 2351 Guyeto
471 2312 629 2343 insititius
647 2312 794 2350 videtur,
817 2314 873 2344 sed
888 2317 1015 2352 praeter
1031 2313 1208 2344 rationem.
1236 2311 1337 2343 West.
1384 2309 1498 2350 Cupio]
1520 2309 1649 2357 anes
1674 2312 1773 2350 quot-

315 2359 398 2395 quot
413 2359 490 2385 sunt
505 2355 527 2386 l.
544 2364 570 2385 s.
587 2354 673 2395 capio
690 2355 832 2386 habent:
857 2355 958 2396 idque
984 2356 1017 2386 in
1039 2354 1208 2396 aliquibus
1232 2354 1335 2385 etiam
1362 2353 1492 2384 Donati
1519 2352 1613 2382 libris
1640 2355 1715 2383 est:
1739 2351 1773 2382 in

316 2397 483 2437 aliquibus
499 2397 599 2437 cupio.
624 2398 682 2428 Fa.
728 2398 846 2429 Nostri
862 2398 965 2428 etiam
983 2407 1098 2428 omnes
1111 2407 1188 2427 cum
1208 2395 1295 2427 Edd.
1310 2399 1393 2426 vett.
1407 2395 1505 2434 capio.
1530 2395 1634 2426 Bent.
1664 2394 1773 2442 ‘Cupio

316 2440 390 2471 GC.
415 2440 588 2471 Pera—50
617 2440 655 2471 T.
668 2441 697 2471 si
709 2451 740 2481 p.
755 2441 831 2471 velit
846 2440 917 2472 ΕΡ.
946 2440 1046 2472 West.
1093 2440 1274 2480 Distingue
1289 2439 1353 2469 hoc
1368 2437 1468 2469 modo
1482 2448 1490 2469 z
1515 2437 1630 2468 Tamen
1642 2446 1671 2466 ει
1681 2440 1774 2484 pater·

316 2482 402 2523 quid.
441 2483 508 2514 CH.
531 2483 582 2514 ΑΙι
598 2483 690 2522 volet,
712 2486 794 2514 certo
809 2482 881 2515 scio.
905 2484 1008 2514 Bent.
1025 2492 1123 2523 quem
1149 2482 1304 2523 sequitur
1327 2481 1421 2512 Perl.
1445 2484 1481 2511 et
1504 2480 1553 2510 ita
1576 2479 1679 2511 Both.
1708 2479 1773 2510 nisi

316 2524 407 2565 quod
425 2525 484 2556 dat
500 2525 539 2556 Si
551 2528 642 2565 pater
656 2529 758 2556 tamen
773 2526 856 2566 quid.
902 2525 971 2556 Ah.-
993 2526 1088 2565 quid?
1109 2525 1169 2556 ah.-
1192 2524 1295 2556 habet
1311 2523 1371 2555 ΒΓ.
1411 2523 1504 2554 Certe
1520 2521 1638 2553 Guelf.
1655 2523 1773 2552 2.—52

318 2567 385 2598 Hic
399 2567 464 2607 ipse
469 2567 577 2605 frater
594 2568 782 2599 Both.——53
803 2569 938 2599 Parvum
951 2568 1119 2608 Ms.Lips.
1139 2567 1238 2599 W‘est.
1268 2565 1464 2598 Accersitum
1480 2565 1582 2596 Bent.
1598 2564 1723 2604 Delph.
1739 2568 1775 2594 et

318 2610 366 2641 sic
383 2610 442 2641 Br.
458 2611 516 2650 qui
532 2610 592 2641 dat
607 2611 633 2641 it
649 2620 711 2651 pro
726 2610 862 2642 tin—54
886 2611 956 2650 Ipse
968 2611 1018 2641 hic
1032 2610 1137 2641 aderis
1151 2610 1218 2641 Ms.
1237 2609 1331 2650 Lips.
1354 2609 1450 2639 West.
1495 2607 1553 2638 Sic
1568 2607 1629 2638 Br.
1646 2607 1773 2655 Delon.

317 2656 401 2684 ——55
425 2653 517 2684 Visne
532 2653 651 2684 interea
661 2654 735 2684 dum
750 2654 777 2684 is
793 2653 890 2692 venit]
916 2653 970 2684 Ita
981 2653 1083 2694 aliqui
1096 2652 1173 2683 libri
1185 2652 1324 2691 habent,
1337 2651 1440 2693 aliqui
1455 2659 1533 2681 vero
1544 2650 1616 2681 dum
1629 2652 1715 2680 vemt
1730 2658 1774 2679 ts:

319 2705 396 2735 quae
413 2695 557 2726 variatio
571 2693 657 2726 facit
676 2700 713 2726 ut
729 2705 803 2726 eam
827 2696 1010 2726 dictionem
1025 2695 1236 2727 subdititiam
1253 2700 1391 2735 putem:
1417 2702 1458 2724 eo
1480 2692 1590 2732 magis
1606 2691 1694 2732 quod
1711 2700 1775 2721 nec

318 2738 351 2769 in
367 2738 533 2769 Bembino
549 2742 614 2778 est,
629 2738 686 2768 ubi
702 2739 749 2769 ita
762 2738 901 2778 legitur,
923 2738 982 2769 Vin
997 2739 1115 2770 interea
1130 2739 1203 2769 dum
1215 2738 1310 2769 venit.
1326 2738 1388 2768 Fa.
1420 2735 1539 2767 Nostri
1562 2735 1667 2774 Visne,
1684 2734 1773 2775 quod

320 2780 451 2813 mellus.
476 2780 572 2812 Bent.
621 2780 715 2812 Visne
728 2781 787 2812 int.
813 2781 886 2811 dum
909 2781 993 2812 venit
1021 2781 1078 2813 Br.
1109 2781 1211 2812 Bent.
1239 2780 1317 2822 Bip.
1343 2779 1438 2811 Peri.
1455 2783 1489 2810 et
1516 2778 1616 2809 Both.
1634 2776 1691 2818 qui
1715 2775 1774 2806 dat
