<?xml version="1.0" encoding="UTF-8"?>
<!DOCTYPE html PUBLIC "-//W3C//DTD XHTML 1.0 Transitional//EN"
    "http://www.w3.org/TR/xhtml1/DTD/xhtml1-transitional.dtd">
<html xmlns="http://www.w3.org/1999/xhtml" xml:lang="en" lang="en">
 <head>
  <title>
</title>
<meta http-equiv="Content-Type" content="text/html;charset=utf-8" />
  <meta name='ocr-system' content='tesseract 3.04.00' />
  <meta name='ocr-capabilities' content='ocr_page ocr_carea ocr_par ocr_line ocrx_word'/>
</head>
<body>
  <div class='ocr_page' id='page_1' title='image "./pubterentiiafric02tereuoft/pubterentiiafric02tereuoft_0117.png"; bbox 0 0 1966 3302; ppageno 0'>
   <div class='ocr_carea' id='block_1_1' title="bbox 422 213 1578 254">
    <p class='ocr_par' dir='ltr' id='par_1_1' title="bbox 422 213 1578 254">
     <span class='ocr_line' id='line_1_1' title="bbox 422 213 1578 254; baseline 0 -1"><span class='ocrx_word' id='word_1_1' title='bbox 422 223 841 254; x_wconf 73' lang='lat' dir='ltr'><strong><em>HEAU&#39;roN‘mMOR.</em></strong></span> <span class='ocrx_word' id='word_1_2' title='bbox 875 223 984 254; x_wconf 75' lang='lat' dir='ltr'><strong><em>Ac&#39;r.</em></strong></span> <span class='ocrx_word' id='word_1_3' title='bbox 1005 223 1078 253; x_wconf 88' lang='lat'><strong><em>111.</em></strong></span> <span class='ocrx_word' id='word_1_4' title='bbox 1111 224 1180 254; x_wconf 83' lang='lat' dir='ltr'><strong><em>sc.</em></strong></span> <span class='ocrx_word' id='word_1_5' title='bbox 1205 224 1280 253; x_wconf 88' lang='lat'><strong><em>111.</em></strong></span> <span class='ocrx_word' id='word_1_6' title='bbox 1494 213 1578 254; x_wconf 78' lang='lat'>(307</span> 
     </span>
    </p>
   </div>
   <div class='ocr_carea' id='block_1_2' title="bbox 125 315 1579 372">
    <p class='ocr_par' dir='ltr' id='par_1_2' title="bbox 125 315 1579 372">
     <span class='ocr_line' id='line_1_2' title="bbox 125 315 1579 372; baseline 0.001 -16"><span class='ocrx_word' id='word_1_7' title='bbox 125 315 211 356; x_wconf 80' lang='lat' dir='ltr'><strong><em>CH.</em></strong></span> <span class='ocrx_word' id='word_1_8' title='bbox 244 315 365 366; x_wconf 85' lang='lat' dir='ltr'>Quid</span> <span class='ocrx_word' id='word_1_9' title='bbox 386 318 510 358; x_wconf 78' lang='lat' dir='ltr'><strong><em>tum&#39;l</em></strong></span> <span class='ocrx_word' id='word_1_10' title='bbox 572 317 655 359; x_wconf 83' lang='lat' dir='ltr'><strong><em>SY.</em></strong></span> <span class='ocrx_word' id='word_1_11' title='bbox 689 316 757 360; x_wconf 84' lang='lat' dir='ltr'><strong><em>Ea</em></strong></span> <span class='ocrx_word' id='word_1_12' title='bbox 785 321 956 360; x_wconf 85' lang='lat' dir='ltr'><strong><em>mortua</em></strong></span> <span class='ocrx_word' id='word_1_13' title='bbox 989 317 1066 360; x_wconf 78' lang='lat' dir='ltr'><strong><em>’stt</em></strong></span> <span class='ocrx_word' id='word_1_14' title='bbox 1097 316 1273 372; x_wconf 86' lang='lat' dir='ltr'><strong><em>reliquit</em></strong></span> <span class='ocrx_word' id='word_1_15' title='bbox 1302 316 1441 359; x_wconf 84' lang='lat' dir='ltr'><strong><em>filiam</em></strong></span> <span class='ocrx_word' id='word_1_16' title='bbox 1470 318 1579 358; x_wconf 85' lang='lat' dir='ltr'><strong><em>ado—</em></strong></span> 
     </span>
    </p>
   </div>
   <div class='ocr_carea' id='block_1_3' title="bbox 124 383 1580 694">
    <p class='ocr_par' dir='ltr' id='par_1_3' title="bbox 295 383 597 426">
     <span class='ocr_line' id='line_1_3' title="bbox 295 383 597 426; baseline 0.007 -2"><span class='ocrx_word' id='word_1_17' title='bbox 295 383 597 426; x_wconf 83' lang='lat' dir='ltr'><strong><em>lescentulam.</em></strong></span> 
     </span>
    </p>

    <p class='ocr_par' dir='ltr' id='par_1_4' title="bbox 126 449 1580 560">
     <span class='ocr_line' id='line_1_4' title="bbox 126 449 1580 507; baseline 0.003 -17"><span class='ocrx_word' id='word_1_18' title='bbox 126 449 193 491; x_wconf 86' lang='lat' dir='ltr'><strong><em>Ea</em></strong></span> <span class='ocrx_word' id='word_1_19' title='bbox 213 450 366 492; x_wconf 85' lang='lat' dir='ltr'><strong><em>relicta</em></strong></span> <span class='ocrx_word' id='word_1_20' title='bbox 385 451 488 493; x_wconf 86' lang='lat' dir='ltr'><strong><em>huic</em></strong></span> <span class='ocrx_word' id='word_1_21' title='bbox 510 453 744 494; x_wconf 86' lang='lat' dir='ltr'><strong><em>arrhaboni</em></strong></span> <span class='ocrx_word' id='word_1_22' title='bbox 765 456 830 494; x_wconf 85' lang='lat' dir='ltr'><strong><em>est</em></strong></span> <span class='ocrx_word' id='word_1_23' title='bbox 849 466 930 507; x_wconf 87' lang='lat' dir='ltr'><strong><em>pro</em></strong></span> <span class='ocrx_word' id='word_1_24' title='bbox 950 453 1028 494; x_wconf 90' lang='lat' dir='ltr'><strong><em>illo</em></strong></span> <span class='ocrx_word' id='word_1_25' title='bbox 1050 457 1248 506; x_wconf 83' lang='lat' dir='ltr'><strong><em>argento.</em></strong></span> <span class='ocrx_word' id='word_1_26' title='bbox 1309 451 1398 494; x_wconf 86' lang='lat' dir='ltr'><strong><em>CH.</em></strong></span> <span class='ocrx_word' id='word_1_27' title='bbox 1442 452 1580 494; x_wconf 82' lang='lat' dir='ltr'><strong><em>Intel-</em></strong></span> 
     </span>
     <span class='ocr_line' id='line_1_5' title="bbox 296 517 397 560; baseline 0.03 -3"><span class='ocrx_word' id='word_1_28' title='bbox 296 517 326 558; x_wconf 93' lang='lat' dir='ltr'><strong><em>li</em></strong></span> <span class='ocrx_word' id='word_1_29' title='bbox 357 531 397 560; x_wconf 90' lang='grc' dir='ltr'><strong><em>ο.</em></strong></span> 
     </span>
    </p>

    <p class='ocr_par' dir='ltr' id='par_1_5' title="bbox 124 532 1580 694">
     <span class='ocr_line' id='line_1_6' title="bbox 124 532 1580 641; baseline 0.002 -16"><span class='ocrx_word' id='word_1_30' title='bbox 124 584 209 626; x_wconf 84' lang='lat' dir='ltr'><strong><em>SY.</em></strong></span> <span class='ocrx_word' id='word_1_31' title='bbox 243 532 375 627; x_wconf 62' lang='grc' dir='ltr'>Ηειὲο</span> <span class='ocrx_word' id='word_1_32' title='bbox 406 599 558 628; x_wconf 87' lang='lat' dir='ltr'><strong><em>secum</em></strong></span> <span class='ocrx_word' id='word_1_33' title='bbox 587 586 673 629; x_wconf 88' lang='lat' dir='ltr'><strong><em>huc</em></strong></span> <span class='ocrx_word' id='word_1_34' title='bbox 703 587 908 637; x_wconf 82' lang='lat' dir='ltr'><strong><em>adduxit,</em></strong></span> <span class='ocrx_word' id='word_1_35' title='bbox 930 599 1070 641; x_wconf 85' lang='lat' dir='ltr'><strong><em>eaque</em></strong></span> <span class='ocrx_word' id='word_1_36' title='bbox 1092 590 1158 628; x_wconf 88' lang='lat' dir='ltr'><strong><em>est</em></strong></span> <span class='ocrx_word' id='word_1_37' title='bbox 1178 600 1293 628; x_wconf 86' lang='lat' dir='ltr'><strong><em>nunc</em></strong></span> <span class='ocrx_word' id='word_1_38' title='bbox 1317 585 1374 628; x_wconf 86' lang='lat' dir='ltr'><strong><em>ad</em></strong></span> <span class='ocrx_word' id='word_1_39' title='bbox 1396 599 1580 628; x_wconf 82' lang='lat' dir='ltr'><strong><em>uxorem</em></strong></span> 
     </span>
     <span class='ocr_line' id='line_1_7' title="bbox 296 657 432 694; baseline 0 0"><span class='ocrx_word' id='word_1_40' title='bbox 296 657 432 694; x_wconf 83' lang='lat' dir='ltr'><strong><em>tuam.</em></strong></span> 
     </span>
    </p>
   </div>
   <div class='ocr_carea' id='block_1_4' title="bbox 123 719 1579 830">
    <p class='ocr_par' dir='ltr' id='par_1_6' title="bbox 123 719 1579 830">
     <span class='ocr_line' id='line_1_8' title="bbox 123 719 1579 774; baseline 0 -13"><span class='ocrx_word' id='word_1_41' title='bbox 123 719 212 761; x_wconf 84' lang='lat' dir='ltr'><strong><em>CH.</em></strong></span> <span class='ocrx_word' id='word_1_42' title='bbox 243 719 362 771; x_wconf 87' lang='lat' dir='ltr'><strong>Quid</strong></span> <span class='ocrx_word' id='word_1_43' title='bbox 384 722 509 762; x_wconf 77' lang='lat' dir='ltr'><strong><em>tum‘l</em></strong></span> <span class='ocrx_word' id='word_1_44' title='bbox 571 720 654 762; x_wconf 87' lang='lat' dir='ltr'><strong><em>SY.</em></strong></span> <span class='ocrx_word' id='word_1_45' title='bbox 684 720 874 763; x_wconf 86' lang='lat' dir='ltr'>Cliniam</span> <span class='ocrx_word' id='word_1_46' title='bbox 910 725 1033 774; x_wconf 82' lang='lat' dir='ltr'><strong><em>orat3</em></strong></span> <span class='ocrx_word' id='word_1_47' title='bbox 1068 721 1156 762; x_wconf 89' lang='lat' dir='ltr'><strong>sibi</strong></span> <span class='ocrx_word' id='word_1_48' title='bbox 1186 721 1252 762; x_wconf 85' lang='lat' dir='ltr'><strong><em>uti</em></strong></span> <span class='ocrx_word' id='word_1_49' title='bbox 1283 720 1328 762; x_wconf 89' lang='lat' dir='ltr'><strong><em>id</em></strong></span> <span class='ocrx_word' id='word_1_50' title='bbox 1349 733 1466 762; x_wconf 83' lang='lat' dir='ltr'><strong><em>nunc</em></strong></span> <span class='ocrx_word' id='word_1_51' title='bbox 1488 721 1579 771; x_wconf 84' lang='lat' dir='ltr'><strong><em>det,</em></strong></span> 
     </span>
     <span class='ocr_line' id='line_1_9' title="bbox 295 787 673 830; baseline 0.005 -2"><span class='ocrx_word' id='word_1_52' title='bbox 295 787 418 829; x_wconf 84' lang='lat' dir='ltr'><strong><em>illam</em></strong></span> <span class='ocrx_word' id='word_1_53' title='bbox 437 789 504 830; x_wconf 90' lang='lat' dir='ltr'><strong><em>illi</em></strong></span> <span class='ocrx_word' id='word_1_54' title='bbox 525 793 673 830; x_wconf 85' lang='lat' dir='ltr'><strong><em>tamen</em></strong></span> 
     </span>
    </p>
   </div>
   <div class='ocr_carea' id='block_1_5' title="bbox 110 893 1582 1108">
    <p class='ocr_par' dir='ltr' id='par_1_7' title="bbox 110 893 1582 1108">
     <span class='ocr_line' id='line_1_10' title="bbox 113 893 1581 937; baseline 0.002 -13"><span class='ocrx_word' id='word_1_55' title='bbox 113 893 238 932; x_wconf 82' lang='lat' dir='ltr'><strong><em>factum</em></strong></span> <span class='ocrx_word' id='word_1_56' title='bbox 252 893 325 927; x_wconf 82' lang='lat' dir='ltr'><strong><em>est?</em></strong></span> <span class='ocrx_word' id='word_1_57' title='bbox 368 895 431 927; x_wconf 79' lang='lat' dir='ltr'><strong><em>Sv.</em></strong></span> <span class='ocrx_word' id='word_1_58' title='bbox 455 895 536 927; x_wconf 80' lang='lat' dir='ltr'><strong><em>Haec</em></strong></span> <span class='ocrx_word' id='word_1_59' title='bbox 552 897 655 928; x_wconf 77' lang='lat' dir='ltr'><strong><em>vetula</em></strong></span> <span class='ocrx_word' id='word_1_60' title='bbox 670 906 686 927; x_wconf 88' lang='lat' dir='ltr'><strong><em>e</em></strong></span> <span class='ocrx_word' id='word_1_61' title='bbox 701 895 768 927; x_wconf 83' lang='lat' dir='ltr'><strong><em>vita</em></strong></span> <span class='ocrx_word' id='word_1_62' title='bbox 782 896 932 928; x_wconf 79' lang='lat' dir='ltr'><em>decessit:</em></span> <span class='ocrx_word' id='word_1_63' title='bbox 954 895 1080 937; x_wconf 81' lang='lat' dir='ltr'><strong><em>reliquit</em></strong></span> <span class='ocrx_word' id='word_1_64' title='bbox 1085 895 1193 936; x_wconf 85' lang='lat' dir='ltr'><strong><em>filiam</em></strong></span> <span class='ocrx_word' id='word_1_65' title='bbox 1215 895 1483 927; x_wconf 80' lang='lat' dir='ltr'><strong><em>adolescentulam.</em></strong></span> <span class='ocrx_word' id='word_1_66' title='bbox 1531 897 1581 928; x_wconf 86' lang='lat' dir='ltr'><strong><em>Ea</em></strong></span> 
     </span>
     <span class='ocr_line' id='line_1_11' title="bbox 110 937 1580 979; baseline 0.001 -11"><span class='ocrx_word' id='word_1_67' title='bbox 110 937 186 978; x_wconf 84' lang='lat' dir='ltr'><strong><em>filia</em></strong></span> <span class='ocrx_word' id='word_1_68' title='bbox 201 938 275 969; x_wconf 85' lang='lat' dir='ltr'><strong><em>data</em></strong></span> <span class='ocrx_word' id='word_1_69' title='bbox 289 941 335 969; x_wconf 85' lang='lat' dir='ltr'><strong><em>est</em></strong></span> <span class='ocrx_word' id='word_1_70' title='bbox 346 939 475 979; x_wconf 81' lang='lat' dir='ltr'><strong><em>pignori</em></strong></span> <span class='ocrx_word' id='word_1_71' title='bbox 489 939 561 970; x_wconf 85' lang='lat' dir='ltr'><strong><em>huic</em></strong></span> <span class='ocrx_word' id='word_1_72' title='bbox 575 939 741 977; x_wconf 84' lang='lat' dir='ltr'><strong><em>meretrici,</em></strong></span> <span class='ocrx_word' id='word_1_73' title='bbox 754 948 811 978; x_wconf 85' lang='lat' dir='ltr'><strong><em>pro</em></strong></span> <span class='ocrx_word' id='word_1_74' title='bbox 824 949 860 970; x_wconf 84' lang='lat' dir='ltr'><strong><em>ea</em></strong></span> <span class='ocrx_word' id='word_1_75' title='bbox 873 939 1014 979; x_wconf 78' lang='lat' dir='ltr'><strong><em>pecunia,</em></strong></span> <span class='ocrx_word' id='word_1_76' title='bbox 1030 949 1120 979; x_wconf 81' lang='lat' dir='ltr'><strong><em>quam</em></strong></span> <span class='ocrx_word' id='word_1_77' title='bbox 1136 939 1185 969; x_wconf 83' lang='lat' dir='ltr'><strong><em>illi</em></strong></span> <span class='ocrx_word' id='word_1_78' title='bbox 1202 939 1385 969; x_wconf 78' lang='lat' dir='ltr'><strong><em>crediderat.</em></strong></span> <span class='ocrx_word' id='word_1_79' title='bbox 1432 940 1502 970; x_wconf 77' lang='lat' dir='ltr'><strong><em>CH.</em></strong></span> <span class='ocrx_word' id='word_1_80' title='bbox 1525 939 1547 970; x_wconf 92' lang='lat' dir='ltr'><em>I</em></span> <span class='ocrx_word' id='word_1_81' title='bbox 1547 951 1580 970; x_wconf 88' lang='lat' dir='ltr'><strong><em>n-</em></strong></span> 
     </span>
     <span class='ocr_line' id='line_1_12' title="bbox 118 980 1581 1022; baseline 0.002 -12"><span class='ocrx_word' id='word_1_82' title='bbox 118 980 237 1019; x_wconf 85' lang='lat' dir='ltr'><strong><em>telligo.</em></strong></span> <span class='ocrx_word' id='word_1_83' title='bbox 280 981 343 1013; x_wconf 79' lang='lat' dir='ltr'><strong><em>SY.</em></strong></span> <span class='ocrx_word' id='word_1_84' title='bbox 369 982 448 1013; x_wconf 81' lang='lat' dir='ltr'><strong><em>Hoec</em></strong></span> <span class='ocrx_word' id='word_1_85' title='bbox 459 982 609 1013; x_wconf 79' lang='lat' dir='ltr'><strong><em>meretrix</em></strong></span> <span class='ocrx_word' id='word_1_86' title='bbox 623 982 758 1013; x_wconf 82' lang='lat' dir='ltr'><strong><em>adduxit</em></strong></span> <span class='ocrx_word' id='word_1_87' title='bbox 772 991 874 1012; x_wconf 85' lang='lat' dir='ltr'><strong><em>secum</em></strong></span> <span class='ocrx_word' id='word_1_88' title='bbox 890 982 969 1012; x_wconf 82' lang='lat' dir='ltr'><strong><em>hanc</em></strong></span> <span class='ocrx_word' id='word_1_89' title='bbox 983 982 1248 1019; x_wconf 83' lang='lat' dir='ltr'><strong><em>adolescentulam,</em></strong></span> <span class='ocrx_word' id='word_1_90' title='bbox 1263 992 1329 1021; x_wconf 80' lang='lat' dir='ltr'><strong><em>quoe</em></strong></span> <span class='ocrx_word' id='word_1_91' title='bbox 1345 991 1424 1012; x_wconf 82' lang='lat' dir='ltr'><strong><em>nunc</em></strong></span> <span class='ocrx_word' id='word_1_92' title='bbox 1438 985 1483 1012; x_wconf 83' lang='lat' dir='ltr'><strong><em>est</em></strong></span> <span class='ocrx_word' id='word_1_93' title='bbox 1499 984 1581 1022; x_wconf 77' lang='lat' dir='ltr'><strong><em>apud</em></strong></span> 
     </span>
     <span class='ocr_line' id='line_1_13' title="bbox 118 1021 1581 1063; baseline 0.002 -11"><span class='ocrx_word' id='word_1_94' title='bbox 118 1021 293 1054; x_wconf 79' lang='lat' dir='ltr'><strong><em>Sostratam</em></strong></span> <span class='ocrx_word' id='word_1_95' title='bbox 314 1033 439 1055; x_wconf 79' lang='lat' dir='ltr'><strong><em>uxorem</em></strong></span> <span class='ocrx_word' id='word_1_96' title='bbox 463 1028 558 1056; x_wconf 83' lang='lat' dir='ltr'><strong><em>tuam.</em></strong></span> <span class='ocrx_word' id='word_1_97' title='bbox 604 1025 672 1056; x_wconf 78' lang='lat' dir='ltr'><strong><em>CH.</em></strong></span> <span class='ocrx_word' id='word_1_98' title='bbox 698 1025 783 1060; x_wconf 81' lang='lat' dir='ltr'><strong><em>Quid</em></strong></span> <span class='ocrx_word' id='word_1_99' title='bbox 799 1024 871 1055; x_wconf 83' lang='lat' dir='ltr'><strong><em>inde</em></strong></span> <span class='ocrx_word' id='word_1_100' title='bbox 886 1025 1029 1063; x_wconf 75' lang='lat' dir='ltr'><em>colligis?</em></span> <span class='ocrx_word' id='word_1_101' title='bbox 1072 1025 1134 1055; x_wconf 79' lang='lat' dir='ltr'><strong><em>SY.</em></strong></span> <span class='ocrx_word' id='word_1_102' title='bbox 1161 1024 1266 1054; x_wconf 83' lang='lat' dir='ltr'><strong><em>Clinia</em></strong></span> <span class='ocrx_word' id='word_1_103' title='bbox 1281 1027 1349 1055; x_wconf 84' lang='lat' dir='ltr'><strong><em>orat</em></strong></span> <span class='ocrx_word' id='word_1_104' title='bbox 1364 1028 1398 1054; x_wconf 83' lang='lat' dir='ltr'><strong><em>ut</em></strong></span> <span class='ocrx_word' id='word_1_105' title='bbox 1414 1025 1469 1055; x_wconf 84' lang='lat' dir='ltr'><strong><em>illa</em></strong></span> <span class='ocrx_word' id='word_1_106' title='bbox 1485 1035 1581 1055; x_wconf 84' lang='lat' dir='ltr'><strong><em>mere-</em></strong></span> 
     </span>
     <span class='ocr_line' id='line_1_14' title="bbox 114 1065 1582 1108; baseline 0.002 -13"><span class='ocrx_word' id='word_1_107' title='bbox 114 1065 183 1096; x_wconf 79' lang='lat' dir='ltr'><strong><em>trix</em></strong></span> <span class='ocrx_word' id='word_1_108' title='bbox 198 1066 249 1096; x_wconf 83' lang='lat' dir='ltr'><strong><em>det</em></strong></span> <span class='ocrx_word' id='word_1_109' title='bbox 264 1076 343 1098; x_wconf 82' lang='lat' dir='ltr'><strong><em>nunc</em></strong></span> <span class='ocrx_word' id='word_1_110' title='bbox 356 1067 417 1098; x_wconf 86' lang='lat' dir='ltr'><strong><em>sibi</em></strong></span> <span class='ocrx_word' id='word_1_111' title='bbox 431 1067 518 1098; x_wconf 86' lang='lat' dir='ltr'><strong><em>illam</em></strong></span> <span class='ocrx_word' id='word_1_112' title='bbox 530 1067 677 1108; x_wconf 80' lang='lat' dir='ltr'><strong><em>puellam,</em></strong></span> <span class='ocrx_word' id='word_1_113' title='bbox 692 1071 795 1098; x_wconf 84' lang='lat' dir='ltr'><strong><em>tamen</em></strong></span> <span class='ocrx_word' id='word_1_114' title='bbox 810 1067 875 1108; x_wconf 81' lang='lat' dir='ltr'><strong><em>ipse</em></strong></span> <span class='ocrx_word' id='word_1_115' title='bbox 893 1067 998 1099; x_wconf 82' lang='lat' dir='ltr'><strong><em>Clinia</em></strong></span> <span class='ocrx_word' id='word_1_116' title='bbox 1012 1069 1143 1108; x_wconf 77' lang='lat' dir='ltr'><em>spondet</em></span> <span class='ocrx_word' id='word_1_117' title='bbox 1156 1077 1188 1098; x_wconf 85' lang='lat' dir='ltr'><strong><em>se</em></strong></span> <span class='ocrx_word' id='word_1_118' title='bbox 1203 1067 1350 1098; x_wconf 78' lang='lat' dir='ltr'><strong><em>daturum</em></strong></span> <span class='ocrx_word' id='word_1_119' title='bbox 1363 1067 1412 1098; x_wconf 81' lang='lat' dir='ltr'><strong><em>illi</em></strong></span> <span class='ocrx_word' id='word_1_120' title='bbox 1425 1067 1582 1098; x_wconf 72' lang='lat' dir='ltr'><em>Bacchidi</em></span> 
     </span>
    </p>
   </div>
   <div class='ocr_carea' id='block_1_6' title="bbox 733 1157 969 1170">
    <p class='ocr_par' dir='ltr' id='par_1_8' title="bbox 733 1157 969 1170">
     <span class='ocr_line' id='line_1_15' title="bbox 733 1157 969 1170; baseline 0.004 -1"><span class='ocrx_word' id='word_1_121' title='bbox 733 1157 829 1170; x_wconf 58' lang='lat' dir='ltr'><strong><em>OOON</em></strong></span> <span class='ocrx_word' id='word_1_122' title='bbox 834 1158 948 1170; x_wconf 56' lang='lat' dir='ltr'><strong><em>ecee-eo</em></strong></span> <span class='ocrx_word' id='word_1_123' title='bbox 953 1158 969 1170; x_wconf 61' lang='lat' dir='ltr'><em>e</em></span> 
     </span>
    </p>
   </div>
   <div class='ocr_carea' id='block_1_7' title="bbox 115 1219 1584 2204">
    <p class='ocr_par' dir='ltr' id='par_1_9' title="bbox 115 1219 1584 2204">
     <span class='ocr_line' id='line_1_16' title="bbox 120 1219 1582 1264; baseline 0.002 -12"><span class='ocrx_word' id='word_1_124' title='bbox 120 1219 176 1252; x_wconf 89' lang='lat' dir='ltr'><strong><em>Ad</em></strong></span> <span class='ocrx_word' id='word_1_125' title='bbox 193 1220 311 1261; x_wconf 82' lang='lat' dir='ltr'><strong><em>verba,</em></strong></span> <span class='ocrx_word' id='word_1_126' title='bbox 334 1222 433 1254; x_wconf 85' lang='lat' dir='ltr'><strong><em>Immo</em></strong></span> <span class='ocrx_word' id='word_1_127' title='bbox 454 1223 483 1254; x_wconf 81' lang='lat' dir='ltr'><strong><em>si</em></strong></span> <span class='ocrx_word' id='word_1_128' title='bbox 504 1223 584 1255; x_wconf 84' lang='lat' dir='ltr'><strong><em>scias</em></strong></span> <span class='ocrx_word' id='word_1_129' title='bbox 606 1223 639 1254; x_wconf 90' lang='lat' dir='ltr'><strong><em>in</em></strong></span> <span class='ocrx_word' id='word_1_130' title='bbox 656 1223 717 1254; x_wconf 68' lang='grc' dir='ltr'><strong><em>ΒΓ.</em></strong></span> <span class='ocrx_word' id='word_1_131' title='bbox 734 1227 831 1255; x_wconf 90' lang='lat' dir='ltr'><strong><em>notat</em></strong></span> <span class='ocrx_word' id='word_1_132' title='bbox 848 1223 974 1261; x_wconf 84' lang='lat' dir='ltr'><strong><em>Bruns,</em></strong></span> <span class='ocrx_word' id='word_1_133' title='bbox 999 1223 1008 1240; x_wconf 91' lang='lat'>‘</span> <span class='ocrx_word' id='word_1_134' title='bbox 1027 1223 1135 1255; x_wconf 86' lang='lat' dir='ltr'>addit.</span> <span class='ocrx_word' id='word_1_135' title='bbox 1151 1232 1251 1264; x_wconf 86' lang='lat' dir='ltr'><strong><em>supra</em></strong></span> <span class='ocrx_word' id='word_1_136' title='bbox 1267 1223 1389 1255; x_wconf 81' lang='lat' dir='ltr'><strong><em>lineam</em></strong></span> <span class='ocrx_word' id='word_1_137' title='bbox 1405 1222 1481 1255; x_wconf 59' lang='lat' dir='ltr'><strong><em>hoc?</em></strong></span> <span class='ocrx_word' id='word_1_138' title='bbox 1503 1224 1582 1264; x_wconf 88' lang='lat' dir='ltr'><strong><em>Bip.</em></strong></span> 
     </span>
     <span class='ocr_line' id='line_1_17' title="bbox 121 1264 1581 1307; baseline 0.003 -13"><span class='ocrx_word' id='word_1_139' title='bbox 121 1264 232 1304; x_wconf 89' lang='lat' dir='ltr'><strong><em>Immo,</em></strong></span> <span class='ocrx_word' id='word_1_140' title='bbox 252 1266 280 1296; x_wconf 78' lang='lat' dir='ltr'><strong><em>si</em></strong></span> <span class='ocrx_word' id='word_1_141' title='bbox 295 1265 385 1297; x_wconf 81' lang='lat' dir='ltr'><strong><em>scias.</em></strong></span> <span class='ocrx_word' id='word_1_142' title='bbox 437 1265 530 1298; x_wconf 81' lang='lat' dir='ltr'><strong><em>Vah!</em></strong></span> <span class='ocrx_word' id='word_1_143' title='bbox 554 1268 633 1307; x_wconf 82' lang='lat' dir='ltr'><strong><em>quod</em></strong></span> <span class='ocrx_word' id='word_1_144' title='bbox 648 1266 914 1306; x_wconf 70' lang='lat' dir='ltr'><strong><em>inceptatf.—40</em></strong></span> <span class='ocrx_word' id='word_1_145' title='bbox 937 1266 1042 1297; x_wconf 85' lang='lat' dir='ltr'><strong><em>Both.</em></strong></span> <span class='ocrx_word' id='word_1_146' title='bbox 1068 1266 1157 1303; x_wconf 89' lang='lat' dir='ltr'><strong><em>Hic;</em></strong></span> <span class='ocrx_word' id='word_1_147' title='bbox 1178 1267 1206 1297; x_wconf 89' lang='lat' dir='ltr'><strong><em>ei</em></strong></span> <span class='ocrx_word' id='word_1_148' title='bbox 1232 1267 1262 1297; x_wconf 89' lang='lat' dir='ltr'><strong><em>d.</em></strong></span> <span class='ocrx_word' id='word_1_149' title='bbox 1287 1267 1318 1298; x_wconf 79' lang='lat' dir='ltr'><strong><em>h.</em></strong></span> <span class='ocrx_word' id='word_1_150' title='bbox 1346 1278 1376 1298; x_wconf 86' lang='lat' dir='ltr'><strong><em>a.</em></strong></span> <span class='ocrx_word' id='word_1_151' title='bbox 1400 1268 1458 1298; x_wconf 86' lang='lat' dir='ltr'><strong><em>Fa.</em></strong></span> <span class='ocrx_word' id='word_1_152' title='bbox 1503 1267 1581 1307; x_wconf 88' lang='lat' dir='ltr'><strong><em>Bip.</em></strong></span> 
     </span>
     <span class='ocr_line' id='line_1_18' title="bbox 118 1307 1582 1350; baseline 0.002 -13"><span class='ocrx_word' id='word_1_153' title='bbox 118 1307 185 1337; x_wconf 79' lang='lat' dir='ltr'><strong><em>haec</em></strong></span> <span class='ocrx_word' id='word_1_154' title='bbox 210 1307 346 1347; x_wconf 79' lang='lat' dir='ltr'><strong><em>argenti.</em></strong></span> <span class='ocrx_word' id='word_1_155' title='bbox 391 1308 475 1348; x_wconf 85' lang='lat' dir='ltr'><strong><em>Arg.</em></strong></span> <span class='ocrx_word' id='word_1_156' title='bbox 503 1310 569 1340; x_wconf 79' lang='lat' dir='ltr'><strong><em>hoec</em></strong></span> <span class='ocrx_word' id='word_1_157' title='bbox 597 1310 744 1341; x_wconf 86' lang='lat' dir='ltr'><strong><em>universi</em></strong></span> <span class='ocrx_word' id='word_1_158' title='bbox 771 1310 874 1341; x_wconf 88' lang='lat' dir='ltr'><strong><em>Bent.</em></strong></span> <span class='ocrx_word' id='word_1_159' title='bbox 918 1310 927 1326; x_wconf 87' lang='lat'>‘</span> <span class='ocrx_word' id='word_1_160' title='bbox 945 1309 1031 1340; x_wconf 88' lang='lat' dir='ltr'><strong><em>Mss.</em></strong></span> <span class='ocrx_word' id='word_1_161' title='bbox 1058 1310 1206 1350; x_wconf 89' lang='lat' dir='ltr'><strong><em>quidam,</em></strong></span> <span class='ocrx_word' id='word_1_162' title='bbox 1230 1313 1348 1341; x_wconf 87' lang='lat' dir='ltr'><strong><em>mutuo.</em></strong></span> <span class='ocrx_word' id='word_1_163' title='bbox 1393 1310 1582 1349; x_wconf 73' lang='lat' dir='ltr'><strong><em>Vulgatum</em></strong></span> 
     </span>
     <span class='ocr_line' id='line_1_19' title="bbox 121 1348 1581 1392; baseline 0.002 -12"><span class='ocrx_word' id='word_1_164' title='bbox 121 1348 276 1381; x_wconf 74' lang='lat' dir='ltr'><strong><em>defendit</em></strong></span> <span class='ocrx_word' id='word_1_165' title='bbox 289 1350 323 1383; x_wconf 89' lang='lat' dir='ltr'><strong><em>J.</em></strong></span> <span class='ocrx_word' id='word_1_166' title='bbox 341 1351 380 1382; x_wconf 88' lang='lat' dir='ltr'><strong><em>F.</em></strong></span> <span class='ocrx_word' id='word_1_167' title='bbox 397 1351 663 1391; x_wconf 87' lang='lat' dir='ltr'><strong><em>Gronovius‚de</em></strong></span> <span class='ocrx_word' id='word_1_168' title='bbox 689 1352 868 1383; x_wconf 85' lang='lat' dir='ltr'><strong><em>Sestertiis</em></strong></span> <span class='ocrx_word' id='word_1_169' title='bbox 893 1360 951 1383; x_wconf 79' lang='grc' dir='ltr'><strong>ιιι.</strong></span> <span class='ocrx_word' id='word_1_170' title='bbox 982 1355 1009 1383; x_wconf 88' lang='lat' dir='ltr'><strong><em>l.</em></strong></span> <span class='ocrx_word' id='word_1_171' title='bbox 1038 1352 1167 1392; x_wconf 84' lang='lat' dir='ltr'><strong><em>legens,</em></strong></span> <span class='ocrx_word' id='word_1_172' title='bbox 1193 1352 1289 1383; x_wconf 81' lang='lat' dir='ltr'><strong><em>dedit.</em></strong></span> <span class='ocrx_word' id='word_1_173' title='bbox 1312 1353 1422 1384; x_wconf 81' lang='lat' dir='ltr'><strong><em>West.</em></strong></span> <span class='ocrx_word' id='word_1_174' title='bbox 1466 1353 1581 1383; x_wconf 75' lang='lat' dir='ltr'><strong><em>Mutuo</em></strong></span> 
     </span>
     <span class='ocr_line' id='line_1_20' title="bbox 120 1391 1580 1437; baseline 0.002 -14"><span class='ocrx_word' id='word_1_175' title='bbox 120 1391 237 1424; x_wconf 90' lang='lat' dir='ltr'><strong><em>Guelf.</em></strong></span> <span class='ocrx_word' id='word_1_176' title='bbox 266 1396 300 1425; x_wconf 87' lang='grc'><strong><em>2.</em></strong></span> <span class='ocrx_word' id='word_1_177' title='bbox 329 1396 445 1426; x_wconf 77' lang='grc'><strong>3.-41</strong></span> <span class='ocrx_word' id='word_1_178' title='bbox 472 1395 522 1425; x_wconf 86' lang='grc' dir='ltr'><strong><em>Μ.</em></strong></span> <span class='ocrx_word' id='word_1_179' title='bbox 548 1399 582 1426; x_wconf 84' lang='lat' dir='ltr'><strong><em>et</em></strong></span> <span class='ocrx_word' id='word_1_180' title='bbox 606 1394 729 1426; x_wconf 81' lang='lat' dir='ltr'><strong><em>ssoend.</em></strong></span> <span class='ocrx_word' id='word_1_181' title='bbox 754 1404 828 1426; x_wconf 88' lang='lat' dir='ltr'><strong><em>cum</em></strong></span> <span class='ocrx_word' id='word_1_182' title='bbox 854 1394 928 1426; x_wconf 89' lang='lat' dir='ltr'><strong><em>EA.</em></strong></span> <span class='ocrx_word' id='word_1_183' title='bbox 954 1395 1084 1435; x_wconf 77' lang='lat' dir='ltr'><strong><em>reliquit</em></strong></span> <span class='ocrx_word' id='word_1_184' title='bbox 1109 1395 1139 1426; x_wconf 85' lang='lat' dir='ltr'><strong><em>ez&#39;</em></strong></span> <span class='ocrx_word' id='word_1_185' title='bbox 1154 1395 1272 1437; x_wconf 84' lang='lat' dir='ltr'><strong><em>filiam.</em></strong></span> <span class='ocrx_word' id='word_1_186' title='bbox 1296 1396 1405 1426; x_wconf 87' lang='lat' dir='ltr'><strong><em>West.</em></strong></span> <span class='ocrx_word' id='word_1_187' title='bbox 1451 1395 1580 1436; x_wconf 83' lang='lat' dir='ltr'><strong><em>Script.</em></strong></span> 
     </span>
     <span class='ocr_line' id='line_1_21' title="bbox 120 1435 1582 1478; baseline 0.002 -12"><span class='ocrx_word' id='word_1_188' title='bbox 120 1435 277 1475; x_wconf 79' lang='lat' dir='ltr'><strong><em>reliquid‚·</em></strong></span> <span class='ocrx_word' id='word_1_189' title='bbox 300 1446 339 1468; x_wconf 88' lang='lat' dir='ltr'><strong><em>ac</em></strong></span> <span class='ocrx_word' id='word_1_190' title='bbox 355 1446 447 1476; x_wconf 80' lang='lat' dir='ltr'><strong><em>sa²pe</em></strong></span> <span class='ocrx_word' id='word_1_191' title='bbox 464 1438 511 1468; x_wconf 90' lang='lat' dir='ltr'><strong><em>ita</em></strong></span> <span class='ocrx_word' id='word_1_192' title='bbox 537 1437 654 1469; x_wconf 90' lang='lat' dir='ltr'><strong><em>Guelf.</em></strong></span> <span class='ocrx_word' id='word_1_193' title='bbox 680 1440 798 1469; x_wconf 80' lang='grc'><strong>2.-43</strong></span> <span class='ocrx_word' id='word_1_194' title='bbox 823 1436 909 1469; x_wconf 88' lang='lat' dir='ltr'><strong><em>Alii:</em></strong></span> <span class='ocrx_word' id='word_1_195' title='bbox 934 1447 970 1469; x_wconf 88' lang='lat' dir='ltr'><strong><em>ea</em></strong></span> <span class='ocrx_word' id='word_1_196' title='bbox 992 1448 1071 1478; x_wconf 83' lang='lat' dir='ltr'><strong><em>quoe.</em></strong></span> <span class='ocrx_word' id='word_1_197' title='bbox 1097 1439 1202 1470; x_wconf 89' lang='lat' dir='ltr'><strong><em>West.</em></strong></span> <span class='ocrx_word' id='word_1_198' title='bbox 1247 1439 1256 1455; x_wconf 80' lang='lat'><em>⁴</em></span> <span class='ocrx_word' id='word_1_199' title='bbox 1274 1439 1325 1470; x_wconf 83' lang='lat' dir='ltr'><strong><em>Ea</em></strong></span> <span class='ocrx_word' id='word_1_200' title='bbox 1339 1448 1407 1478; x_wconf 84' lang='lat' dir='ltr'><strong><em>quoe</em></strong></span> <span class='ocrx_word' id='word_1_201' title='bbox 1432 1442 1478 1469; x_wconf 87' lang='lat' dir='ltr'><strong><em>est</em></strong></span> <span class='ocrx_word' id='word_1_202' title='bbox 1503 1449 1582 1470; x_wconf 79' lang='lat' dir='ltr'><strong><em>nnnc</em></strong></span> 
     </span>
     <span class='ocr_line' id='line_1_22' title="bbox 118 1479 1581 1522; baseline 0.002 -14"><span class='ocrx_word' id='word_1_203' title='bbox 118 1479 158 1508; x_wconf 85' lang='lat' dir='ltr'><strong><em>ad</em></strong></span> <span class='ocrx_word' id='word_1_204' title='bbox 172 1488 228 1509; x_wconf 80' lang='lat' dir='ltr'><strong><em>ux.</em></strong></span> <span class='ocrx_word' id='word_1_205' title='bbox 244 1481 339 1510; x_wconf 85' lang='lat' dir='ltr'><strong><em>tuam.</em></strong></span> <span class='ocrx_word' id='word_1_206' title='bbox 385 1480 481 1512; x_wconf 82' lang='lat' dir='ltr'><strong><em>Bem.</em></strong></span> <span class='ocrx_word' id='word_1_207' title='bbox 500 1481 556 1511; x_wconf 90' lang='lat' dir='ltr'><strong><em>Vi.</em></strong></span> <span class='ocrx_word' id='word_1_208' title='bbox 577 1486 612 1512; x_wconf 88' lang='lat' dir='ltr'><strong><em>et</em></strong></span> <span class='ocrx_word' id='word_1_209' title='bbox 628 1481 850 1519; x_wconf 86' lang='lat' dir='ltr'><strong><em>Decurtatus,</em></strong></span> <span class='ocrx_word' id='word_1_210' title='bbox 872 1481 954 1520; x_wconf 82' lang='lat' dir='ltr'><strong><em>apud</em></strong></span> <span class='ocrx_word' id='word_1_211' title='bbox 975 1490 1114 1511; x_wconf 75' lang='lat' dir='ltr'><strong><em>uxorem.</em></strong></span> <span class='ocrx_word' id='word_1_212' title='bbox 1160 1481 1240 1512; x_wconf 87' lang='lat' dir='ltr'><strong><em>Bas.</em></strong></span> <span class='ocrx_word' id='word_1_213' title='bbox 1269 1486 1304 1512; x_wconf 88' lang='lat' dir='ltr'><strong><em>et</em></strong></span> <span class='ocrx_word' id='word_1_214' title='bbox 1331 1482 1387 1512; x_wconf 91' lang='lat' dir='ltr'><strong><em>alii</em></strong></span> <span class='ocrx_word' id='word_1_215' title='bbox 1414 1482 1465 1517; x_wconf 85' lang='lat' dir='ltr'><strong><em>ad,</em></strong></span> <span class='ocrx_word' id='word_1_216' title='bbox 1489 1481 1581 1522; x_wconf 84' lang='lat' dir='ltr'><strong><em>quod</em></strong></span> 
     </span>
     <span class='ocr_line' id='line_1_23' title="bbox 119 1521 1581 1564; baseline 0.003 -14"><span class='ocrx_word' id='word_1_217' title='bbox 119 1521 223 1561; x_wconf 85' lang='lat' dir='ltr'><strong><em>magis</em></strong></span> <span class='ocrx_word' id='word_1_218' title='bbox 242 1521 377 1561; x_wconf 63' lang='lat' dir='ltr'><strong><em>placet!</em></strong></span> <span class='ocrx_word' id='word_1_219' title='bbox 399 1523 459 1555; x_wconf 88' lang='lat' dir='ltr'><strong><em>Fa.</em></strong></span> <span class='ocrx_word' id='word_1_220' title='bbox 504 1528 513 1542; x_wconf 86' lang='lat'><em>‘</em></span> <span class='ocrx_word' id='word_1_221' title='bbox 531 1524 654 1554; x_wconf 87' lang='lat' dir='ltr'><strong><em>Plures</em></strong></span> <span class='ocrx_word' id='word_1_222' title='bbox 671 1533 713 1554; x_wconf 88' lang='lat' dir='ltr'><strong><em>ex</em></strong></span> <span class='ocrx_word' id='word_1_223' title='bbox 731 1524 855 1554; x_wconf 82' lang='lat' dir='ltr'><strong><em>nostris</em></strong></span> <span class='ocrx_word' id='word_1_224' title='bbox 870 1525 928 1554; x_wconf 82' lang='lat' dir='ltr'><strong><em>ad:</em></strong></span> <span class='ocrx_word' id='word_1_225' title='bbox 953 1523 1012 1553; x_wconf 87' lang='lat' dir='ltr'><strong><em>sed</em></strong></span> <span class='ocrx_word' id='word_1_226' title='bbox 1032 1524 1142 1562; x_wconf 86' lang='lat' dir='ltr'><strong><em>placet</em></strong></span> <span class='ocrx_word' id='word_1_227' title='bbox 1157 1525 1249 1563; x_wconf 80' lang='lat' dir='ltr'><strong><em>apud.</em></strong></span> <span class='ocrx_word' id='word_1_228' title='bbox 1297 1524 1342 1554; x_wconf 90' lang='lat' dir='ltr'><strong><em>Et</em></strong></span> <span class='ocrx_word' id='word_1_229' title='bbox 1368 1523 1490 1555; x_wconf 88' lang='lat' dir='ltr'><strong><em>deinde</em></strong></span> <span class='ocrx_word' id='word_1_230' title='bbox 1520 1534 1581 1564; x_wconf 86' lang='lat' dir='ltr'><strong><em>pro</em></strong></span> 
     </span>
     <span class='ocr_line' id='line_1_24' title="bbox 119 1565 1582 1607; baseline 0.002 -13"><span class='ocrx_word' id='word_1_231' title='bbox 119 1572 154 1594; x_wconf 90' lang='lat' dir='ltr'><strong><em>ea</em></strong></span> <span class='ocrx_word' id='word_1_232' title='bbox 171 1573 239 1603; x_wconf 82' lang='lat' dir='ltr'><strong><em>quoe</em></strong></span> <span class='ocrx_word' id='word_1_233' title='bbox 253 1567 313 1603; x_wconf 91' lang='lat' dir='ltr'><strong><em>est,</em></strong></span> <span class='ocrx_word' id='word_1_234' title='bbox 328 1574 467 1605; x_wconf 86' lang='lat' dir='ltr'><strong><em>repone,</em></strong></span> <span class='ocrx_word' id='word_1_235' title='bbox 490 1575 557 1597; x_wconf 88' lang='lat' dir='ltr'><strong><em>eam</em></strong></span> <span class='ocrx_word' id='word_1_236' title='bbox 571 1576 639 1607; x_wconf 84' lang='lat' dir='ltr'><strong><em>quae</em></strong></span> <span class='ocrx_word' id='word_1_237' title='bbox 654 1565 725 1597; x_wconf 61' lang='lat' dir='ltr'><strong><em>est?</em></strong></span> <span class='ocrx_word' id='word_1_238' title='bbox 750 1566 854 1597; x_wconf 90' lang='lat' dir='ltr'><strong><em>Bent.</em></strong></span> <span class='ocrx_word' id='word_1_239' title='bbox 901 1566 956 1597; x_wconf 86' lang='lat' dir='ltr'><strong><em>Ita</em></strong></span> <span class='ocrx_word' id='word_1_240' title='bbox 973 1570 1009 1596; x_wconf 90' lang='lat' dir='ltr'><strong><em>et</em></strong></span> <span class='ocrx_word' id='word_1_241' title='bbox 1025 1566 1180 1597; x_wconf 86' lang='lat' dir='ltr'><strong><em>Bothius.</em></strong></span> <span class='ocrx_word' id='word_1_242' title='bbox 1206 1566 1299 1597; x_wconf 83' lang='lat' dir='ltr'><strong><em>Perl.</em></strong></span> <span class='ocrx_word' id='word_1_243' title='bbox 1323 1576 1359 1597; x_wconf 88' lang='lat' dir='ltr'><strong><em>ea</em></strong></span> <span class='ocrx_word' id='word_1_244' title='bbox 1372 1577 1440 1606; x_wconf 84' lang='lat' dir='ltr'><strong><em>quoe</em></strong></span> <span class='ocrx_word' id='word_1_245' title='bbox 1455 1577 1481 1598; x_wconf 92' lang='lat' dir='ltr'><strong><em>e.</em></strong></span> <span class='ocrx_word' id='word_1_246' title='bbox 1495 1577 1526 1598; x_wconf 89' lang='lat' dir='ltr'><strong><em>n.</em></strong></span> <span class='ocrx_word' id='word_1_247' title='bbox 1541 1568 1582 1597; x_wconf 86' lang='lat' dir='ltr'><strong><em>ad</em></strong></span> 
     </span>
     <span class='ocr_line' id='line_1_25' title="bbox 118 1606 1582 1649; baseline 0.003 -13"><span class='ocrx_word' id='word_1_248' title='bbox 118 1615 151 1636; x_wconf 81' lang='lat' dir='ltr'><strong><em>u.</em></strong></span> <span class='ocrx_word' id='word_1_249' title='bbox 175 1606 214 1637; x_wconf 90' lang='lat' dir='ltr'><strong><em>Z.</em></strong></span> <span class='ocrx_word' id='word_1_250' title='bbox 236 1616 272 1637; x_wconf 84' lang='lat' dir='ltr'><strong><em>ea</em></strong></span> <span class='ocrx_word' id='word_1_251' title='bbox 295 1617 364 1647; x_wconf 81' lang='lat' dir='ltr'><strong><em>quoe</em></strong></span> <span class='ocrx_word' id='word_1_252' title='bbox 391 1617 417 1639; x_wconf 88' lang='lat' dir='ltr'><strong><em>e.</em></strong></span> <span class='ocrx_word' id='word_1_253' title='bbox 442 1618 473 1639; x_wconf 83' lang='lat' dir='ltr'><strong><em>n·</em></strong></span> <span class='ocrx_word' id='word_1_254' title='bbox 498 1611 581 1649; x_wconf 83' lang='lat' dir='ltr'><strong><em>apud</em></strong></span> <span class='ocrx_word' id='word_1_255' title='bbox 605 1611 724 1640; x_wconf 77' lang='grc' dir='ltr'>ιι.-44</span> <span class='ocrx_word' id='word_1_256' title='bbox 748 1609 835 1639; x_wconf 91' lang='lat' dir='ltr'><strong><em>Mss.</em></strong></span> <span class='ocrx_word' id='word_1_257' title='bbox 858 1608 1013 1649; x_wconf 84' lang='lat' dir='ltr'><strong><em>quidam:</em></strong></span> <span class='ocrx_word' id='word_1_258' title='bbox 1041 1609 1146 1639; x_wconf 78' lang='lat' dir='ltr'><strong><em>Clinia</em></strong></span> <span class='ocrx_word' id='word_1_259' title='bbox 1175 1612 1255 1649; x_wconf 86' lang='lat' dir='ltr'><strong><em>orat,</em></strong></span> <span class='ocrx_word' id='word_1_260' title='bbox 1280 1609 1339 1640; x_wconf 81' lang='lat' dir='ltr'><strong><em>sibi</em></strong></span> <span class='ocrx_word' id='word_1_261' title='bbox 1362 1613 1396 1640; x_wconf 84' lang='lat' dir='ltr'><strong><em>ut</em></strong></span> <span class='ocrx_word' id='word_1_262' title='bbox 1424 1619 1503 1640; x_wconf 82' lang='lat' dir='ltr'><strong><em>nunc</em></strong></span> <span class='ocrx_word' id='word_1_263' title='bbox 1529 1611 1582 1640; x_wconf 83' lang='lat' dir='ltr'><strong><em>det</em></strong></span> 
     </span>
     <span class='ocr_line' id='line_1_26' title="bbox 119 1648 1581 1692; baseline 0.003 -14"><span class='ocrx_word' id='word_1_264' title='bbox 119 1648 176 1678; x_wconf 85' lang='lat' dir='ltr'><strong><em>Tr.</em></strong></span> <span class='ocrx_word' id='word_1_265' title='bbox 198 1649 247 1680; x_wconf 83' lang='lat' dir='ltr'><strong><em>illi</em></strong></span> <span class='ocrx_word' id='word_1_266' title='bbox 262 1651 364 1681; x_wconf 83' lang='lat' dir='ltr'><strong><em>tamen</em></strong></span> <span class='ocrx_word' id='word_1_267' title='bbox 382 1651 456 1681; x_wconf 83' lang='lat' dir='ltr'><strong><em>Post</em></strong></span> <span class='ocrx_word' id='word_1_268' title='bbox 471 1652 612 1683; x_wconf 80' lang='lat' dir='ltr'><strong><em>daturus.</em></strong></span> <span class='ocrx_word' id='word_1_269' title='bbox 658 1652 812 1691; x_wconf 87' lang='lat' dir='ltr'><strong><em>Longum</em></strong></span> <span class='ocrx_word' id='word_1_270' title='bbox 836 1656 903 1689; x_wconf 86' lang='lat' dir='ltr'><strong><em>est,</em></strong></span> <span class='ocrx_word' id='word_1_271' title='bbox 931 1651 1041 1682; x_wconf 81' lang='lat' dir='ltr'><strong><em>varias</em></strong></span> <span class='ocrx_word' id='word_1_272' title='bbox 1068 1652 1238 1682; x_wconf 88' lang='lat' dir='ltr'><strong><em>variorum</em></strong></span> <span class='ocrx_word' id='word_1_273' title='bbox 1277 1652 1581 1692; x_wconf 76' lang='lat' dir='ltr'><strong><em>interpretationes</em></strong></span> 
     </span>
     <span class='ocr_line' id='line_1_27' title="bbox 120 1691 1582 1735; baseline 0.004 -15"><span class='ocrx_word' id='word_1_274' title='bbox 120 1691 331 1723; x_wconf 83' lang='lat' dir='ltr'><strong><em>vexatissimi</em></strong></span> <span class='ocrx_word' id='word_1_275' title='bbox 354 1693 454 1734; x_wconf 87' lang='lat' dir='ltr'><strong><em>hujus</em></strong></span> <span class='ocrx_word' id='word_1_276' title='bbox 479 1694 544 1725; x_wconf 86' lang='lat' dir='ltr'><strong><em>loci</em></strong></span> <span class='ocrx_word' id='word_1_277' title='bbox 570 1693 713 1726; x_wconf 88' lang='lat' dir='ltr'><strong><em>referre.</em></strong></span> <span class='ocrx_word' id='word_1_278' title='bbox 759 1694 847 1725; x_wconf 90' lang='lat' dir='ltr'><strong><em>Mihi</em></strong></span> <span class='ocrx_word' id='word_1_279' title='bbox 875 1693 924 1725; x_wconf 85' lang='lat' dir='ltr'><strong><em>ita</em></strong></span> <span class='ocrx_word' id='word_1_280' title='bbox 949 1693 1111 1734; x_wconf 82' lang='lat' dir='ltr'><strong><em>legendus</em></strong></span> <span class='ocrx_word' id='word_1_281' title='bbox 1139 1699 1174 1725; x_wconf 90' lang='lat' dir='ltr'><strong><em>et</em></strong></span> <span class='ocrx_word' id='word_1_282' title='bbox 1200 1694 1465 1735; x_wconf 84' lang='lat' dir='ltr'><strong><em>distinguendus</em></strong></span> <span class='ocrx_word' id='word_1_283' title='bbox 1490 1695 1582 1726; x_wconf 88' lang='lat' dir='ltr'><strong><em>vide·</em></strong></span> 
     </span>
     <span class='ocr_line' id='line_1_28' title="bbox 117 1734 1584 1769; baseline 0.003 -5"><span class='ocrx_word' id='word_1_284' title='bbox 117 1736 194 1765; x_wconf 86' lang='lat' dir='ltr'><strong><em>tur:</em></strong></span> <span class='ocrx_word' id='word_1_285' title='bbox 222 1734 362 1766; x_wconf 80' lang='lat' dir='ltr'><strong><em>Cliniam</em></strong></span> <span class='ocrx_word' id='word_1_286' title='bbox 376 1745 404 1767; x_wconf 92' lang='lat' dir='ltr'><strong><em>o.</em></strong></span> <span class='ocrx_word' id='word_1_287' title='bbox 428 1735 490 1768; x_wconf 82' lang='lat' dir='ltr'><strong><em>sibi</em></strong></span> <span class='ocrx_word' id='word_1_288' title='bbox 511 1737 560 1768; x_wconf 83' lang='lat' dir='ltr'><strong><em>uti</em></strong></span> <span class='ocrx_word' id='word_1_289' title='bbox 581 1737 615 1769; x_wconf 82' lang='lat' dir='ltr'><strong><em>id</em></strong></span> <span class='ocrx_word' id='word_1_290' title='bbox 641 1747 720 1768; x_wconf 83' lang='lat' dir='ltr'><strong><em>nunc</em></strong></span> <span class='ocrx_word' id='word_1_291' title='bbox 734 1737 806 1768; x_wconf 79' lang='lat' dir='ltr'><strong><em>det.-</em></strong></span> <span class='ocrx_word' id='word_1_292' title='bbox 829 1736 917 1768; x_wconf 85' lang='lat' dir='ltr'><strong><em>illam</em></strong></span> <span class='ocrx_word' id='word_1_293' title='bbox 938 1736 987 1768; x_wconf 83' lang='lat' dir='ltr'><strong><em>illi</em></strong></span> <span class='ocrx_word' id='word_1_294' title='bbox 1009 1740 1111 1768; x_wconf 85' lang='lat' dir='ltr'><strong><em>tamen</em></strong></span> <span class='ocrx_word' id='word_1_295' title='bbox 1126 1738 1205 1768; x_wconf 87' lang='lat' dir='ltr'><strong><em>Post</em></strong></span> <span class='ocrx_word' id='word_1_296' title='bbox 1228 1738 1374 1769; x_wconf 82' lang='lat' dir='ltr'><strong><em>daturum</em></strong></span> <span class='ocrx_word' id='word_1_297' title='bbox 1390 1738 1473 1769; x_wconf 86' lang='lat' dir='ltr'><strong><em>mille</em></strong></span> <span class='ocrx_word' id='word_1_298' title='bbox 1496 1748 1584 1769; x_wconf 81' lang='lat' dir='ltr'><strong><em>num-</em></strong></span> 
     </span>
     <span class='ocr_line' id='line_1_29' title="bbox 117 1778 1582 1817; baseline 0.005 -11"><span class='ocrx_word' id='word_1_299' title='bbox 117 1786 199 1807; x_wconf 87' lang='lat' dir='ltr'><strong><em>mum</em></strong></span> <span class='ocrx_word' id='word_1_300' title='bbox 212 1779 324 1817; x_wconf 79' lang='lat' dir='ltr'><strong><em>poscit.</em></strong></span> <span class='ocrx_word' id='word_1_301' title='bbox 347 1778 455 1811; x_wconf 87' lang='lat' dir='ltr'><strong><em>west.</em></strong></span> <span class='ocrx_word' id='word_1_302' title='bbox 499 1780 508 1796; x_wconf 93' lang='lat'>‘</span> <span class='ocrx_word' id='word_1_303' title='bbox 527 1780 597 1812; x_wconf 79' lang='lat' dir='ltr'><strong><em>CH.</em></strong></span> <span class='ocrx_word' id='word_1_304' title='bbox 623 1780 708 1815; x_wconf 82' lang='lat' dir='ltr'><strong><em>Quid</em></strong></span> <span class='ocrx_word' id='word_1_305' title='bbox 724 1783 808 1811; x_wconf 77' lang='lat' dir='ltr'><strong><em>tum?</em></strong></span> <span class='ocrx_word' id='word_1_306' title='bbox 852 1780 914 1811; x_wconf 85' lang='lat' dir='ltr'><strong><em>SY.</em></strong></span> <span class='ocrx_word' id='word_1_307' title='bbox 941 1779 1048 1810; x_wconf 84' lang='lat' dir='ltr'><strong><em>Clinia</em></strong></span> <span class='ocrx_word' id='word_1_308' title='bbox 1064 1784 1133 1811; x_wconf 79' lang='lat' dir='ltr'><strong><em>orat</em></strong></span> <span class='ocrx_word' id='word_1_309' title='bbox 1153 1780 1213 1811; x_wconf 88' lang='lat' dir='ltr'><strong><em>sibi</em></strong></span> <span class='ocrx_word' id='word_1_310' title='bbox 1227 1782 1275 1811; x_wconf 81' lang='lat' dir='ltr'><strong><em>uti</em></strong></span> <span class='ocrx_word' id='word_1_311' title='bbox 1296 1791 1377 1812; x_wconf 86' lang='lat' dir='ltr'><strong><em>nunc</em></strong></span> <span class='ocrx_word' id='word_1_312' title='bbox 1399 1782 1450 1812; x_wconf 82' lang='lat' dir='ltr'><strong><em>det</em></strong></span> <span class='ocrx_word' id='word_1_313' title='bbox 1475 1781 1582 1813; x_wconf 77' lang='lat' dir='ltr'><strong><em>illam:</em></strong></span> 
     </span>
     <span class='ocr_line' id='line_1_30' title="bbox 116 1818 1582 1863; baseline 0.003 -13"><span class='ocrx_word' id='word_1_314' title='bbox 116 1818 165 1850; x_wconf 78' lang='lat' dir='ltr'><strong><em>illi</em></strong></span> <span class='ocrx_word' id='word_1_315' title='bbox 179 1822 283 1851; x_wconf 85' lang='lat' dir='ltr'><strong><em>tamen</em></strong></span> <span class='ocrx_word' id='word_1_316' title='bbox 301 1821 379 1852; x_wconf 82' lang='lat' dir='ltr'><strong><em>Post</em></strong></span> <span class='ocrx_word' id='word_1_317' title='bbox 392 1823 541 1854; x_wconf 78' lang='lat' dir='ltr'><strong><em>daturum</em></strong></span> <span class='ocrx_word' id='word_1_318' title='bbox 554 1823 638 1854; x_wconf 83' lang='lat' dir='ltr'><strong><em>mille</em></strong></span> <span class='ocrx_word' id='word_1_319' title='bbox 653 1832 780 1854; x_wconf 83' lang='lat' dir='ltr'><strong><em>numum</em></strong></span> <span class='ocrx_word' id='word_1_320' title='bbox 791 1823 902 1862; x_wconf 80' lang='lat' dir='ltr'><strong><em>poscit.</em></strong></span> <span class='ocrx_word' id='word_1_321' title='bbox 948 1822 1015 1854; x_wconf 84' lang='lat' dir='ltr'><strong><em>Qui</em></strong></span> <span class='ocrx_word' id='word_1_322' title='bbox 1033 1823 1266 1863; x_wconf 72' lang='lat' dir='ltr'><strong><em>praecedentia</em></strong></span> <span class='ocrx_word' id='word_1_323' title='bbox 1285 1823 1371 1854; x_wconf 88' lang='lat' dir='ltr'><strong><em>bene</em></strong></span> <span class='ocrx_word' id='word_1_324' title='bbox 1388 1824 1582 1855; x_wconf 85' lang='lat' dir='ltr'><strong><em>considera-</em></strong></span> 
     </span>
     <span class='ocr_line' id='line_1_31' title="bbox 119 1862 1581 1907; baseline 0.003 -15"><span class='ocrx_word' id='word_1_325' title='bbox 119 1862 176 1903; x_wconf 85' lang='lat' dir='ltr'><strong><em>rit,</em></strong></span> <span class='ocrx_word' id='word_1_326' title='bbox 199 1862 232 1893; x_wconf 90' lang='lat' dir='ltr'><strong><em>id</em></strong></span> <span class='ocrx_word' id='word_1_327' title='bbox 247 1867 313 1902; x_wconf 92' lang='lat' dir='ltr'><strong><em>est,</em></strong></span> <span class='ocrx_word' id='word_1_328' title='bbox 334 1864 344 1880; x_wconf 93' lang='lat'>‘</span> <span class='ocrx_word' id='word_1_329' title='bbox 360 1865 508 1905; x_wconf 86' lang='lat' dir='ltr'><strong><em>pessima</em></strong></span> <span class='ocrx_word' id='word_1_330' title='bbox 533 1865 607 1897; x_wconf 87' lang='lat' dir='ltr'><strong><em>haec</em></strong></span> <span class='ocrx_word' id='word_1_331' title='bbox 629 1871 681 1897; x_wconf 87' lang='lat' dir='ltr'><strong><em>est</em></strong></span> <span class='ocrx_word' id='word_1_332' title='bbox 703 1864 906 1896; x_wconf 82' lang='lat' dir='ltr'><strong><em>meretrix:&#39;</em></strong></span> <span class='ocrx_word' id='word_1_333' title='bbox 929 1869 965 1896; x_wconf 90' lang='lat' dir='ltr'><strong><em>et</em></strong></span> <span class='ocrx_word' id='word_1_334' title='bbox 988 1866 998 1882; x_wconf 86' lang='lat'>‘</span> <span class='ocrx_word' id='word_1_335' title='bbox 1017 1865 1093 1897; x_wconf 89' lang='lat' dir='ltr'><strong><em>vide</em></strong></span> <span class='ocrx_word' id='word_1_336' title='bbox 1109 1866 1200 1907; x_wconf 88' lang='lat' dir='ltr'><strong><em>quod</em></strong></span> <span class='ocrx_word' id='word_1_337' title='bbox 1227 1866 1383 1907; x_wconf 84' lang='lat' dir='ltr'><strong><em>inceptet</em></strong></span> <span class='ocrx_word' id='word_1_338' title='bbox 1411 1866 1544 1898; x_wconf 79' lang='lat' dir='ltr'><strong><em>facinus</em></strong></span> <span class='ocrx_word' id='word_1_339' title='bbox 1558 1867 1581 1906; x_wconf 93' lang='lat'><strong><em>;&#39;</em></strong></span> 
     </span>
     <span class='ocr_line' id='line_1_32' title="bbox 117 1907 1580 1950; baseline 0.004 -16"><span class='ocrx_word' id='word_1_340' title='bbox 117 1913 194 1935; x_wconf 87' lang='lat' dir='ltr'><strong><em>cum</em></strong></span> <span class='ocrx_word' id='word_1_341' title='bbox 211 1911 333 1946; x_wconf 84' lang='lat' dir='ltr'><strong><em>postea</em></strong></span> <span class='ocrx_word' id='word_1_342' title='bbox 349 1907 477 1939; x_wconf 88' lang='lat' dir='ltr'><strong><em>viderit</em></strong></span> <span class='ocrx_word' id='word_1_343' title='bbox 493 1917 567 1939; x_wconf 90' lang='lat' dir='ltr'><strong><em>eam</em></strong></span> <span class='ocrx_word' id='word_1_344' title='bbox 591 1908 674 1939; x_wconf 88' lang='lat' dir='ltr'><strong><em>nihil</em></strong></span> <span class='ocrx_word' id='word_1_345' title='bbox 693 1908 818 1948; x_wconf 86' lang='lat' dir='ltr'><strong><em>moliri,</em></strong></span> <span class='ocrx_word' id='word_1_346' title='bbox 838 1908 921 1938; x_wconf 84' lang='lat' dir='ltr'><strong><em>nihil</em></strong></span> <span class='ocrx_word' id='word_1_347' title='bbox 938 1907 1074 1939; x_wconf 87' lang='lat' dir='ltr'><strong><em>omnino</em></strong></span> <span class='ocrx_word' id='word_1_348' title='bbox 1090 1918 1206 1949; x_wconf 81' lang='lat' dir='ltr'><strong><em>agere,</em></strong></span> <span class='ocrx_word' id='word_1_349' title='bbox 1224 1918 1334 1950; x_wconf 89' lang='lat' dir='ltr'><strong><em>neque</em></strong></span> <span class='ocrx_word' id='word_1_350' title='bbox 1352 1910 1443 1948; x_wconf 87' lang='lat' dir='ltr'><strong><em>mali,</em></strong></span> <span class='ocrx_word' id='word_1_351' title='bbox 1465 1919 1580 1950; x_wconf 88' lang='lat' dir='ltr'><strong><em>neque</em></strong></span> 
     </span>
     <span class='ocr_line' id='line_1_33' title="bbox 115 1946 1580 1993; baseline 0.004 -15"><span class='ocrx_word' id='word_1_352' title='bbox 115 1946 209 1984; x_wconf 90' lang='lat' dir='ltr'><strong><em>boni,</em></strong></span> <span class='ocrx_word' id='word_1_353' title='bbox 225 1948 384 1980; x_wconf 86' lang='lat' dir='ltr'><strong><em>nimirum</em></strong></span> <span class='ocrx_word' id='word_1_354' title='bbox 400 1950 614 1982; x_wconf 80' lang='lat' dir='ltr'><strong><em>existimabit</em></strong></span> <span class='ocrx_word' id='word_1_355' title='bbox 630 1952 740 1983; x_wconf 75' lang='lat' dir='ltr'><strong><em>locum</em></strong></span> <span class='ocrx_word' id='word_1_356' title='bbox 766 1961 838 1982; x_wconf 89' lang='lat' dir='ltr'><strong><em>esse</em></strong></span> <span class='ocrx_word' id='word_1_357' title='bbox 867 1956 1065 1992; x_wconf 86' lang='lat' dir='ltr'><strong><em>corruptum</em></strong></span> <span class='ocrx_word' id='word_1_358' title='bbox 1080 1962 1090 1991; x_wconf 83' lang='lat'><em>3</em></span> <span class='ocrx_word' id='word_1_359' title='bbox 1113 1961 1214 1993; x_wconf 87' lang='lat' dir='ltr'><strong><em>quem</em></strong></span> <span class='ocrx_word' id='word_1_360' title='bbox 1237 1962 1297 1983; x_wconf 92' lang='lat' dir='ltr'><strong><em>nos</em></strong></span> <span class='ocrx_word' id='word_1_361' title='bbox 1314 1962 1357 1983; x_wconf 87' lang='lat' dir='ltr'><strong><em>ex</em></strong></span> <span class='ocrx_word' id='word_1_362' title='bbox 1374 1953 1580 1984; x_wconf 82' lang='lat' dir='ltr'><strong><em>auctoritate</em></strong></span> 
     </span>
     <span class='ocr_line' id='line_1_34' title="bbox 117 1989 1580 2037; baseline 0.004 -17"><span class='ocrx_word' id='word_1_363' title='bbox 117 1989 280 2022; x_wconf 86' lang='lat' dir='ltr'><strong><em>librorum</em></strong></span> <span class='ocrx_word' id='word_1_364' title='bbox 310 1993 634 2034; x_wconf 86' lang='lat' dir='ltr'><strong><em>antiquissimorum,</em></strong></span> <span class='ocrx_word' id='word_1_365' title='bbox 658 1993 818 2025; x_wconf 88' lang='lat' dir='ltr'><strong><em>Vaticani</em></strong></span> <span class='ocrx_word' id='word_1_366' title='bbox 849 1998 886 2025; x_wconf 88' lang='lat' dir='ltr'><strong><em>et</em></strong></span> <span class='ocrx_word' id='word_1_367' title='bbox 914 1994 1087 2034; x_wconf 89' lang='lat' dir='ltr'><strong><em>Bembini‚</em></strong></span> <span class='ocrx_word' id='word_1_368' title='bbox 1122 1995 1168 2025; x_wconf 80' lang='lat' dir='ltr'><strong><em>ita</em></strong></span> <span class='ocrx_word' id='word_1_369' title='bbox 1195 1995 1427 2030; x_wconf 82' lang='lat' dir='ltr'><strong><em>emendamus,</em></strong></span> <span class='ocrx_word' id='word_1_370' title='bbox 1455 2001 1492 2027; x_wconf 88' lang='lat' dir='ltr'><strong><em>ut</em></strong></span> <span class='ocrx_word' id='word_1_371' title='bbox 1519 2005 1580 2037; x_wconf 82' lang='lat' dir='ltr'><strong><em>pro</em></strong></span> 
     </span>
     <span class='ocr_line' id='line_1_35' title="bbox 119 2032 1581 2078; baseline 0.004 -15"><span class='ocrx_word' id='word_1_372' title='bbox 119 2032 227 2064; x_wconf 84' lang='lat' dir='ltr'><strong><em>Clinia</em></strong></span> <span class='ocrx_word' id='word_1_373' title='bbox 244 2033 394 2075; x_wconf 86' lang='lat' dir='ltr'><strong><em>Cliniam,</em></strong></span> <span class='ocrx_word' id='word_1_374' title='bbox 412 2046 472 2076; x_wconf 88' lang='lat' dir='ltr'><strong><em>pro</em></strong></span> <span class='ocrx_word' id='word_1_375' title='bbox 497 2037 642 2068; x_wconf 80' lang='lat' dir='ltr'><strong><em>daturum</em></strong></span> <span class='ocrx_word' id='word_1_376' title='bbox 670 2038 827 2076; x_wconf 76' lang='lat' dir='ltr'><strong><em>daturam,</em></strong></span> <span class='ocrx_word' id='word_1_377' title='bbox 849 2037 1024 2077; x_wconf 85' lang='lat' dir='ltr'><strong><em>legamus:</em></strong></span> <span class='ocrx_word' id='word_1_378' title='bbox 1050 2037 1140 2078; x_wconf 84' lang='lat' dir='ltr'><strong><em>quod</em></strong></span> <span class='ocrx_word' id='word_1_379' title='bbox 1156 2038 1326 2078; x_wconf 70' lang='lat' dir='ltr'><strong><em>posternis</em></strong></span> <span class='ocrx_word' id='word_1_380' title='bbox 1352 2039 1455 2070; x_wconf 85' lang='lat' dir='ltr'><strong><em>etiam</em></strong></span> <span class='ocrx_word' id='word_1_381' title='bbox 1481 2039 1516 2070; x_wconf 89' lang='lat' dir='ltr'><strong><em>in</em></strong></span> <span class='ocrx_word' id='word_1_382' title='bbox 1542 2039 1581 2069; x_wconf 92' lang='lat' dir='ltr'><strong><em>li-</em></strong></span> 
     </span>
     <span class='ocr_line' id='line_1_36' title="bbox 117 2074 1580 2119; baseline 0.004 -13"><span class='ocrx_word' id='word_1_383' title='bbox 117 2074 178 2106; x_wconf 85' lang='lat' dir='ltr'><strong><em>bro</em></strong></span> <span class='ocrx_word' id='word_1_384' title='bbox 194 2076 394 2109; x_wconf 72' lang='lat' dir='ltr'><strong><em>Victor-iano</em></strong></span> <span class='ocrx_word' id='word_1_385' title='bbox 411 2084 477 2119; x_wconf 76' lang='lat' dir='ltr'><strong><em>est,</em></strong></span> <span class='ocrx_word' id='word_1_386' title='bbox 499 2083 534 2110; x_wconf 88' lang='lat' dir='ltr'><strong><em>et</em></strong></span> <span class='ocrx_word' id='word_1_387' title='bbox 549 2089 590 2111; x_wconf 90' lang='lat' dir='ltr'><strong><em>eo</em></strong></span> <span class='ocrx_word' id='word_1_388' title='bbox 613 2080 758 2119; x_wconf 83' lang='lat' dir='ltr'><strong><em>amplius</em></strong></span> <span class='ocrx_word' id='word_1_389' title='bbox 786 2089 827 2110; x_wconf 85' lang='lat' dir='ltr'><strong><em>ex</em></strong></span> <span class='ocrx_word' id='word_1_390' title='bbox 854 2079 1024 2110; x_wconf 75' lang='lat' dir='ltr'><strong><em>Vaticano</em></strong></span> <span class='ocrx_word' id='word_1_391' title='bbox 1056 2086 1092 2111; x_wconf 90' lang='lat' dir='ltr'><strong><em>et</em></strong></span> <span class='ocrx_word' id='word_1_392' title='bbox 1122 2081 1315 2112; x_wconf 85' lang='lat' dir='ltr'><strong><em>Basilicano</em></strong></span> <span class='ocrx_word' id='word_1_393' title='bbox 1343 2087 1378 2113; x_wconf 88' lang='lat' dir='ltr'><strong><em>et</em></strong></span> <span class='ocrx_word' id='word_1_394' title='bbox 1408 2082 1580 2112; x_wconf 79' lang='lat' dir='ltr'><strong><em>nonnullis</em></strong></span> 
     </span>
     <span class='ocr_line' id='line_1_37' title="bbox 117 2118 1580 2163; baseline 0.005 -15"><span class='ocrx_word' id='word_1_395' title='bbox 117 2118 206 2157; x_wconf 79' lang='lat' dir='ltr'><strong><em>aliis,</em></strong></span> <span class='ocrx_word' id='word_1_396' title='bbox 231 2128 293 2160; x_wconf 91' lang='lat' dir='ltr'><strong><em>pro</em></strong></span> <span class='ocrx_word' id='word_1_397' title='bbox 308 2120 356 2151; x_wconf 86' lang='lat' dir='ltr'><strong><em>uti</em></strong></span> <span class='ocrx_word' id='word_1_398' title='bbox 371 2122 528 2160; x_wconf 80' lang='lat' dir='ltr'><strong><em>nunc,uti</em></strong></span> <span class='ocrx_word' id='word_1_399' title='bbox 552 2123 586 2153; x_wconf 85' lang='lat' dir='ltr'><strong><em>id</em></strong></span> <span class='ocrx_word' id='word_1_400' title='bbox 609 2132 711 2154; x_wconf 84' lang='lat' dir='ltr'><strong><em>nunc:</em></strong></span> <span class='ocrx_word' id='word_1_401' title='bbox 735 2122 850 2163; x_wconf 85' lang='lat' dir='ltr'><strong><em>itaque</em></strong></span> <span class='ocrx_word' id='word_1_402' title='bbox 866 2122 1137 2163; x_wconf 84' lang='lat' dir='ltr'><strong><em>distinguemus:</em></strong></span> <span class='ocrx_word' id='word_1_403' title='bbox 1174 2123 1244 2154; x_wconf 84' lang='lat' dir='ltr'><strong><em>CH.</em></strong></span> <span class='ocrx_word' id='word_1_404' title='bbox 1272 2124 1358 2159; x_wconf 83' lang='lat' dir='ltr'><strong><em>Quid</em></strong></span> <span class='ocrx_word' id='word_1_405' title='bbox 1387 2128 1473 2156; x_wconf 82' lang='lat' dir='ltr'><strong><em>tum?</em></strong></span> <span class='ocrx_word' id='word_1_406' title='bbox 1518 2124 1580 2157; x_wconf 82' lang='lat' dir='ltr'><strong><em>SY.</em></strong></span> 
     </span>
     <span class='ocr_line' id='line_1_38' title="bbox 120 2161 1581 2204; baseline 0.005 -13"><span class='ocrx_word' id='word_1_407' title='bbox 120 2161 256 2193; x_wconf 80' lang='lat' dir='ltr'><strong><em>Cliniam</em></strong></span> <span class='ocrx_word' id='word_1_408' title='bbox 272 2166 354 2204; x_wconf 89' lang='lat' dir='ltr'><strong><em>orat,</em></strong></span> <span class='ocrx_word' id='word_1_409' title='bbox 379 2164 439 2195; x_wconf 85' lang='lat' dir='ltr'><strong><em>sibi</em></strong></span> <span class='ocrx_word' id='word_1_410' title='bbox 452 2165 501 2196; x_wconf 82' lang='lat' dir='ltr'><strong><em>uti</em></strong></span> <span class='ocrx_word' id='word_1_411' title='bbox 515 2166 549 2197; x_wconf 83' lang='lat' dir='ltr'><strong><em>id</em></strong></span> <span class='ocrx_word' id='word_1_412' title='bbox 563 2175 644 2197; x_wconf 85' lang='lat' dir='ltr'><strong><em>nunc</em></strong></span> <span class='ocrx_word' id='word_1_413' title='bbox 670 2166 743 2197; x_wconf 73' lang='lat' dir='ltr'><strong><em>det.-</em></strong></span> <span class='ocrx_word' id='word_1_414' title='bbox 763 2165 850 2196; x_wconf 79' lang='lat' dir='ltr'><strong><em>illam</em></strong></span> <span class='ocrx_word' id='word_1_415' title='bbox 872 2165 922 2196; x_wconf 86' lang='lat' dir='ltr'><strong><em>illi</em></strong></span> <span class='ocrx_word' id='word_1_416' title='bbox 945 2169 1048 2197; x_wconf 81' lang='lat' dir='ltr'><strong><em>tamen</em></strong></span> <span class='ocrx_word' id='word_1_417' title='bbox 1070 2166 1149 2197; x_wconf 88' lang='lat' dir='ltr'><strong><em>Post</em></strong></span> <span class='ocrx_word' id='word_1_418' title='bbox 1173 2167 1318 2199; x_wconf 85' lang='lat' dir='ltr'><strong><em>daturam</em></strong></span> <span class='ocrx_word' id='word_1_419' title='bbox 1344 2167 1429 2199; x_wconf 86' lang='lat' dir='ltr'><strong><em>mille</em></strong></span> <span class='ocrx_word' id='word_1_420' title='bbox 1454 2177 1581 2199; x_wconf 82' lang='lat' dir='ltr'><strong><em>numum</em></strong></span> 
     </span>
    </p>
   </div>
   <div class='ocr_carea' id='block_1_8' title="bbox 770 2251 916 2284">
    <p class='ocr_par' dir='ltr' id='par_1_10' title="bbox 770 2251 916 2284">
     <span class='ocr_line' id='line_1_39' title="bbox 770 2251 916 2284; baseline -0.007 0"><span class='ocrx_word' id='word_1_421' title='bbox 770 2251 916 2284; x_wconf 79' lang='lat' dir='ltr'>NOTAE</span> 
     </span>
    </p>
   </div>
   <div class='ocr_carea' id='block_1_9' title="bbox 114 2311 1582 2714">
    <p class='ocr_par' dir='ltr' id='par_1_11' title="bbox 114 2311 1582 2714">
     <span class='ocr_line' id='line_1_40' title="bbox 150 2311 1578 2359; baseline 0.005 -17"><span class='ocrx_word' id='word_1_422' title='bbox 150 2313 193 2343; x_wconf 84' lang='grc'><strong><em>40</em></strong></span> <span class='ocrx_word' id='word_1_423' title='bbox 205 2311 434 2345; x_wconf 79' lang='lat' dir='ltr'><strong><em>Dracbmarum</em></strong></span> <span class='ocrx_word' id='word_1_424' title='bbox 445 2316 570 2355; x_wconf 84' lang='lat' dir='ltr'><strong><em>argenti</em></strong></span> <span class='ocrx_word' id='word_1_425' title='bbox 579 2316 679 2357; x_wconf 83' lang='lat' dir='ltr'><strong><em>mille]</em></strong></span> <span class='ocrx_word' id='word_1_426' title='bbox 692 2316 820 2348; x_wconf 86' lang='lat' dir='ltr'><strong><em>Drach-</em></strong></span> <span class='ocrx_word' id='word_1_427' title='bbox 876 2317 1046 2358; x_wconf 71' lang='lat' dir='ltr'><strong><em>tamon-ph.</em></strong></span> <span class='ocrx_word' id='word_1_428' title='bbox 1069 2316 1078 2334; x_wconf 91' lang='lat'>‘</span> <span class='ocrx_word' id='word_1_429' title='bbox 1092 2317 1155 2349; x_wconf 84' lang='lat' dir='ltr'><strong><em>Est</em></strong></span> <span class='ocrx_word' id='word_1_430' title='bbox 1174 2317 1304 2359; x_wconf 87' lang='lat' dir='ltr'><strong><em>aliquid</em></strong></span> <span class='ocrx_word' id='word_1_431' title='bbox 1328 2317 1371 2349; x_wconf 92' lang='lat' dir='ltr'><strong><em>de</em></strong></span> <span class='ocrx_word' id='word_1_432' title='bbox 1388 2321 1440 2349; x_wconf 90' lang='lat' dir='ltr'><strong><em>tot</em></strong></span> <span class='ocrx_word' id='word_1_433' title='bbox 1458 2317 1578 2350; x_wconf 85' lang='lat' dir='ltr'><strong><em>Graio-</em></strong></span> 
     </span>
     <span class='ocr_line' id='line_1_41' title="bbox 116 2362 1582 2409; baseline 0.006 -18"><span class='ocrx_word' id='word_1_434' title='bbox 116 2371 171 2392; x_wconf 87' lang='lat' dir='ltr'><strong><em>ma</em></strong></span> <span class='ocrx_word' id='word_1_435' title='bbox 183 2362 315 2402; x_wconf 86' lang='lat' dir='ltr'><strong><em>Attica,</em></strong></span> <span class='ocrx_word' id='word_1_436' title='bbox 327 2368 361 2394; x_wconf 84' lang='lat' dir='ltr'><strong><em>et</em></strong></span> <span class='ocrx_word' id='word_1_437' title='bbox 378 2364 535 2397; x_wconf 81' lang='lat' dir='ltr'><strong><em>denarius</em></strong></span> <span class='ocrx_word' id='word_1_438' title='bbox 554 2367 724 2398; x_wconf 88' lang='lat' dir='ltr'><strong><em>Romanus</em></strong></span> <span class='ocrx_word' id='word_1_439' title='bbox 741 2372 820 2399; x_wconf 89' lang='lat' dir='ltr'><strong><em>sunt</em></strong></span> <span class='ocrx_word' id='word_1_440' title='bbox 876 2377 949 2398; x_wconf 88' lang='lat' dir='ltr'><strong><em>rum</em></strong></span> <span class='ocrx_word' id='word_1_441' title='bbox 966 2367 1113 2398; x_wconf 86' lang='lat' dir='ltr'><strong><em>millibus</em></strong></span> <span class='ocrx_word' id='word_1_442' title='bbox 1127 2377 1230 2399; x_wconf 89' lang='lat' dir='ltr'><strong><em>unum</em></strong></span> <span class='ocrx_word' id='word_1_443' title='bbox 1248 2368 1278 2399; x_wconf 94' lang='lat' dir='ltr'><strong>A</strong></span> <span class='ocrx_word' id='word_1_444' title='bbox 1296 2368 1463 2400; x_wconf 88' lang='lat' dir='ltr'><strong><em>Diomede</em></strong></span> <span class='ocrx_word' id='word_1_445' title='bbox 1487 2368 1582 2409; x_wconf 70' lang='lat' dir='ltr'><strong><em>legi.5</em></strong></span> 
     </span>
     <span class='ocr_line' id='line_1_42' title="bbox 117 2411 1580 2460; baseline 0.005 -18"><span class='ocrx_word' id='word_1_446' title='bbox 117 2411 270 2452; x_wconf 82' lang='lat' dir='ltr'><strong><em>ejusdem</em></strong></span> <span class='ocrx_word' id='word_1_447' title='bbox 283 2414 521 2447; x_wconf 70' lang='lat' dir='ltr'><strong><em>aestimationis</em></strong></span> <span class='ocrx_word' id='word_1_448' title='bbox 533 2427 594 2449; x_wconf 84' lang='lat' dir='ltr'><strong><em>sex</em></strong></span> <span class='ocrx_word' id='word_1_449' title='bbox 611 2418 743 2449; x_wconf 87' lang='lat' dir='ltr'><strong><em>assibus</em></strong></span> <span class='ocrx_word' id='word_1_450' title='bbox 754 2419 821 2449; x_wconf 90' lang='lat' dir='ltr'><strong><em>Tu·</em></strong></span> <span class='ocrx_word' id='word_1_451' title='bbox 876 2417 1071 2460; x_wconf 85' lang='lat' dir='ltr'><strong><em>Aliquando</em></strong></span> <span class='ocrx_word' id='word_1_452' title='bbox 1090 2418 1182 2449; x_wconf 89' lang='lat' dir='ltr'><strong><em>mille</em></strong></span> <span class='ocrx_word' id='word_1_453' title='bbox 1197 2419 1405 2459; x_wconf 82' lang='lat' dir='ltr'><strong><em>adjectivum</em></strong></span> <span class='ocrx_word' id='word_1_454' title='bbox 1429 2423 1479 2450; x_wconf 85' lang='lat' dir='ltr'><strong><em>est</em></strong></span> <span class='ocrx_word' id='word_1_455' title='bbox 1505 2420 1580 2459; x_wconf 92' lang='lat' dir='ltr'><strong><em>plu-</em></strong></span> 
     </span>
     <span class='ocr_line' id='line_1_43' title="bbox 115 2463 1582 2511; baseline 0.006 -18"><span class='ocrx_word' id='word_1_456' title='bbox 115 2463 329 2496; x_wconf 88' lang='lat' dir='ltr'><strong><em>ronensibus.</em></strong></span> <span class='ocrx_word' id='word_1_457' title='bbox 359 2465 455 2497; x_wconf 90' lang='lat' dir='ltr'><strong><em>Mille</em></strong></span> <span class='ocrx_word' id='word_1_458' title='bbox 471 2466 641 2500; x_wconf 83' lang='lat' dir='ltr'><strong><em>drachmae</em></strong></span> <span class='ocrx_word' id='word_1_459' title='bbox 658 2469 822 2501; x_wconf 83' lang='lat' dir='ltr'><strong><em>valebunt</em></strong></span> <span class='ocrx_word' id='word_1_460' title='bbox 876 2469 956 2500; x_wconf 89' lang='lat' dir='ltr'><strong><em>ralis</em></strong></span> <span class='ocrx_word' id='word_1_461' title='bbox 973 2470 1104 2500; x_wconf 89' lang='lat' dir='ltr'><strong><em>numeri</em></strong></span> <span class='ocrx_word' id='word_1_462' title='bbox 1121 2473 1252 2501; x_wconf 83' lang='lat' dir='ltr'><strong><em>tantum</em></strong></span> <span class='ocrx_word' id='word_1_463' title='bbox 1271 2474 1306 2501; x_wconf 92' lang='lat' dir='ltr'><strong><em>et</em></strong></span> <span class='ocrx_word' id='word_1_464' title='bbox 1324 2470 1582 2511; x_wconf 82' lang='lat' dir='ltr'><strong><em>indeclinabile,</em></strong></span> 
     </span>
     <span class='ocr_line' id='line_1_44' title="bbox 115 2516 1493 2560; baseline 0.006 -16"><span class='ocrx_word' id='word_1_465' title='bbox 115 2517 252 2545; x_wconf 89' lang='lat' dir='ltr'><strong><em>centum</em></strong></span> <span class='ocrx_word' id='word_1_466' title='bbox 280 2516 460 2548; x_wconf 87' lang='lat' dir='ltr'><strong><em>Coronatis</em></strong></span> <span class='ocrx_word' id='word_1_467' title='bbox 485 2517 641 2560; x_wconf 86' lang='lat' dir='ltr'><strong><em>Gallicis,</em></strong></span> <span class='ocrx_word' id='word_1_468' title='bbox 668 2523 727 2551; x_wconf 88' lang='lat' dir='ltr'><strong><em>aut</em></strong></span> <span class='ocrx_word' id='word_1_469' title='bbox 752 2524 821 2551; x_wconf 88' lang='lat' dir='ltr'><strong><em>tre·</em></strong></span> <span class='ocrx_word' id='word_1_470' title='bbox 877 2524 926 2557; x_wconf 90' lang='lat' dir='ltr'><strong><em>ut,</em></strong></span> <span class='ocrx_word' id='word_1_471' title='bbox 942 2520 1034 2552; x_wconf 88' lang='lat' dir='ltr'><strong><em>mille</em></strong></span> <span class='ocrx_word' id='word_1_472' title='bbox 1050 2520 1339 2560; x_wconf 83' lang='lat' dir='ltr'><strong><em>drachmae‚mille</em></strong></span> <span class='ocrx_word' id='word_1_473' title='bbox 1357 2522 1493 2553; x_wconf 88' lang='lat' dir='ltr'><strong><em>nummi.</em></strong></span> 
     </span>
     <span class='ocr_line' id='line_1_45' title="bbox 116 2564 1579 2614; baseline 0.008 -20"><span class='ocrx_word' id='word_1_474' title='bbox 116 2564 223 2596; x_wconf 86' lang='lat' dir='ltr'><strong><em>centis</em></strong></span> <span class='ocrx_word' id='word_1_475' title='bbox 241 2564 334 2597; x_wconf 84' lang='lat' dir='ltr'><strong><em>libris</em></strong></span> <span class='ocrx_word' id='word_1_476' title='bbox 349 2566 614 2601; x_wconf 78' lang='lat' dir='ltr'><strong><em>Turonensibus.</em></strong></span> <span class='ocrx_word' id='word_1_477' title='bbox 653 2570 817 2602; x_wconf 78' lang='lat' dir='ltr'><strong><em>Consu-u·</em></strong></span> <span class='ocrx_word' id='word_1_478' title='bbox 915 2575 958 2604; x_wconf 88' lang='grc'><strong><em>42</em></strong></span> <span class='ocrx_word' id='word_1_479' title='bbox 983 2573 1107 2605; x_wconf 84' lang='lat' dir='ltr'><strong><em>Relicta</em></strong></span> <span class='ocrx_word' id='word_1_480' title='bbox 1130 2574 1201 2605; x_wconf 83' lang='lat' dir='ltr'><strong><em>huic</em></strong></span> <span class='ocrx_word' id='word_1_481' title='bbox 1224 2574 1391 2605; x_wconf 84' lang='lat' dir='ltr'><strong><em>arrhaboni</em></strong></span> <span class='ocrx_word' id='word_1_482' title='bbox 1413 2574 1474 2614; x_wconf 82' lang='lat' dir='ltr'><strong><em>est]</em></strong></span> <span class='ocrx_word' id='word_1_483' title='bbox 1513 2573 1579 2605; x_wconf 83' lang='lat' dir='ltr'><strong><em>Ar-</em></strong></span> 
     </span>
     <span class='ocr_line' id='line_1_46' title="bbox 114 2614 1580 2665; baseline 0.008 -20"><span class='ocrx_word' id='word_1_484' title='bbox 114 2614 184 2645; x_wconf 90' lang='lat' dir='ltr'><strong><em>itur</em></strong></span> <span class='ocrx_word' id='word_1_485' title='bbox 199 2619 314 2647; x_wconf 85' lang='lat' dir='ltr'><strong><em>autem</em></strong></span> <span class='ocrx_word' id='word_1_486' title='bbox 340 2618 431 2648; x_wconf 92' lang='lat' dir='ltr'><strong><em>mille</em></strong></span> <span class='ocrx_word' id='word_1_487' title='bbox 459 2618 710 2651; x_wconf 86' lang='lat' dir='ltr'><strong><em>substantivum</em></strong></span> <span class='ocrx_word' id='word_1_488' title='bbox 737 2631 813 2652; x_wconf 86' lang='lat' dir='ltr'><strong><em>cum</em></strong></span> <span class='ocrx_word' id='word_1_489' title='bbox 869 2623 990 2663; x_wconf 86' lang='lat' dir='ltr'><strong><em>rhabo,</em></strong></span> <span class='ocrx_word' id='word_1_490' title='bbox 1006 2628 1042 2654; x_wconf 88' lang='lat' dir='ltr'><strong><em>et</em></strong></span> <span class='ocrx_word' id='word_1_491' title='bbox 1058 2624 1168 2663; x_wconf 85' lang='lat' dir='ltr'><strong><em>arrha,</em></strong></span> <span class='ocrx_word' id='word_1_492' title='bbox 1184 2629 1236 2655; x_wconf 86' lang='lat' dir='ltr'><strong><em>est</em></strong></span> <span class='ocrx_word' id='word_1_493' title='bbox 1250 2624 1281 2655; x_wconf 90' lang='lat' dir='ltr'><strong><em>id</em></strong></span> <span class='ocrx_word' id='word_1_494' title='bbox 1302 2624 1392 2665; x_wconf 88' lang='lat' dir='ltr'><strong><em>quod</em></strong></span> <span class='ocrx_word' id='word_1_495' title='bbox 1406 2624 1480 2655; x_wconf 88' lang='lat' dir='ltr'><strong><em>dari</em></strong></span> <span class='ocrx_word' id='word_1_496' title='bbox 1492 2626 1580 2656; x_wconf 89' lang='lat' dir='ltr'><strong><em>solet</em></strong></span> 
     </span>
     <span class='ocr_line' id='line_1_47' title="bbox 115 2665 1578 2714; baseline 0.006 -18"><span class='ocrx_word' id='word_1_497' title='bbox 115 2665 265 2704; x_wconf 86' lang='lat' dir='ltr'><strong><em>genitivo</em></strong></span> <span class='ocrx_word' id='word_1_498' title='bbox 276 2670 588 2709; x_wconf 87' lang='lat' dir='ltr'><strong><em>utroquenumero;</em></strong></span> <span class='ocrx_word' id='word_1_499' title='bbox 606 2670 703 2701; x_wconf 88' lang='lat' dir='ltr'><strong><em>Mille</em></strong></span> <span class='ocrx_word' id='word_1_500' title='bbox 719 2681 815 2702; x_wconf 90' lang='lat' dir='ltr'><strong><em>num·</em></strong></span> <span class='ocrx_word' id='word_1_501' title='bbox 869 2673 912 2705; x_wconf 89' lang='lat' dir='ltr'><strong><em>ad</em></strong></span> <span class='ocrx_word' id='word_1_502' title='bbox 945 2673 1239 2706; x_wconf 87' lang='lat' dir='ltr'><strong><em>confirmationem</em></strong></span> <span class='ocrx_word' id='word_1_503' title='bbox 1266 2679 1484 2714; x_wconf 81' lang='lat' dir='ltr'><strong><em>contractus;</em></strong></span> <span class='ocrx_word' id='word_1_504' title='bbox 1519 2674 1578 2705; x_wconf 87' lang='lat' dir='ltr'><strong><em>ali-</em></strong></span> 
     </span>
    </p>
   </div>
   <div class='ocr_carea' id='block_1_10' title="bbox 115 2717 1578 2806">
    <p class='ocr_par' dir='ltr' id='par_1_12' title="bbox 115 2717 1578 2806">
     <span class='ocr_line' id='line_1_48' title="bbox 115 2717 1578 2767; baseline 0.007 -21"><span class='ocrx_word' id='word_1_505' title='bbox 115 2724 226 2755; x_wconf 87' lang='lat' dir='ltr'><strong><em>mum:</em></strong></span> <span class='ocrx_word' id='word_1_506' title='bbox 251 2717 350 2749; x_wconf 89' lang='lat' dir='ltr'><strong><em>Mille</em></strong></span> <span class='ocrx_word' id='word_1_507' title='bbox 375 2718 554 2758; x_wconf 87' lang='lat' dir='ltr'><strong><em>talentum,</em></strong></span> <span class='ocrx_word' id='word_1_508' title='bbox 577 2730 640 2761; x_wconf 91' lang='lat' dir='ltr'><strong><em>pro</em></strong></span> <span class='ocrx_word' id='word_1_509' title='bbox 665 2730 817 2753; x_wconf 88' lang='lat' dir='ltr'><strong><em>nummo·</em></strong></span> <span class='ocrx_word' id='word_1_510' title='bbox 870 2723 1007 2765; x_wconf 88' lang='lat' dir='ltr'><strong><em>quando</em></strong></span> <span class='ocrx_word' id='word_1_511' title='bbox 1023 2724 1114 2756; x_wconf 89' lang='lat' dir='ltr'><strong><em>idem</em></strong></span> <span class='ocrx_word' id='word_1_512' title='bbox 1134 2724 1225 2767; x_wconf 91' lang='lat' dir='ltr'><strong><em>quod</em></strong></span> <span class='ocrx_word' id='word_1_513' title='bbox 1242 2725 1377 2766; x_wconf 85' lang='lat' dir='ltr'><strong><em>pignus,</em></strong></span> <span class='ocrx_word' id='word_1_514' title='bbox 1403 2729 1440 2758; x_wconf 86' lang='lat' dir='ltr'><strong><em>ut</em></strong></span> <span class='ocrx_word' id='word_1_515' title='bbox 1456 2725 1510 2757; x_wconf 77' lang='lat' dir='ltr'><strong><em>hic</em></strong></span> <span class='ocrx_word' id='word_1_516' title='bbox 1525 2735 1578 2756; x_wconf 90' lang='lat' dir='ltr'><strong><em>su-</em></strong></span> 
     </span>
     <span class='ocr_line' id='line_1_49' title="bbox 115 2767 986 2806; baseline 0.013 -11"><span class='ocrx_word' id='word_1_517' title='bbox 115 2773 187 2795; x_wconf 89' lang='lat' dir='ltr'><strong><em>rum</em></strong></span> <span class='ocrx_word' id='word_1_518' title='bbox 198 2769 233 2797; x_wconf 85' lang='lat' dir='ltr'><strong><em>et</em></strong></span> <span class='ocrx_word' id='word_1_519' title='bbox 245 2767 464 2800; x_wconf 82' lang='lat' dir='ltr'><strong><em>talentorum.</em></strong></span> <span class='ocrx_word' id='word_1_520' title='bbox 480 2768 626 2801; x_wconf 90' lang='lat' dir='ltr'><strong><em>Ovidius</em></strong></span> <span class='ocrx_word' id='word_1_521' title='bbox 641 2779 725 2804; x_wconf 81' lang='lat' dir='ltr'><strong><em>xm.</em></strong></span> <span class='ocrx_word' id='word_1_522' title='bbox 741 2772 817 2805; x_wconf 89' lang='lat' dir='ltr'><strong><em>Me·</em></strong></span> <span class='ocrx_word' id='word_1_523' title='bbox 872 2773 986 2806; x_wconf 88' lang='lat' dir='ltr'><strong><em>mitur.</em></strong></span> 
     </span>
    </p>
   </div>
  </div>
 </body>
</html>
