1966 3302
290 230 374 269 704
784 237 822 268 1³.
851 236 1091 266 TERENTH
1126 236 1241 266 ,arni

290 346 363 368 nam
373 335 463 373 sores
475 334 616 376 crepuit?
637 333 817 366 Quomodo
832 333 1015 365 Leidenses
1031 343 1160 373 omnes,
1183 332 1247 364 nisi
1264 332 1355 373 quod
1373 341 1455 364 unus
1471 331 1599 366 omittit
1611 333 1649 365 τὸ
1661 335 1738 372 sed,-

291 380 325 410 in
351 388 417 409 uno
445 376 726 418 suprascriptum,
748 376 882 416 aperuit.
925 376 981 407 Tr.
1006 380 1041 407 et
1065 376 1162 408 Junt.
1185 376 1248 407 Sed
1271 376 1411 416 quisnam
1425 375 1513 414 foris
1537 378 1678 417 crepuit?
1697 376 1736 409 τὸ

289 422 430 462 quisnam
453 426 566 452 autem
591 420 729 460 antique
743 418 872 450 dictum
899 428 960 459 pro
986 429 1147 459 quoenam,·
1169 418 1349 460 potuitque
1366 418 1415 449 ita
1430 419 1556 450 dixisse
1572 419 1736 460 Ctesipho

290 465 447 496 exultans
474 463 608 503 gaudio,
633 471 695 493 nec
722 462 803 492 satis
829 462 1011 492 advertens
1028 462 1187 501 animum,
1211 471 1285 503 quae
1301 461 1392 492 fores
1408 463 1612 501 crepuerint.
1658 462 1736 494 Nisi

289 512 404 538 autem
421 508 559 546 legisset
576 505 744 542 Donatus,
756 504 856 543 fores,
876 513 943 534 non
961 509 1168 542 annotasset,
1191 513 1263 535 esse.
1278 503 1458 545 singularis
1474 505 1616 545 numeri,
1630 506 1736 537 nomi-

289 550 397 581 nativi
421 559 530 580 casus.
574 548 632 579 Sic
654 549 663 565 ‘
679 546 785 586 feles:
807 549 816 563 ‘
831 545 971 587 vulpes,'
995 556 1070 587 pro,
1095 546 1182 586 felis,
1209 547 1326 586 vulpis.
1370 547 1574 587 Quanquam
1602 552 1638 579 et
1651 548 1738 586 soris

290 593 461 624 dixerunt.
488 591 602 622 Plaut.
620 590 692 622 Mu.
710 599 750 621 ιι.
769 592 798 620 1.
815 592 868 621 76.
888 593 896 606 ⁴
910 589 977 620 Sed
993 589 1073 621 foris
1089 588 1313 630 concrepuit?
1342 588 1442 620 West.
1467 589 1512 620 G.
1537 590 1628 621 Nihil
1643 600 1738 632 supra

286 639 406 676 potest:
430 634 569 674 quisnam
577 633 667 671 fores
680 630 822 673 crepuit?
846 632 941 663 Idem
956 632 990 663 in
1004 632 1161 664 Addend.
1194 632 1289 663 Libri
1305 632 1411 663 nostri
1427 641 1555 672 omnes,
1571 633 1631 664 Nil
1643 643 1737 674 supra

284 682 398 719 potest.
439 676 630 716 Legeudum
647 676 763 715 igitur,
781 675 839 706 Nil
853 685 945 715 supra
957 678 1038 715 pote.
1062 676 1121 706 Fa.
1160 675 1221 706 Sed
1236 675 1376 716 quisnam
1382 674 1467 712 foris
1478 675 1613 716 crepuit]
1638 675 1736 708 Idem

289 721 390 761 liber,
413 720 495 750 item
513 720 579 750 Do.
595 728 661 749 non
677 718 804 749 habeut
819 718 1001 749 dictionem
1017 719 1093 754 sed;
1116 722 1152 748 et
1178 727 1239 758 pro
1262 717 1414 758 quisnam,
1440 718 1584 758 quidnam
1609 719 1736 759 legunt,

288 770 328 795 ut
350 769 386 795 et
411 762 499 793 liber
514 761 745 800 Victorianus,
764 760 852 799 fores
870 769 964 800 vero,
988 770 1050 801 pro
1065 760 1162 799 foris,
1180 764 1312 791 tautum
1332 760 1397 791 Do.
1423 765 1459 791 et
1482 760 1572 792 idem
1587 760 1681 793 Vict.
1697 771 1738 793 ac

289 807 512 844 Decurtatus‚
536 809 571 836 et
596 805 697 843 Bas.;
723 813 930 843 exponemus
946 809 1059 835 autem
1075 803 1222 843 quidnam
1238 803 1327 841 fores
1341 803 1471 843 crepuit,
1496 813 1561 844 qua
1575 804 1618 835 de
1634 814 1738 836 causa

289 849 406 880 sonuit
418 848 535 888 janua.
562 847 659 878 Idem.
707 847 825 878 Nostri
841 856 956 877 omnes
969 846 1069 886 fores,
1087 855 1264 886 perperam
1283 856 1344 886 pro
1362 845 1458 884 foris.
1505 846 1567 877 Sed
1583 847 1737 888 plerique

290 893 471 923 omittunt:
495 891 641 930 quidnam
655 894 725 920 tres
740 889 875 920 habent,
919 890 993 928 Ego
1011 899 1072 929 pro
1085 889 1154 927 illo,
1170 888 1259 929 quod
1275 888 1373 925 dedit
1389 888 1448 919 Fa.
1471 888 1531 919 Nil
1542 889 1614 930 pbtc
1626 899 1738 930 supra.-

289 934 532 976 quidnc'zmsorcs
546 930 688 972 crepuit?
705 933 753 964 sic
769 941 910 972 repono,
925 932 985 962 Nil
998 932 1090 972 supra
1100 935 1172 972 pote
1183 942 1193 962 .·
1208 941 1279 962 nam
1293 932 1365 972 quid
1372 931 1458 969 foris
1471 930 1609 971 crepuit?
1633 932 1737 964 Bent.

290 979 345 1009 ΑΙ.
380 977 442 1008 SY.
469 977 576 1011 Mane,
593 976 656 1014 ipse
670 985 696 1006 e.
713 975 745 1014 f.
781 977 790 992 ‘
805 976 866 1006 SY.
892 975 951 1006 Nil
964 978 1033 1014 pote
1047 974 1154 1014 supra]
1172 973 1228 1005 ΑΙ.
1243 979 1278 1005 et
1292 975 1366 1005 haec
1383 974 1449 1004 tria
1463 975 1567 1005 verba
1583 974 1739 1007 tribuunt

289 1020 489 1060 Clitiphoni.
533 1019 678 1049 Multum
697 1023 811 1049 autem
837 1023 873 1048 et
899 1017 931 1047 in
956 1019 1017 1048 hoc
1040 1027 1139 1048 versu
1166 1017 1322 1048 laborant
1336 1017 1473 1056 Critici,
1497 1026 1639 1058 quorum
1655 1027 1740 1049 cura

287 1064 388 1095 hodie
402 1062 508 1102 major
525 1061 698 1092 octonario
713 1061 834 1092 evasit.
879 1059 1116 1091 Diversimode
1134 1069 1214 1090 vero
1230 1059 1376 1091 eduntur
1391 1059 1451 1090 Nil
1463 1063 1534 1099 pote
1547 1070 1642 1100 supra
1653 1072 1663 1091 .·
1683 1063 1739 1093 sed

290 1106 380 1148 (aliis
405 1103 591 1145 omittitur)
617 1104 756 1144 quisnam
780 1103 840 1145 (al.
867 1102 1031 1144 quidnam)
1047 1103 1138 1141 fores
1161 1103 1222 1144 (al.
1240 1100 1343 1143 foris)
1368 1103 1497 1142 crepuit.
1541 1103 1604 1147 Sy.
1630 1103 1740 1144 Mane,

289 1148 402 1180 mane!
424 1148 488 1188 ipse
504 1147 567 1178 exit
576 1146 679 1185 foras.
716 1147 800 1178 Cum
817 1156 872 1187 ap.
889 1155 1002 1176 omnes
1019 1155 1135 1176 versus
1152 1146 1298 1176 excedat
1313 1145 1535 1183 octonarium,
1551 1145 1738 1178 omittimus

290 1202 365 1224 cum
382 1192 439 1222 Er.
455 1191 596 1221 alteru-m
614 1199 724 1226 πωπω
746 1194 781 1220 et
795 1189 926 1229 crepuit,
950 1187 1039 1230 quod
1055 1187 1203 1220 librariis
1221 1188 1254 1219 in
1270 1192 1385 1219 mente
1401 1193 1488 1226 erat,
1505 1187 1561 1219 ubi
1577 1188 1740 1227 voxsores

288 1235 479 1275 legebatur,
495 1233 712 1264 emendamus
729 1232 760 1262 in
777 1233 854 1263 exit.
884 1231 1010 1263 Iisdem
1026 1231 1138 1263 verbis
1156 1231 1342 1272 respondet
1356 1231 1461 1272 Syrus
1481 1229 1601 1271 ‘lpse'
1617 1230 1741 1273 (frater

292 1288 392 1319 quem
415 1275 579 1313 laudasti>
604 1275 714 1306 ‘foras
743 1274 833 1306 exit!
877 1274 1015 1305 Placuit
1036 1274 1085 1305 ita
1110 1274 1227 1313 magis,
1251 1284 1350 1315 quam
1367 1274 1433 1305 alia
1448 1273 1661 1306 emendatio:
1685 1276 1740 1306 sed

289 1320 364 1362 quid
378 1324 442 1351 tam
448 1320 532 1357 foris
545 1317 688 1359 crepuit!
703 1318 782 1358 Bip.
818 1317 880 1349 Sed
895 1318 1038 1358 quidnam
1055 1317 1093 1348 Z.
1130 1316 1225 1348 Nihil
1238 1327 1333 1357 supra
1346 1320 1457 1357 potest.
1495 1316 1644 1352 Quisnam
1649 1317 1741 1356 fores

290 1364 410 1403 crepuit
435 1363 496 1393 ΒΓ.
543 1362 605 1392 Sed
629 1362 775 1401 quidnam
795 1361 915 1400 crepuit
931 1359 1041 1399 foris?
1063 1361 1180 1391 Mane:
1204 1360 1266 1400 ipse
1291 1369 1316 1390 e.
1333 1360 1366 1398 f.
1391 1360 1492 1391 Both.
1536 1361 1546 1377 ‘
1562 1359 1621 1390 Nil
1644 1369 1740 1401 supra

287 1409 388 1447 potest
405 1405 489 1436 GM.
505 1409 541 1435 et
556 1404 630 1435 GC.
650 1405 807 1438 Quidnam
822 1404 905 1435 Par.
921 1402 986 1435 ed.'
1010 1403 1097 1434 Perl.
1139 1403 1231 1434 6Μὸ.
1246 1403 1287 1434 R.
1303 1406 1337 1434 et
1352 1403 1430 1434 Vet.
1445 1401 1521 1434 cod.
1539 1402 1633 1435 Nihil
1646 1412 1740 1445 supra

286 1447 411 1491 potest?
433 1446 602 1489 quidnam?
624 1446 723 1479 Lind.

675 1750 878 1793 ACTUS
912 1751 977 1793 ΙΙ.
1037 1750 1245 1792 SCENA
1278 1750 1359 1793 IV.

510 1882 782 1912 AESCHINUS.
796 1881 1015 1916 *SANNIQ
1047 1880 1301 1911 CTESIPHO.
1333 1879 1510 1910 SYRUS.

294 1968 393 2009 AEs.
424 1966 517 2008 Um
559 1968 631 2008 ille
665 1971 733 2008 est
756 1966 1046 2025 sacrilegus?
1121 1966 1240 2006 ΒΑΝ.
1273 1963 1606 2017 Men'quaerit‘?
1637 1976 1738 2004 num

464 2036 672 2091 quidnam
693 2033 847 2075 effert?
881 2033 1050 2074 occidi!

334 2163 402 2195 AEs.
433 2164 566 2195 Ubinam
581 2166 624 2194 est
641 2162 691 2193 ille
703 2162 844 2193 scelestus
860 2162 926 2192 leno
943 2160 1083 2191 Sannio?
1125 2159 1187 2190 SA.
1209 2159 1303 2189 illene
1318 2157 1473 2198 appellat?
1494 2166 1568 2188 num
1579 2154 1742 2196 pecuniam

894 2243 1128 2255 eeeeeeeeeeee

335 2314 376 2346 In
394 2314 472 2354 Bip.
491 2312 570 2345 Act.
588 2323 627 2344 11.
643 2313 697 2344 Sc.
711 2315 807 2344 6.—l
838 2312 899 2343 Ubi
913 2311 966 2342 ille
981 2314 1027 2342 est
1042 2310 1235 2349 sacrilegus?
1257 2308 1312 2340 Ita
1332 2307 1434 2347 edidi,
1459 2307 1664 2338 Glareanum
1690 2317 1741 2339 se-

294 2363 404 2389 cutus.
448 2357 569 2396 Vulgo,
599 2356 660 2386 Ubi
686 2359 731 2387 est
757 2355 807 2385 ille
830 2354 1022 2394 sacrilegus?
1044 2354 1089 2384 Et
1110 2354 1157 2383 ita
1173 2353 1217 2384 G.
1236 2352 1302 2382 ET.
1320 2352 1400 2382 EM.
1439 2350 1556 2381 Malim
1571 2355 1698 2387 tamen,
1714 2352 1742 2382 si

295 2410 357 2442 per
385 2399 530 2430 Codices
558 2398 689 2436 liceret,
720 2398 779 2428 Ubi
802 2398 865 2428 illic
890 2400 935 2428 est
960 2396 1150 2435 sacrilegus?
1174 2395 1230 2426 Sic
1257 2394 1344 2425 And.
1361 2403 1417 2424 111.
1439 2396 1470 2424 5.
1488 2394 1518 2423 1.
1544 2397 1580 2423 et
1607 2402 1642 2423 v.
1658 2396 1690 2424 6.
1709 2396 1741 2425 l.

296 2443 385 2474 Nam
414 2442 478 2472 illic
499 2451 559 2482 pro
585 2442 636 2472 ille
661 2442 822 2472 usitatum
848 2440 1004 2471 Coruinis.
1049 2439 1106 2469 Sic
1124 2437 1214 2468 And.
1240 2446 1282 2468 11.
1299 2440 1329 2467 6.
1347 2439 1401 2467 27.
1445 2435 1587 2466 Plautus
1605 2436 1742 2475 saepius.

299 2486 400 2517 IVest.
446 2485 531 2515 Meu’
545 2485 657 2523 quierit
668 2483 694 2523 ?]
720 2484 773 2514 lta
789 2483 922 2523 plurimi
942 2482 1031 2514 libri.
1076 2480 1183 2512 Pauci
1197 2490 1271 2510 cum
1289 2479 1364 2510 cod.
1380 2479 1478 2510 Bem.
1495 2477 1583 2509 citra
1599 2477 1741 2509 interro-

294 2529 488 2568 gationem:
513 2526 601 2566 quod
630 2526 747 2557 laudat
773 2526 856 2556 Tan.
884 2526 1003 2556 Faber.
1047 2523 1159 2564 Atque
1185 2524 1231 2553 ita
1255 2527 1306 2553 est
1334 2522 1367 2552 in
1394 2521 1478 2553 edit.
1495 2519 1682 2552 Amstelod.
1697 2530 1740 2552 ex

293 2569 492 2602 recensione
509 2569 654 2607 Heinsm
672 2572 765 2599 1618.
782 2569 878 2599 Idem.
903 2569 990 2599 Num
1004 2567 1150 2607 quidnam
1166 2565 1256 2606 effert
1264 2565 1290 2604 ?]
1308 2565 1390 2596 Mss.
1406 2563 1554 2605 quidam,
1567 2572 1639 2594 num
1653 2563 1742 2603 quid-

293 2622 366 2644 nam
382 2610 535 2653 effertur?
573 2610 639 2641 Alii
655 2621 727 2641 num
742 2612 886 2651 quidnam
901 2610 1022 2651 affert?
1037 2611 1203 2650 quomodo
1219 2611 1272 2638 est
1286 2609 1318 2638 in
1333 2616 1398 2638 uno
1414 2607 1497 2638 Mss.
1514 2605 1740 2638 Leidensium.

293 2655 363 2686 Sed
390 2657 425 2685 in
451 2664 529 2693 uno,
552 2664 624 2683 ‘ruam
651 2654 796 2693 quidnam.
819 2653 914 2694 affert
938 2655 1121 2692 argentum.)
1143 2661 1184 2682 ex
1208 2651 1327 2691 glossa.
1351 2650 1450 2680 Idem.
1492 2647 1580 2679 IlIen’
1595 2648 1740 2689 quoeritP]

293 2698 419 2729 Melius
444 2697 541 2727 Bem.
585 2697 640 2726 Me
656 2698 777 2735 qucerit.
793 2705 854 2726 nec
872 2695 1116 2734 interrogative
1134 2693 1418 2734 pronuntiandum
1433 2694 1496 2722 est.
1523 2691 1578 2722 Fa.
1623 2690 1741 2722 Nostri

295 2749 411 2771 omnes
430 2738 515 2770 Men'
528 2740 661 2778 quaerit?
685 2738 750 2769 Sed
769 2743 862 2769 recte
880 2740 977 2769 Rem.
1000 2739 1055 2769 Me
1071 2738 1192 2778 qua’rit.
1217 2737 1320 2767 Bent.
1348 2735 1408 2766 Ubi
1422 2737 1466 2764 est
1480 2734 1533 2764 ille
1547 2733 1714 2773 sacrilegus
1725 2731 1741 2764 ’.Ρ

296 2784 358 2814 Br.
374 2782 414 2814 Z.
438 2782 492 2812 Me
507 2781 629 2821 quoerit.
654 2782 754 2812 Both.
772 2782 849 2821 Bip.
869 2782 962 2813 Peri.
985 2781 1103 2821 Affert.
1127 2778 1241 2811 Guelf.
1259 2782 1289 2810 3.
1303 2782 1338 2809 et
1353 2782 1422 2809 vet.
1437 2776 1512 2808 cod.
1527 2787 1582 2818 ap.
1600 2776 1739 2807 find.—
