1966 3302
269 227 356 273 718
760 241 801 270 P.
835 238 1077 270 TERENTll
1109 240 1227 272 AFRI

644 406 846 449 ACTUS
879 408 969 449 III.
1032 408 1237 451 SCENA
1269 408 1357 450 III.

800 541 902 570 DEM
913 541 987 570 EA.
1017 541 1197 572 SYRUS.

274 621 362 662 DE.
394 618 651 661 DISPERII!
715 617 1031 672 Ctesiphonem
1054 620 1203 661 audivi
1222 619 1360 661 filium

270 687 373 729 Una
393 687 574 728 affuisse
597 686 642 726 in
663 685 863 738 raptione
885 699 984 727 cum
1003 687 1236 728 AEschino.

262 755 326 811 ,Ιῤ
346 755 505 796 misero
526 756 661 794 restat
679 753 785 793 mihi
801 754 919 803 mali,
939 755 978 795 si
998 754 1123 795 illum
1143 757 1305 808 potest,

272 821 364 873 Qui
386 822 520 863 alicui
540 821 602 862 rei
623 826 706 871 est,
727 821 861 877 etiam
883 834 984 885 eum
1005 821 1062 862 ad
1081 822 1320 876 nequitiam
1341 821 1576 863 abducere.
1610 805 1800 912 ζψὶὲ

271 888 363 931 Ubi
383 902 464 942 ego
485 888 609 930 illum
630 889 859 941 quaeram?
892 889 1024 930 credo
1044 889 1284 930 abductum
1304 889 1349 930 in
1369 902 1556 944 ganeum
1689 889 1717 929 5

272 956 436 1011 Aliquo
453 971 462 998 :
493 957 711 1010 persuasit
731 956 807 997 ille
828 957 1041 1010 impurus,
1063 960 1134 998 sat
1154 956 1263 998 scio.

272 1025 362 1066 Sed
383 1037 533 1065 eccum
552 1023 710 1078 Syrum
730 1024 790 1064 ire
810 1023 967 1065 video!
996 1024 1096 1066 hinc
1117 1024 1243 1065 scibo
1259 1023 1370 1078 jam,
1389 1023 1465 1065 ubi
1486 1023 1591 1076 siet;

270 1091 417 1145 Atque
436 1091 577 1132 hercle
597 1091 667 1132 hic
689 1090 742 1132 de
762 1104 889 1145 grege
910 1091 987 1132 illo
1009 1096 1100 1133 est:
1132 1092 1170 1133 si
1191 1104 1262 1132 me
1282 1091 1466 1134 senserit

271 1158 385 1200 Eum
407 1160 650 1218 quaeritare,
670 1171 891 1213 nunquam
911 1158 1030 1200 dicet
1050 1159 1279 1201 carnufex.

271 1226 377 1268 Non
396 1226 623 1269 ostendam
643 1239 713 1268 me
734 1226 780 1268 id
799 1227 928 1269 velle.
987 1227 1070 1268 ΞΥ.
1102 1216 1289 1268 Omnem
1309 1239 1397 1268 rem
1417 1225 1547 1267 modo
1570 1226 1678 1277 seni,

314 1353 383 1384 DE.
410 1352 542 1389 Occidi;
565 1351 672 1383 audivi
689 1351 901 1392 Ctesiphonem
915 1352 1057 1383 comitem
1071 1352 1174 1391 fuisse
1189 1353 1343 1392 AEschini‚
1359 1362 1427 1383 cum
1439 1353 1571 1392 puellam
1591 1353 1719 1393 rapuit;

269 1397 302 1427 id
317 1395 393 1427 mihi
407 1395 523 1433 infelici
537 1404 688 1425 summmn
702 1395 815 1425 malum
830 1395 929 1426 adhuc
944 1395 1093 1435 reliquum
1115 1400 1174 1434 est,
1197 1396 1225 1426 si
1250 1395 1414 1426 AEschiuus
1430 1394 1652 1436 Ctesiphonem,
1667 1396 1721 1435 qui

270 1439 365 1471 alicui
379 1438 426 1469 rei
444 1438 531 1469 utitis
545 1447 610 1468 esse
630 1440 741 1477 potest,
763 1439 804 1468 dd
819 1439 926 1469 luxum
941 1442 971 1469 et
987 1438 1145 1469 libidinem
1159 1438 1309 1478 impellat.
1357 1438 1491 1469 Ubinam
1504 1437 1604 1477 igitur
1624 1438 1722 1469 Ctesi·

266 1482 399 1522 phonem
426 1479 587 1521 quoeram?
610 1481 642 1510 in
664 1481 804 1521 lupanar,
833 1485 870 1511 ut
898 1482 1047 1521 suspicor,
1071 1482 1222 1521 quoddam
1242 1480 1280 1511 ab
1305 1480 1451 1512 AEschino
1478 1480 1626 1511 abductus
1654 1484 1719 1511 est.-

267 1524 422 1565 persuasit
441 1523 625 1564 flagitiosus
649 1523 702 1554 ille
731 1523 924 1563 Ctesiphoni,
947 1523 1041 1563 probe
1065 1523 1138 1563 scio,
1168 1527 1202 1554 ut
1231 1533 1332 1554 secum
1359 1524 1431 1554 illuc
1457 1523 1528 1554 iret.
1573 1523 1636 1553 Sed
1656 1533 1720 1553 ecce

271 1568 386 1608 Syrum
408 1567 513 1597 venire
537 1566 639 1597 video:
655 1566 725 1604 J'am
750 1575 790 1596 ex
810 1566 863 1596 illo
891 1567 998 1606 sciam,
1014 1566 1067 1597 ubi
1080 1567 1123 1597 sit
1141 1566 1305 1607 Ctesipho.-
1332 1570 1421 1607 atque
1436 1565 1604 1597 mehercule
1618 1566 1656 1596 de
1667 1566 1721 1596 illo

270 1610 425 1642 bominum
439 1612 515 1640 coetu
531 1612 596 1640 est:
619 1609 646 1638 si
666 1609 919 1639 animadverterit
934 1619 980 1639 me
995 1610 1081 1640 illum
1094 1609 1205 1648 cupide
1227 1618 1374 1649 quoerere,
1391 1618 1546 1648 nunquam
1559 1608 1654 1647 dicet,
1668 1608 1722 1639 ubi

270 1654 313 1685 sit
326 1663 425 1693 ganeo
445 1653 496 1684 ille
509 1663 519 1682 :
542 1651 738 1683 dissimulabo
760 1661 807 1683 me
825 1651 859 1683 id
873 1661 991 1692 cupere.
1036 1652 1097 1683 SY.
1123 1652 1185 1683 Res
1197 1656 1304 1692 gestas
1318 1652 1356 1682 ab
1372 1651 1520 1683 AEschino
1535 1650 1668 1682 Miciaemi
1681 1660 1722 1682 ea:

1017 1747 1117 1759 ΝΜ

314 1817 334 1845 2
357 1813 398 1844 In
414 1812 487 1843 aliis
501 1817 554 1843 est
569 1812 708 1854 affuisse,
732 1813 764 1843 in
779 1813 850 1844 aliis
866 1813 981 1852 fuisse.
1024 1814 1090 1845 Sed
1107 1813 1234 1854 affuisse
1249 1813 1354 1844 vincit
1368 1821 1507 1844 numero
1523 1812 1607 1843 Mss.
1630 1812 1721 1843 unde

271 1858 376 1888 etiam
403 1856 580 1896 praelatum
607 1866 626 1886 a
651 1856 801 1887 Mureto.
847 1856 963 1897 Atque
987 1856 1170 1888 ediderunt
1194 1857 1241 1888 ita
1265 1856 1396 1895 Juntae,
1425 1855 1545 1894 Aldus,
1572 1854 1722 1893 Fabrini,

273 1904 349 1939 post
372 1898 445 1930 EA.
476 1898 548 1929 ET.
576 1899 669 1929 alias.
715 1899 838 1940 Neque
867 1900 969 1931 aliter
993 1900 1125 1931 Nonius
1150 1899 1335 1930 Marcellus
1359 1899 1456 1929 citat.
1483 1897 1584 1929 West.
1625 1898 1722 1928 Bem.

263 1942 380 1980 fuisse.
426 1941 494 1973 Sed
522 1942 629 1972 nostri
657 1950 773 1972 onmes
797 1941 936 1983 qffuisse.
983 1942 1057 1974 Nec
1085 1942 1327 1983 spernendum.
1358 1941 1454 1972 Bent.
1508 1940 1618 1971 Fuisse
1641 1940 1720 1980 Bip.

271 1985 463 2026 Delph.—4
488 1984 529 2014 In
544 1984 599 2015 Tr.
617 1984 664 2015 M.
681 1984 802 2015 Boend.
826 1985 967 2026 aliisque
994 1985 1160 2016 nonnullis
1176 1989 1240 2024 est,
1267 1984 1397 2023 alicujus
1411 1983 1477 2014 rei:
1500 1982 1669 2024 quomodo
1685 1989 1720 2014 et

273 2026 347 2059 EA.
373 2027 444 2058 ET.
467 2026 541 2058 ΕΡ.
566 2027 640 2057 EV.
666 2030 696 2058 1.
711 2030 743 2058 2.
778 2027 862 2067 Arg.
879 2033 914 2059 et
930 2027 1131 2069 quibusdam
1149 2027 1221 2058 aliis
1236 2027 1371 2067 legitur.
1405 2026 1492 2066 Eug.
1514 2025 1645 2064 alicujus
1658 2026 1722 2066 spei

273 2070 408 2101 videtur
433 2070 569 2109 legisse.
614 2070 806 2110 Utrumque
836 2080 1035 2111 perperam:
1061 2070 1148 2101 dixit
1172 2074 1283 2101 autem
1308 2068 1403 2100 alicui
1420 2068 1479 2100 rei.
1525 2069 1576 2100 Ex
1595 2069 1722 2099 Donati

272 2113 386 2144 verbis
401 2122 467 2143 non
484 2113 565 2143 licet
583 2112 763 2152 dispicere,
777 2113 918 2153 alicujus,
934 2123 974 2144 an
991 2113 1086 2144 alicui
1101 2113 1234 2152 legerit.
1255 2112 1355 2144 West.
1394 2111 1499 2142 Etiam
1511 2120 1590 2142 eum.
1622 2114 1723 2142 Πλεο-

271 2153 408 2195 νάζειτὸ
422 2165 500 2187 eum.
548 2155 636 2185 Vide
659 2164 760 2195 supra
784 2164 841 2186 ιιι.
869 2159 900 2186 2.
930 2158 982 2187 17.
1009 2165 1199 2197 quanquam
1216 2154 1313 2186 abest
1328 2164 1346 2185 a
1362 2153 1564 2195 quibusdum
1583 2154 1668 2185 Mss.
1685 2158 1721 2185 et

272 2198 445 2239 impressis
461 2198 511 2238 [in
528 2196 686 2229 Addend.
712 2202 809 2229 notat
833 2197 878 2229 G.
903 2202 940 2229 et
966 2198 1065 2238 EM.]
1099 2199 1140 2229 In
1155 2198 1226 2229 aliis
1243 2202 1296 2228 est
1311 2198 1456 2228 etiamad
1469 2196 1638 2236 nequitiam
1654 2206 1722 2227 eum

271 2242 432 2272 adducere.
457 2240 566 2271 Idem.
607 2240 781 2272 Abducere.
816 2240 969 2272 Praestat
995 2242 1067 2272 haec
1092 2241 1196 2272 lectio
1220 2249 1289 2280 prae
1318 2240 1376 2270 illa
1397 2238 1606 2280 quorundam
1621 2239 1721 2270 codd.

271 2284 430 2314 adducere.
453 2282 561 2314 Idem.
599 2283 652 2314 Ad
666 2283 836 2323 nequitiam
849 2285 1009 2315 adducere.
1045 2284 1142 2316 Bem.
1157 2285 1198 2314 ad
1212 2282 1389 2322 nequitiem,
1405 2281 1493 2323 quod
1508 2281 1616 2321 magis
1631 2283 1722 2322 sapit

274 2327 525 2367 antiquitatem.
543 2326 605 2356 Fa.
643 2325 762 2357 Nostri
779 2335 893 2357 omnes
907 2327 1090 2367 nequitiam.
1105 2327 1207 2357 Bent.
1240 2325 1326 2356 GM.
1341 2325 1492 2363 alicujus:
1509 2333 1584 2364 sup.
1599 2324 1719 2364 script.

273 2369 434 2400 utilitatis.
470 2368 567 2399 Lind.
594 2369 724 2399 omittit
748 2378 827 2408 eum,
852 2369 942 2409 quod
970 2369 1051 2400 Par.
1069 2373 1228 2400 narrante
1245 2367 1406 2398 abundat.
1429 2367 1515 2398 Per-l.
1538 2365 1596 2407 qui
1612 2365 1670 2397 dat
1685 2372 1722 2397 nt

274 2412 377 2442 Bent.
398 2412 437 2441 ad
452 2411 621 2450 nequitiem
635 2412 793 2442 adducere.
839 2411 982 2442 Bothius
998 2412 1082 2451 legit
1100 2412 1140 2447 Q.
1156 2422 1185 2443 a.
1209 2420 1244 2442 re
1265 2414 1323 2449 est,
1338 2411 1433 2441 etiam
1447 2418 1547 2440 meum
1561 2409 1601 2439 ad
1615 2410 1722 2449 nequi-

274 2455 352 2485 tiam
367 2454 527 2485 adducere.
572 2453 630 2483 ΒΥ.
652 2455 691 2484 ad
705 2454 876 2493 nequitiam
891 2464 958 2484 eum
972 2456 1132 2485 adducere.
1171 2454 1282 2485 Notat
1298 2453 1411 2483 Bruns
1434 2454 1442 2469 ‘
1458 2451 1513 2482 ed.
1531 2451 1640 2482 omitt.
1654 2462 1722 2483 eum

275 2495 491 2528 rectissime?
526 2495 668 2534 Alicujus
680 2496 726 2527 rei
742 2497 783 2527 R.
799 2498 844 2528 D.
876 2497 958 2528 Eum
972 2497 1070 2528 abest
1086 2497 1125 2528 Z.
1158 2497 1210 2527 Ad
1223 2496 1391 2535 nequitiem
1405 2495 1555 2526 adducere
1571 2493 1647 2535 Bip.
1670 2495 1721 2526 Ad

274 2539 441 2580 nequitiem
458 2538 581 2578 Delph.
619 2539 710 2569 Nunc
724 2548 785 2577 pro
801 2549 869 2570 eum
884 2539 1000 2570 Guelf.
1017 2542 1112 2570 3.-5
1138 2539 1222 2569 Mss.
1237 2538 1372 2579 quidam
1390 2543 1424 2569 et
1439 2537 1593 2577 impressi
1618 2537 1721 2576 aliquo

274 2582 308 2612 in
321 2590 464 2621 ganeum.
487 2581 661 2611 West.—6
685 2581 768 2612 Mss.
785 2586 821 2612 et
837 2581 919 2612 editi
937 2582 1070 2622 quidam
1089 2585 1222 2612 veteres
1239 2582 1356 2621 legunt
1375 2579 1530 2620 persuasit
1555 2579 1722 2610 AEschinus

275 2624 328 2655 ille
342 2625 497 2664 impurus.-
515 2622 605 2663 quod
622 2631 663 2652 ex
680 2624 788 2662 glossa
805 2624 939 2655 videtur
955 2624 1144 2664 irrepsisse.
1162 2624 1259 2654 Idem.
1297 2623 1464 2654 AEschinus
1479 2625 1555 2662 post
1568 2622 1721 2661 persuasit

277 2665 393 2697 Guelf.
411 2668 508 2697 2.—7
530 2664 570 2695 Τὸ
587 2665 656 2703 jam
683 2665 780 2696 abest
807 2675 826 2697 a
850 2666 1048 2706 quibusdam
1072 2666 1245 2697 libris.—S
1267 2665 1295 2696 C
1319 2665 1376 2697 At.
1400 2664 1501 2696 Both.
1525 2663 1720 2703 Atqui.-1o

279 2709 409 2739 Omnem
423 2718 500 2739 rem.
544 2707 585 2738 In
603 2707 802 2748 quibusdam
820 2709 921 2741 codd.
938 2710 969 2740 h.
985 2710 1006 2741 l.
1024 2709 1154 2740 initium
1175 2709 1293 2740 Scenae
1309 2717 1361 2738 iv.
1383 2707 1555 2744 statuitur,
1577 2705 1634 2746 [In
1652 2705 1720 2737 Ad-

277 2751 379 2782 dend.
398 2755 560 2781 memorat
577 2749 620 2781 G.
638 2751 706 2781 ET.
725 2755 758 2781 et
775 2751 869 2791 EM.]
892 2751 1051 2783 laudante
1068 2752 1217 2782 Mureto.
1251 2749 1360 2781 Malui
1374 2753 1484 2780 autem
1501 2748 1720 2789 plurimorum

267 2798 313 2829 *et
340 2793 466 2824 Donati
491 2792 727 2824 auctoritatem
754 2793 861 2833 sequi.
890 2795 983 2824 ll'est.
1028 2798 1149 2824 Omnes
1175 2794 1197 2824 1.
1223 2802 1249 2824 s.
1277 2792 1310 2823 id
1333 2801 1380 2823 me
1401 2791 1488 2823 velle.
1514 2791 1571 2822 Fa.
1616 2790 1671 2822 Sic
1686 2795 1721 2822 et
