1966 3302
477 235 894 274 HEAuToN'rimoR.
929 244 1038 273 Ac‘r.
1063 244 1126 272 iv.
1160 243 1226 273 sc.
1253 245 1282 274 1.
1522 236 1605 276 61²3

156 335 277 388 Quid
305 349 403 378 cum
434 335 524 377 illis
554 349 674 389 agas,
708 337 785 392 qui
820 351 964 392 neque
990 338 1082 392 jus,
1112 351 1251 392 neque
1284 339 1442 380 bonum
1473 344 1604 393 atque

325 417 500 458 aequum
522 405 697 446 sciunt?

154 470 335 521 Melius,
356 471 516 525 pejus;
547 472 701 525 prosit,
722 473 867 523 obsit3
899 472 1008 512 nihil
1032 473 1192 522 vident,
1215 473 1300 513 nisi
1324 474 1444 526 quod
1466 475 1602 515 lubet.

153 538 230 579 So.
261 539 329 581 Mi
360 538 562 590 Chreme,
594 541 797 593 peccavi,
818 540 983 581 fateor:
1019 540 1189 581 vincor:
1222 554 1337 582 nunc
1358 541 1440 583 hoc
1462 546 1503 582 te
1526 543 1604 583 ob-

324 619 476 648 secro:
1401 633 1407 638 -
1547 609 1603 650 31

152 670 332 721 Quanto
353 678 453 715 tuus
475 679 544 716 est
565 674 735 716 animus
754 678 860 715 natu
883 673 1070 725 gravior,
1090 674 1401 725 ignoscentior‚

153 737 217 780 Ut
236 754 346 782 meae
368 742 566 783 stultitiae
587 743 632 783 in
646 742 824 796 justitia
845 746 919 783 tua
941 742 999 781 sit
1021 741 1187 794 aliquid
1210 743 1405 794 praesidi.

153 806 242 848 CH.
273 807 454 850 Scilicet
473 809 678 863 equidem
698 810 810 850 istuc
834 809 998 850 factum
1020 808 1274 861 ignoscam:
1305 823 1472 862 verum,
1497 811 1602 854 Sos—

321 879 452 925 trata,

151 941 274 984 Male
303 943 436 985 docet
465 947 508 985 te
539 956 639 985 mea
665 943 860 985 facilitas
890 943 1044 985 multa.
1103 944 1192 986 Sed
1222 945 1357 996 istuc,
1392 945 1603 1000 quicquid

324 1016 408 1061 est,
1546 1014 1604 1055 35

148 1120 215 1141 eam
230 1120 291 1142 non
304 1110 419 1142 vivere.
468 1111 623 1147 Quomodo
650 1116 679 1144 te
703 1122 797 1152 geras
818 1122 894 1152 erga
916 1122 966 1143 eos
991 1113 1044 1153 qui
1068 1113 1220 1151 nesciunt,
1244 1123 1339 1153 neque
1355 1112 1505 1144 rationem
1514 1114 1602 1152 juste

149 1154 282 1190 vivendi,
303 1164 398 1194 neque
414 1155 487 1194 quid
509 1155 667 1186 honestum
692 1156 734 1187 sit
748 1157 854 1194 suctu,
876 1166 970 1195 neque
995 1157 1174 1196 (equitatem
1200 1157 1386 1194 naturalem,
1415 1156 1488 1196 quid
1507 1157 1599 1194 juvet

147 1197 262 1235 nangis,
284 1197 358 1237 quid
371 1198 473 1236 magis
487 1201 607 1237 noceat,
622 1198 702 1228 nihil
716 1198 775 1229 sibi
796 1202 980 1239 proponunt,
1004 1200 1065 1229 nz'si
1085 1200 1165 1239 quod
1188 1199 1233 1229 eis
1257 1200 1381 1239 placet?
1424 1199 1483 1229 So.
1510 1200 1538 1229 Ο
1555 1200 1600 1230 mi

152 1238 309 1278 Chremes,
329 1241 444 1278 erravi,
467 1240 613 1281 confiteor
627 1242 782 1277 delictum,
798 1242 873 1279 jure
889 1251 1013 1280 arguor.
1061 1242 1155 1272 Nunc
1180 1242 1238 1272 tibi
1264 1243 1412 1282 supplic0‚
1429 1245 1464 1272 ut
1489 1247 1602 1282 quanto

149 1282 350 1312 tuusanz'mus
365 1286 409 1313 est
425 1285 518 1314 <etate
530 1283 674 1323 peritior,
702 1284 744 1314 sit
770 1288 857 1315 tanto
879 1285 1029 1324 promtior
1046 1285 1085 1314 acl
1108 1285 1307 1324 parcendum,
1330 1288 1363 1314 ut
1390 1288 1444 1315 tua
1471 1286 1601 1324 aequitas

148 1324 268 1364 aliquid
285 1325 398 1355 auxilii
409 1325 545 1365 praebeat
561 1326 756 1367 simplicitati
772 1337 859 1357 meae.
903 1327 972 1358 CH.
997 1326 1122 1358 Scilicet
1141 1327 1292 1367 equidem,
1313 1327 1390 1358 hanc
1406 1329 1525 1368 culpam
1541 1327 1602 1358 tibi

147 1368 302 1405 condamm
324 1368 390 1408 sed,
414 1378 431 1399 o
455 1368 612 1410 Sostrata,
632 1373 662 1400 te
677 1370 756 1401 male
772 1370 984 1408 multafucere
999 1371 1107 1401 suadet
1123 1380 1189 1401 mea
1204 1370 1325 1401 lenitas.
1370 1370 1433 1401 Sed
1458 1371 1601 1411 quicquid

750 1464 985 1477 eeeeeeeeeeee

146 1538 211 1566 est.-
234 1538 272 1566 ut
287 1539 323 1567 et
338 1534 444 1575 exigit
456 1535 598 1566 versus!
623 1536 680 1567 Fa.
726 1537 735 1554 ‘
749 1537 793 1568 Et
810 1537 917 1568 nostri
935 1546 1049 1568 omnes
1063 1536 1164 1569 satis!
1189 1538 1378 1569 Bent.—29
1402 1537 1600 1578 Legendum

148 1583 262 1609 monet
278 1579 380 1610 Bent.
391 1579 501 1617 illisce,
518 1588 581 1609 non
596 1579 669 1610 illis.
715 1579 773 1610 Ita
789 1585 824 1611 et
840 1580 942 1612 Both.
991 1581 1097 1620 Neque
1113 1590 1175 1620 pro
1191 1585 1243 1611 aut
1261 1580 1377 1612 Guelf.
1395 1583 1511 1612 3.-3o
1535 1581 1602 1621 MS.

148 1621 225 1652 Pal.
241 1624 272 1652 2.
286 1631 414 1662 anpros,
429 1631 469 1652 an
484 1621 547 1652 obs.
580 1621 691 1652 Prava
708 1623 790 1654 leet.
807 1632 846 1653 ac
863 1629 929 1653 tam
948 1623 1096 1662 eleganti
1110 1624 1287 1654 verborum
1305 1623 1526 1655 concinnitati
1544 1625 1603 1655 ad-

149 1665 311 1696 versaria.
334 1665 507 1695 Perl.—31
533 1663 588 1695 Al.
607 1668 732 1696 nancte
749 1665 968 1697 obsecr0.-32
994 1666 1081 1697 Natu
1092 1667 1230 1705 gravior.
1278 1666 1363 1698 Haec
1379 1677 1444 1697 non
1462 1669 1602 1707 placent

148 1707 297 1748 Guyeto,
313 1707 481 1748 integrum
495 1716 626 1738 versum
643 1709 852 1749 expungenti
868 1714 905 1739 ut
921 1708 1124 1748 addititiam,
1141 1709 1299 1740 laudante
1313 1710 1486 1747 Boecler03
1511 1710 1601 1750 quod

147 1759 210 1781 nec
226 1750 389 1790 explicari
404 1750 592 1786 commode,
608 1759 669 1781 nec
683 1750 840 1782 connecti
857 1756 971 1792 queat.
1001 1751 1141 1791 Optime
1161 1758 1272 1783 autem
1286 1752 1456 1784 constabit
1470 1762 1602 1792 sensus,

147 1793 174 1823 si
188 1802 264 1824 cum
273 1793 357 1824 Mss.
370 1797 404 1823 et
415 1792 515 1823 editis
528 1793 727 1833 quibusdam
742 1794 979 1825 vetustissimis
991 1794 1096 1834 legas,
1108 1795 1206 1825 Tanto
1217 1795 1258 1826 sit
1275 1796 1493 1834 ignoscentior.
1525 1796 1602 1827 Nisi

146 1835 237 1876 quod
250 1840 358 1867 metro
371 1840 550 1876 repugnat.
581 1836 773 1867 Dacieriae
787 1838 854 1869 Ms.
865 1837 971 1877 Regio
987 1838 1116 1876 laudat,
1131 1838 1342 1876 Ignoscentior
1353 1842 1439 1869 tanto
1449 1839 1503 1869 sit.
1528 1839 1602 1878 [Ita

145 1887 221 1909 esse
233 1878 266 1909 in
279 1878 323 1910 G.
337 1883 450 1909 monet
459 1878 565 1909 West.
576 1879 610 1909 in
622 1878 727 1919 Ad‹1.]
743 1880 910 1911 Canterus
921 1883 997 1911 natu
1005 1881 1144 1920 gravior,
1160 1881 1475 1921 ignoscentiorlegit.
1509 1881 1602 1913 Doc-

145 1921 216 1953 tiss.
227 1921 428 1961 Wielingius
444 1921 614 1961 integrum
631 1923 842 1954 octonarium
859 1922 952 1961 facit,
973 1924 1109 1963 legens:
1136 1924 1259 1958 Quanto
1276 1927 1310 1954 tu
1323 1934 1354 1955 es
1368 1928 1443 1954 natu
1457 1925 1599 1962 gravior,

146 1967 233 1995 tanto
248 1964 368 1995 unimus
380 1964 423 1994 sit
438 1964 656 2003 ignoscentior.
680 1966 786 1996 West.
822 1967 831 1983 ‘
848 1966 996 1996 Omnino
1015 1969 1100 1996 tanto
1116 1966 1169 1996 hic
1187 1967 1411 1997 necessarium
1427 1971 1490 2006 est,
1508 1968 1598 2008 quod

145 2006 224 2037 libri
241 2007 372 2048 aliquot
385 2006 532 2037 habent:
557 2008 708 2038 nonnulli
721 2011 808 2039 tanto
823 2009 877 2044 sis,
901 2012 989 2039 tanto
1004 2012 1078 2039 esto.
1121 2009 1175 2039 Tu
1191 2019 1316 2049 repone.
1331 2021 1338 2040 :
1366 2010 1489 2045 Quanto
1505 2014 1539 2040 tu
1553 2020 1599 2041 me

143 2059 176 2079 es
191 2050 280 2080 annis
291 2049 432 2089 gravior,
454 2052 541 2080 tanto
555 2059 587 2080 es
612 2051 845 2090 ignoscentior!
868 2052 971 2082 Bent.
1017 2053 1026 2068 ⁴
1041 2051 1153 2082 Etiam
1176 2053 1282 2083 nostri
1310 2053 1384 2082 libri
1410 2057 1600 2093 agnoscunt

145 2096 230 2123 tanto
241 2102 252 2122 .·
265 2091 380 2123 cod.A
397 2092 428 2122 in
442 2092 593 2132 margine
607 2103 615 2124 ε
633 2097 641 2111 ‘
656 2094 698 2125 al.
715 2097 801 2125 tanto
817 2097 879 2125 esto
894 2093 1127 2133 ignoscentior.'
1138 2094 1146 2107 '
1162 2095 1263 2126 Both.
1277 2096 1331 2136 qui
1348 2096 1429 2136 legit
1448 2100 1484 2126 ut
1498 2096 1600 2126 Bent.

146 2134 204 2166 Br.
225 2135 264 2170 Q.
282 2138 304 2166 t.
319 2145 345 2167 e.
368 2145 396 2167 α.
423 2138 516 2165 aelate
538 2146 570 2166 n.
591 2145 626 2175 g.
652 2136 674 2168 τ’.
718 2137 809 2168 ιΜε.
840 2138 881 2167 R.
906 2138 1115 2176 ignoscentior
1142 2140 1228 2168 tanto
1254 2137 1319 2170 sit.'
1345 2138 1443 2169 Lind.
1491 2138 1600 2170 Gnata

145 2177 261 2209 Guelf.
278 2181 309 2209 2.
353 2177 539 2208 ‘Meudum
555 2178 611 2209 hie
629 2188 743 2209 versus
770 2179 895 2210 habere
919 2180 1055 2210 videtur
1082 2190 1101 2210 a
1123 2184 1223 2216 mita,-
1245 2181 1303 2211 sed
1332 2180 1365 2211 id
1393 2185 1487 2212 certe
1514 2182 1600 2213 anti-

145 2230 259 2261 quum,
284 2219 456 2261 qnodjam
474 2221 571 2251 Serv.
598 2221 640 2252 ad
658 2222 752 2262 Virg.
781 2223 851 2253 [ΕΠ.
877 2232 930 2254 xx.
957 2225 1031 2254 201.
1059 2221 1175 2254 refert.
1222 2223 1313 2264 Guy.
1340 2233 1400 2264 pro
1424 2233 1516 2255 more
1544 2235 1599 2255 ex-

143 2264 266 2303 punxit
283 2273 430 2303 versum,
455 2267 490 2294 et
506 2263 608 2295 Bent.
627 2274 686 2303 pro
701 2265 810 2296 lubitu
827 2266 913 2296 male
931 2265 1012 2296 satis
1030 2265 1183 2305 refingit:
1210 2266 1333 2301 Quanto
1350 2271 1381 2297 tu
1397 2277 1444 2298 me
1459 2277 1490 2297 es
1511 2269 1600 2298 annis

140 2307 281 2346 gravior,
305 2309 393 2337 tanto
408 2316 439 2336 es
460 2305 679 2345 ignoscentior.
727 2308 819 2338 Vett.
844 2308 962 2346 scripti
987 2313 1022 2339 et
1048 2308 1126 2339 edd.
1154 2309 1288 2349 quidam
1314 2310 1445 2341 addunt
1471 2311 1490 2341 1.
1517 2316 1597 2341 ante

141 2348 359 2389 ignoscentior,
391 2349 414 2380 l.
442 2354 541 2388 post:
566 2352 652 2381 tanto
676 2350 729 2381 sit.
773 2350 839 2381 Sed
869 2351 902 2381 id
923 2351 1095 2390 glossema
1121 2356 1185 2387 est,
1219 2362 1420 2392 versumque
1448 2352 1598 2384 excedit.

143 2391 297 2423 Velimus
313 2391 443 2428 Quando
459 2395 530 2422 tuus
542 2395 586 2423 est
597 2392 717 2423 animus
730 2397 843 2424 natura
859 2395 987 2433 aequiom
1010 2394 1230 2432 ignoscentior.
1275 2394 1342 2425 Sed
1360 2396 1408 2425 nil
1435 2395 1597 2427 audemus

143 2438 264 2466 contra
279 2439 448 2466 vetustam
463 2434 670 2466 lectionem!
694 2436 858 2475 Bip.—33
884 2437 1036 2467 Plusculi
1060 2438 1142 2467 Mss,
1167 2438 1329 2468 omittunt
1356 2438 1393 2468 τὸ
1420 2439 1463 2469 z'n.
1488 2439 1596 2470 West.

143 2477 264 2508 ‘Bem.
295 2477 569 2517 praepositionem
605 2479 639 2508 in
675 2479 771 2510 addit
802 2484 878 2520 post
902 2480 1065 2510 stultitiae.-
1089 2490 1163 2520 quae
1193 2480 1296 2511 lectio
1323 2486 1449 2521 quanto
1478 2482 1598 2512 melior

142 2520 200 2560 sit,
226 2530 341 2551 omnes
368 2519 507 2550 vident:
532 2519 581 2551 ita
603 2521 706 2551 etiam
731 2522 902 2553 habebant
926 2523 980 2553 Vi.
1004 2526 1040 2553 et
1066 2523 1146 2553 Bas.
1175 2523 1235 2553 sed
1262 2532 1349 2554 nunc
1376 2525 1409 2554 in
1440 2524 1596 2555 abrasum

143 2562 218 2593 est!
241 2563 300 2594 Fu.
344 2563 484 2593 ‘Nostri
517 2563 664 2594 universi
684 2563 814 2602 justitia
844 2569 897 2595 tua
926 2575 1007 2596 casu
1028 2570 1141 2595 recto:
1176 2570 1211 2596 et
1249 2571 1354 2605 recte,
1389 2571 1425 2597 ut
1458 2567 1596 2597 Tacitus

140 2606 239 2637 ‘Sibi
265 2606 409 2647 quisque
437 2604 620 2645 praesidi0‚’
646 2611 681 2637 et
711 2607 766 2637 alii
796 2609 931 2647 passim.
977 2608 1015 2638 1η
1038 2608 1181 2646 justitia,
1210 2609 1300 2649 quod
1332 2609 1515 2639 Bembinus
1540 2619 1596 2639 ex-

141 2648 247 2684 hibet,
272 2649 326 2679 vel
351 2648 427 2679 ideo
450 2648 668 2688 rejiciendum
697 2650 783 2689 quod
813 2651 845 2680 in
874 2650 1065 2690 ambiguum
1092 2651 1204 2688 cadat,
1226 2661 1289 2683 nec
1316 2651 1357 2682 ab
1387 2652 1595 2692 ‘injustitia’

143 2700 225 2722 sono
255 2690 420 2730 distingui
450 2690 578 2730 possit.'
621 2691 716 2722 Beut.
764 2693 802 2723 1η
842 2693 967 2724 omittit
1006 2694 1063 2724 ΒΓ.
1116 2694 1257 2724 Bothius
1295 2695 1391 2733 legit,
1426 2695 1596 2733 Injuseitiae

142 2744 217 2765 meoe
243 2737 278 2764 ut
295 2734 425 2772 justitia
448 2737 472 2763 t.
503 2743 529 2764 s,
553 2744 583 2764 α.
610 2743 641 2773 p.
695 2734 819 2766 ιΒειη.
849 2736 893 2766 iu.
947 2735 1012 2766 Sed
1039 2737 1169 2774 justitia
1205 2740 1228 2768 t.
1263 2738 1492 2768 nominativus
1531 2742 1595 2768 est.

142 2776 265 2809 Placet
281 2776 384 2817 igitur
402 2775 557 2808 Bembini
579 2776 684 2808 lectio
707 2776 752 2815 in,
777 2778 968 2819 praesertim
985 2779 1013 2810 si
1030 2779 1061 2810 in
1077 2783 1111 2810 et
1124 2779 1253 2817 justitia
1272 2780 1418 2821 junctim
1444 2788 1594 2821 compre·
