1966 3302
290 241 376 283 512
782 252 821 280 P.
852 249 1092 279 TEREN'rn
1127 249 1246 280 Arm

292 345 435 397 Quam
460 346 652 395 amabat,
675 358 774 386 eam
795 343 969 385 confeci
990 343 1082 384 sine
1102 344 1324 394 molestia,

291 414 397 454 Sine
417 416 579 462 sumtu,
598 414 690 453 sine
710 410 970 464 dispendio3
1001 415 1093 451 tum
1110 410 1196 451 hoc
1217 410 1418 460 alterum,

291 481 345 522 Id
364 494 464 522 vero
483 485 565 530 est,
586 480 704 534 quod
723 492 804 533 ego
826 478 933 519 mihi
954 482 1063 532 puto
1081 478 1362 532 palmarium,

292 548 370 590 Me
392 549 626 602 reperisse,
649 561 736 601 qno
758 546 890 588 modo
913 546 1268 588 adolescentulus

292 616 574 657 Meretricum
595 615 767 668 ingenia
788 618 833 656 et
852 627 997 655 mores
1018 619 1176 668 posset
1195 626 1374 655 noscere
1392 626 1404 665 ;
1690 614 1746 655 10

292 684 469 725 Mature
492 688 540 724 ut
556 696 657 723 cum
679 683 892 736 cognorit,
915 685 1133 737 perpetuo
1156 681 1313 723 oderit.

294 751 410 801 Quae
434 750 537 791 dum
556 750 664 791 foris
686 753 803 800 sunt,
820 750 928 791 nihil
950 749 1120 792 videtur
1139 750 1347 791 mundius
1364 763 1375 800 ;

294 813 392 861 Nec
414 818 556 870 magis
575 817 876 871 compositum
897 817 1148 871 quicquam,
1168 830 1250 859 nec
1271 817 1412 870 magis
1432 816 1630 869 elegans:

291 949 450 981 meretrice
465 959 572 988 avara,
586 949 741 988 virginem
763 948 926 998 nimirum,
949 958 1039 989 quam
1054 949 1177 989 perdite
1191 949 1327 988 amabat,
1338 947 1514 997 procuravi,
1526 950 1558 979 et
1572 947 1748 988 acquisitio-

292 1002 361 1023 nem
377 992 442 1030 ejus
454 992 571 1032 perfeci
585 993 652 1023 sine
666 993 861 1033 difficultate,
885 992 952 1022 sine
972 995 1078 1022 sumtu
1099 995 1130 1023 et
1152 992 1300 1032 impensis
1324 991 1546 1031 pecuniarum
1569 990 1604 1021 id
1616 1000 1688 1022 vero
1702 993 1749 1021 est

291 1035 374 1074 glor
365 1045 460 1066 zosum
475 1038 505 1065 et
519 1036 620 1075 palma
635 1035 778 1074 dignum,
793 1036 871 1074 quod
886 1034 964 1065 mihi
987 1033 1102 1073 tribuo,
1116 1035 1262 1075 quoniam
1276 1035 1427 1065 rationem
1441 1033 1545 1064 inveni
1559 1043 1619 1073 qua
1633 1034 1750 1064 adoles-

292 1078 431 1109 centulus
443 1079 539 1118 possit
555 1078 752 1108 meretricum
766 1077 893 1116 ingenia
918 1081 948 1108 et
973 1087 1072 1108 mores
1092 1087 1287 1117 pernoscere,
1311 1080 1359 1112 ut,
1383 1086 1452 1108 cum
1475 1076 1655 1116 tempestive
1678 1075 1750 1106 illas

290 1121 416 1161 penitus
431 1120 621 1159 cognoverit,
634 1124 779 1160 perpetuo
796 1120 866 1150 odio
887 1130 939 1151 eas
956 1123 1171 1160 prosequatur.
1218 1120 1305 1151 Dum
1321 1119 1407 1157 foris
1428 1122 1562 1158 coenant,
1574 1118 1656 1149 nihil
1667 1118 1753 1149 vide·

294 1166 347 1195 tur
362 1163 487 1203 tersius,
504 1166 532 1194 et
549 1163 717 1203 honestius,
729 1163 808 1194 nihil
822 1163 924 1203 magis
939 1166 1083 1194 ornatum
1105 1172 1161 1194 nec
1187 1163 1289 1202 mag-is
1303 1162 1447 1203 lepidum.
1493 1161 1585 1202 Quoe,
1599 1170 1670 1193 cum
1679 1170 1751 1202 epu-

903 1258 1144 1271 “MC‘'

295 1329 330 1356 et
344 1324 461 1355 Rivius
478 1334 498 1355 a
513 1334 548 1355 se
566 1324 740 1356 inventum
759 1325 878 1356 merito
907 1326 1052 1366 glossam
1081 1328 1193 1357 vocat.
1223 1325 1320 1357 West.
1370 1325 1449 1356 Eam
1473 1324 1589 1364 confeci
1600 1324 1668 1356 sine
1689 1334 1751 1355 mo-

295 1367 399 1406 lestia]
425 1367 501 1399 Non
519 1367 706 1399 audiendus
723 1369 879 1400 Donatus
905 1368 1058 1400 scribens
1087 1368 1131 1399 ad
1157 1368 1362 1408 gladiatores
1386 1367 1523 1408 respici,
1538 1372 1573 1399 et
1587 1367 1752 1407 virginem

295 1411 440 1449 intelligi
456 1410 540 1441 adeo
558 1410 742 1450 devictam,
758 1416 796 1443 ut
812 1411 1009 1452 gravissimo
1026 1411 1166 1442 vnlnere
1181 1409 1392 1441 occubuerit.
1429 1410 1555 1441 Sensus
1572 1410 1661 1441 enim
1676 1415 1751 1442 est:

296 1454 378 1484 Feci
405 1458 441 1484 ut
455 1453 622 1493 potiretur
638 1454 779 1493 virgine,
796 1465 896 1495 quam
915 1454 1060 1485 amabat.
1106 1455 1169 1485 Est
1186 1453 1353 1493 emphasis
1368 1454 1401 1483 in
1423 1454 1470 1492 τῷ·
1488 1454 1498 1470 ‘
1515 1452 1754 1492 confeci,'am-

297 1496 386 1537 plius
403 1496 483 1537 quid
499 1501 655 1535 sonante,
671 1507 781 1537 quam,
799 1495 906 1529 effeci.
952 1496 993 1528 Id
1009 1497 1114 1538 igitur
1127 1497 1220 1527 vult:
1246 1495 1353 1527 Effeci
1370 1496 1402 1527 ei
1419 1495 1584 1536 virginem
1606 1506 1669 1527 suo
1684 1505 1754 1527 mo-

298 1539 341 1569 do
357 1539 544 1570 fruendam.
588 1539 629 1570 In
648 1540 809 1579 plusculis
830 1540 916 1571 Mss.
941 1545 1006 1580 est,
1021 1539 1139 1575 confeci
1162 1542 1196 1569 ut
1217 1540 1386 1580 potiretur,
1408 1548 1450 1569 ex
1473 1539 1583 1578 glossa
1608 1538 1755 1577 scilicet,

298 1581 503 1612 observante
531 1582 607 1612 Riv.
633 1583 685 1613 Id.
730 1582 772 1614 G.
791 1583 858 1613 ET.
884 1583 965 1614 EM.
1010 1584 1091 1613 Eam
1117 1582 1231 1620 confeci
1260 1581 1308 1612 uti
1332 1581 1488 1622 potiretur
1509 1582 1577 1612 sine
1604 1582 1756 1612 molestia.

298 1625 429 1655 Donati
447 1625 653 1655 sententiam
669 1624 804 1656 firmare
822 1625 958 1656 videtur
980 1623 1161 1666 Apuleius,
1178 1625 1234 1664 qui
1262 1624 1271 1641 ‘
1289 1623 1483 1655 interficere
1500 1623 1732 1664 virginitatem
1746 1623 1757 1638 '

299 1667 396 1698 dixit.
439 1667 487 1698 Id.
502 1667 535 1698 in
550 1667 637 1698 Add.
662 1667 778 1698 Citato
795 1669 944 1709 Donato,
961 1672 1060 1699 notat
1081 1667 1272 1698 Bentleins:
1299 1667 1308 1683 ‘
1323 1667 1439 1702 Vides,
1455 1672 1615 1707 quantam
1632 1666 1757 1698 veteri·

299 1709 360 1741 bus
377 1710 549 1750 Magistris
567 1710 758 1741 molestiam
774 1711 848 1741 haec
863 1710 1022 1742 dederint
1038 1721 1046 1741 :
1069 1720 1132 1741 nec
1149 1710 1318 1741 immerito
1333 1719 1342 1746 ;
1377 1719 1444 1740 nou
1457 1710 1545 1740 enim
1572 1710 1673 1740 aliter
1699 1719 1757 1740 ex-

300 1752 457 1793 plicabiS‚
476 1753 539 1783 nisi
557 1753 651 1793 prius
669 1753 913 1785 emendaveris,
957 1754 1049 1784 Ecce
1075 1753 1138 1784 tibi
1164 1762 1233 1783 rem
1258 1751 1451 1783 confectam
1472 1762 1481 1783 :
1514 1753 1612 1789 Nam,
1634 1756 1669 1783 ut
1685 1752 1759 1783 mit-

300 1798 377 1834 tam,
393 1797 471 1835 quod
487 1796 515 1826 ei
531 1805 664 1826 amorem
678 1796 895 1837 difficillimum
912 1799 941 1826 et
960 1796 1177 1831 Carissimum,
1193 1806 1213 1826 α
1227 1795 1387 1826 meretrice
1402 1804 1499 1825 avara
1515 1794 1671 1834 virginem
1689 1795 1758 1829 Quo

301 1838 436 1877 uniebat,
449 1848 515 1869 eum
528 1838 644 1876 confeci
656 1839 722 1869 sine
735 1840 884 1871 molestia.
909 1839 976 1870 Ubi
991 1838 1022 1869 id
1036 1838 1152 1877 habes,
1168 1837 1256 1879 quod
1274 1837 1462 1878 postulavit
1473 1837 1538 1868 Do.
1564 1839 1573 1854 ‘
1590 1835 1757 1876 Confeci,'

302 1881 461 1929 expedivi
487 1890 634 1912 amorem
661 1880 895 1912 difficillimum
920 1887 955 1912 et
978 1881 1200 1919 carissimum,
1216 1889 1282 1921 qno
1299 1880 1435 1911 amabat
1451 1879 1617 1920 virginem
1632 1880 1674 1910 ab
1690 1889 1759 1911 me-

302 1924 428 1954 retrice
445 1933 558 1954 avara.
594 1925 603 1940 ‘
617 1921 744 1954 Amare
762 1933 781 1954 a
798 1924 976 1955 meretrice
993 1923 1184 1964 virginem,'
1201 1923 1233 1954 h.
1247 1932 1276 1953 e.
1293 1922 1325 1953 in
1343 1922 1442 1954 domo
1458 1927 1493 1953 et
1508 1921 1635 1953 familia
1650 1932 1759 1953 mere-

302 1966 408 1997 tricis.
432 1966 632 1997 Amet-‘etrice
646 1967 888 2006 omnesnostri,
898 1976 962 1997 non
974 1967 1024 1997 ab.
1048 1967 1133 2007 Eng.
1149 1966 1191 1997 ad
1205 1966 1337 1996 locum
1350 1964 1657 2006 ‘Gloriatunquod
1669 1975 1760 1996 amo-

303 2018 374 2039 rem
392 2008 423 2039 ei
440 2008 675 2039 difficillimum
694 2009 931 2050 explicaverit,
943 2010 1038 2050 cujus
1053 2013 1169 2050 partes
1185 2011 1384 2039 enumerat:
1409 2007 1499 2048 quod
1518 2015 1593 2039 EUM
1609 2006 1762 2039 confecit

302 2052 373 2082 sine.
391 2052 571 2090 molestia‚’
598 2054 661 2083 διο.
686 2052 780 2083 Bent.
824 2052 921 2087 ‘Quo
947 2052 1082 2091 amabat,
1108 2062 1177 2082 eum
1203 2052 1306 2082 Beut.
1332 2049 1639 2092 rectessPer1.qui
1665 2054 1762 2082 notat

307 2095 411 2129 Quam
426 2104 487 2134 pro
506 2095 574 2130 Quo
589 2095 714 2126 habere
732 2093 848 2125 Guelf.
866 2097 896 2126 2.
914 2100 948 2125 et
967 2095 1069 2130 Quam
1095 2094 1202 2125 amabo
1227 2094 1310 2124 dare
1335 2092 1452 2125 Guelf.
1471 2096 1500 2124 1
1544 2093 1655 2124 Notat
1672 2092 1761 2124 idem

303 2141 339 2167 ut
351 2137 506 2176 potiretur
522 2137 603 2168 dare
628 2138 713 2169 GM.
731 2137 801 2179 qui,
818 2142 855 2168 nt
868 2137 1016 2178 videtur,
1033 2147 1072 2168 ea
1088 2137 1189 2168 verba
1205 2137 1296 2167 locat
1319 2135 1354 2166 in
1369 2135 1436 2166 fine
1453 2145 1580 2167 versus.
1624 2134 1763 2168 Audac-

305 2185 372 2218 ter,
394 2189 457 2210 nec
486 2184 599 2210 tamen
625 2185 723 2211 acute
751 2181 940 2211 correxisse
962 2181 1022 2211 nos
1046 2190 1101 2211 vv.
1126 2180 1320 2210 Bentleium
1347 2183 1464 2210 censet
1480 2178 1560 2219 Bip.
1576 2187 1653 2218 quae
1669 2179 1762 2219 vulg.

305 2222 443 2253 omnino
461 2221 630 2260 defendit,
646 2223 746 2254 etiam
772 2223 946 2261 vulgatum
973 2222 1053 2254 illud
1080 2223 1130 2260 ab,
1148 2222 1238 2264 quod
1255 2221 1432 2253 contendit
1448 2226 1566 2252 notare
1582 2221 1615 2252 h.
1631 2221 1654 2252 Ι.
1670 2222 1763 2262 prin-

307 2265 447 2304 cipium,
463 2265 484 2295 1.
504 2265 592 2296 unde
610 2264 713 2296 fuerit
729 2266 788 2297 illa
813 2265 995 2297 difficultas
1011 2270 1046 2296 et
1062 2266 1196 2296 emitas.
1241 2265 1251 2282 ‘
1268 2264 1381 2304 Vulgo
1394 2274 1473 2302 eam,
1489 2262 1608 2301 male3’
1631 2263 1679 2294 ait
1696 2264 1764 2294 Bo-

307 2308 411 2343 thius
425 2307 482 2347 qui
500 2308 556 2338 dat
573 2318 652 2346 eum,
678 2310 687 2325 ‘
705 2313 874 2348 praeterea
891 2309 971 2339 nihil
987 2308 1183 2339 mutandum
1200 2316 1335 2338 censeo.
1391 2307 1420 2337 A
1444 2307 1502 2337 Br.
1505 2308 1589 2336 —lo
1612 2306 1764 2337 Meretri-

305 2350 387 2380 cium
403 2349 519 2380 Guelf.
535 2353 555 2380 2
561 2353 651 2381 .—11
670 2351 856 2389 Cognoverit
873 2352 930 2382 ΒΓ.
958 2351 1033 2382 Tum
1045 2353 1237 2389 cognosceret
1251 2359 1310 2389 pro
1326 2358 1395 2379 cum
1409 2348 1547 2387 cognorit
1563 2347 1677 2380 Guelf.
1689 2352 1719 2380 2.
1721 2366 1764 2372 -—

311 2394 349 2423 13
380 2393 487 2433 Neque
502 2393 603 2432 magis
619 2403 715 2433 comp.
742 2394 841 2425 Both.
879 2394 946 2424 Nec
957 2403 1047 2432 mage
1061 2403 1158 2432 comp,
1181 2393 1258 2433 Bip.
1263 2394 1346 2422 -14
1372 2391 1449 2422 Non
1465 2390 1654 2422 audiendus
1671 2391 1765 2432 Gny·

968 2477 1108 2510 NOTAE

351 2544 371 2571 8
396 2541 606 2582 Palmnrium]
642 2542 844 2581 palmarius,
871 2552 902 2582 a,
930 2551 1010 2580 um3
1067 2540 1278 2582 probabilem
1321 2540 1573 2582 quantitatem3
1610 2539 1676 2572 etsi
1706 2549 1763 2572 no-

311 2590 401 2632 quod
428 2597 481 2622 est
509 2592 619 2632 palma
646 2592 805 2633 dignum:
830 2592 1010 2634 aliquando
1065 2593 1154 2624 mine
1173 2592 1326 2633 palmarii
1347 2597 1483 2624 cautum
1500 2591 1575 2623 est!
1606 2591 1648 2623 Id
1665 2601 1765 2624 voca-

310 2641 557 2672 substantivum
579 2646 632 2673 cst
648 2646 682 2673 et
701 2643 834 2674 videtur
853 2643 931 2683 poni
948 2652 1009 2682 pro
1065 2644 1178 2675 bulum
1196 2649 1342 2676 sumtum
1359 2642 1664 2682 aGladiatoribus;
1687 2653 1765 2674 nam

312 2692 504 2732 victoria‚l.
524 2701 548 2723 ι.
576 2694 639 2733 §5.
660 2693 704 2724 1).
746 2694 797 2723 De
821 2693 1009 2724 extraordi-
1066 2694 1184 2725 victori
1212 2694 1405 2725 Gladiatori
1431 2694 1459 2725 is
1487 2694 1592 2725 honos
1619 2693 1767 2726 habeba·

311 2743 412 2772 uariis
437 2743 655 2782 cognitionib.
680 2742 728 2773 his
753 2743 887 2781 verbis3
910 2744 919 2760 ‘
937 2742 1009 2773 Ho-
1065 2749 1133 2784 tur,
1158 2749 1195 2776 nt
1222 2749 1403 2776 coronatus
1425 2744 1538 2786 palma
1564 2743 1679 2775 laudes
1701 2742 1768 2776 fer-

313 2792 448 2823 noraria
464 2802 594 2824 summa
609 2793 680 2834 peti
698 2794 825 2834 poterit
847 2802 952 2835 usque
969 2794 1010 2824 ad
1064 2798 1130 2826 ret.

1962 572 1963 581 ⁴
1962 563 1963 566 „
1960 550 1964 558 -
1959 338 1966 546 “ffl-Vfssffl
