1966 3302
555 254 899 286 ADELPHORUM
936 255 1046 285 Ac'r.
1070 255 1122 285 ιι.
1155 255 1221 286 Sc.
1247 257 1278 288 1.
1368 262 1372 268 ·
1546 249 1629 290 691

183 353 383 395 Nimium
409 352 522 393 istoc
544 352 702 393 abisti:
732 351 802 392 hic
823 354 1000 405 propter
1019 350 1133 392 hunc
1155 351 1327 411 assiste.
1388 350 1530 403 Hem3
1564 352 1629 404 sic

352 417 1159 461 volo.
1300 414 1305 415 ⁷
1576 405 1631 460 15

183 488 304 530 Cave
334 500 446 546 nunc
471 488 562 542 jam
600 488 758 529 oculos
787 499 815 527 a
846 486 955 527 meis
990 484 1130 527 oculis
1150 498 1374 541 quoquam
1395 486 1630 562 demoveas

343 550 521 596 tuos:

183 622 253 664 Ne
272 635 396 664 mora
415 623 489 673 sit,
511 623 549 664 si
569 622 767 689 iQem’
786 622 891 676 quin
913 633 1086 675 pugnus
1108 623 1316 664 continuo
1337 622 1382 663 in
1402 621 1521 664 mala
1540 621 1631 663 hae-

350 694 454 732 reat.

182 758 299 799 SAN.
330 757 454 799 Istuc
472 758 575 799 volo
605 770 707 810 ergo
737 758 884 811 ipsum
905 757 1106 810 experiri.
1169 757 1273 798 AEs.
1305 757 1450 799 Hem!
1481 769 1630 798 serva:

353 826 507 867 omitte
527 825 764 866 mulierem.

182 894 301 935 SAN.
334 892 373 933 Ο
412 892 586 934 facinus
619 892 863 945 indignum!
926 892 1025 933 AES.
1057 891 1329 942 Geminabit,
1364 892 1448 932 nisi
1482 904 1630 933 caves.

352 960 470 1002 SAN.
504 960 597 1001 Hei
617 961 774 1001 misero
788 960 894 1001 mihi
911 954 925 1001 ἶ

183 1029 281 1070 AES.
312 1027 414 1069 Non
435 1028 681 1070 innuerem:
713 1042 862 1069 verum
894 1029 938 1068 in
968 1029 1096 1091 isffim
1113 1033 1282 1082 partem
1303 1027 1455 1082 potius
1474 1040 1631 1080 pecca-

354 1100 400 1136 to
421 1100 580 1136 tamen.
1576 1096 1633 1138 20

181 1218 264 1249 sisti.
308 1218 375 1249 Hic
387 1229 480 1259 prope
491 1218 570 1249 hunc
586 1228 684 1249 mone.
729 1218 826 1249 Hem.
871 1218 927 1249 Sic
946 1219 1148 1257 volofacias5
1171 1219 1240 1251 vide
1260 1230 1298 1251 ne
1310 1221 1412 1252 oculos
1428 1223 1495 1251 tuos
1511 1222 1635 1250 avertas

182 1272 200 1291 a
215 1261 290 1292 meis
300 1263 405 1301 oculis,
423 1262 586 1296 Parmeno,
602 1271 639 1292 ne
653 1261 687 1292 in
699 1271 784 1292 mora
798 1261 855 1299 sis,
877 1262 906 1292 si
920 1264 996 1291 nutu
1011 1263 1165 1293 oculorum
1179 1263 1237 1302 sig.
1232 1263 1407 1305 zificavero,
1431 1264 1504 1303 quin
1517 1261 1633 1302 pugnis

181 1305 271 1334 matae
291 1305 410 1335 lenonis
432 1306 669 1335 contundantur.
712 1304 771 1334 SA.
794 1304 885 1335 Istud
910 1304 1012 1343 zgitur
1026 1305 1120 1335 volo'
1107 1315 1221 1345 zpsum,
1235 1307 1315 1346 quod
1329 1307 1471 1345 minaris,
1486 1305 1633 1345 experiri.

182 1347 250 1378 AES.
275 1347 368 1386 Hem,
386 1348 549 1384 Parmeno,
566 1346 684 1377 custodi
695 1347 850 1386 puellam5
873 1348 1015 1386 tudem),
1029 1348 1136 1379 omitte
1147 1348 1364 1398 illam—rapere.
1387 1350 1448 1380 SA.
1475 1348 1634 1384 Osuctum

179 1389 345 1430 iniquum!
387 1390 453 1421 AEs.
486 1389 666 1438 Duplicubit
710 1390 821 1428 plagas
849 1390 1017 1429 Pmmerm,
1049 1391 1111 1421 nisi
1137 1391 1290 1431 prospicis
1317 1392 1388 1424 tibi.
1432 1392 1491 1423 SA.
1527 1392 1556 1420 Ο
1586 1401 1634 1420 me

180 1431 348 1463 miserum!
390 1432 459 1464 ΖΕΒ.
501 1433 569 1462 Non
594 1432 765 1471 innuerunt,
795 1432 964 1470 Parmeno,
992 1438 1027 1463 ut
1054 1433 1206 1465 Sannione·
1234 1435 1369 1466 alterum
1397 1434 1557 1475 colaphum
1587 1442 1634 1462 zn-

173 1475 365 1514 fringeres;
396 1485 500 1506 verum
537 1476 616 1515 quod
650 1478 683 1505 tu
710 1475 856 1506 cecideris
890 1485 970 1513 eum,
997 1476 1096 1507 satias
1120 1477 1244 1526 factum
1276 1487 1340 1508 esse
1363 1478 1450 1512 duco,
1478 1481 1507 1508 et
1530 1476 1633 1516 potius

182 1518 269 1557 mihi,
290 1522 473 1558 gratumque
496 1521 556 1557 est,
585 1527 676 1558 quam
705 1519 734 1548 si
762 1528 822 1548 mm
839 1517 978 1555 fecisses.
1024 1519 1087 1549 Abi
1112 1529 1191 1550 nunc
1209 1530 1279 1557 Jam
1304 1531 1373 1550 cam
1397 1520 1534 1559 virgine,
1551 1519 1633 1550 Par-

788 1622 1003 1634 eeeoeeooeee
1009 1623 1026 1634 e

180 1691 263 1720 —15
288 1687 397 1720 Hem!
418 1689 555 1720 siceolo.
600 1689 688 1721 Haec
715 1689 748 1720 in
774 1689 845 1721 ΕΑ.
863 1690 931 1721 ET.
958 1694 994 1721 et
1011 1691 1085 1721 ΕΡ.
1113 1690 1273 1721 Sannioni
1296 1689 1504 1722 tribuuntur.
1533 1689 1634 1721 West.

180 1733 240 1763 SA.
264 1731 344 1771 hem,
365 1733 411 1762 sic
433 1733 511 1764 volo.
557 1732 608 1764 AE.
633 1733 716 1763 Cave
738 1742 828 1763 nunc.
876 1734 929 1764 Ex
960 1733 1165 1764 auctoritate
1189 1734 1265 1764 libri
1297 1732 1455 1764 Bembini
1478 1741 1634 1772 personae

179 1775 229 1806 his
246 1774 356 1806 verbis
371 1776 530 1816 ascriptae
558 1774 758 1807 deleantur:
783 1780 862 1807 sunt
878 1777 968 1806 enim
986 1777 1097 1807 omnia
1114 1776 1220 1807 verba
1236 1776 1396 1807 AEschini.
1421 1776 1480 1807 Fa.
1509 1775 1582 1805 ‘Sic
1600 1780 1634 1806 et

177 1817 283 1848 nostri
308 1817 478 1849 meliores.
502 1818 601 1849 Bent.
647 1818 817 1850 Personas
840 1818 985 1850 ascribit
1009 1820 1157 1851 Ere-*16
1182 1819 1334 1850 Plusculi
1360 1819 1444 1849 Mss.
1469 1818 1633 1849 dimoveas.

179 1860 239 1892 ΒΥ.
263 1862 436 1892 demotuas:
458 1861 516 1892 sed
544 1865 640 1892 notat
669 1862 801 1892 Bruns:
829 1864 838 1879 ‘
858 1861 953 1893 Edit.
979 1863 1148 1898 demoveas,
1177 1867 1279 1903 atque
1313 1862 1360 1893 sic
1385 1871 1475 1892 nunc
1501 1861 1635 1892 codex.’

178 1903 187 1919 ‘
205 1903 333 1934 Oculos
357 1903 540 1935 demovere
570 1903 749 1935 dicendum
773 1908 837 1944 est,
861 1913 926 1935 non
955 1905 1154 1936 dimovere?
1177 1905 1220 1936 R.
1248 1905 1378 1936 D.—17
1405 1904 1443 1935 Si
1468 1903 1635 1935 innuerim.

178 1945 314 1977 Innuero
327 1946 428 1977 estin
442 1946 596 1977 omnibus
610 1946 804 1978 recentibus
817 1947 836 1978 τ’
851 1957 911 1978 nos
924 1953 1036 1978 tamen
1053 1948 1235 1979 lectionem
1249 1947 1421 1988 antiquam
1432 1956 1610 1987 sequemur
1623 1958 1632 1978 ;

181 1989 229 2019 ita
244 1993 297 2020 est
312 1989 505 2020 octonarius
529 1989 707 2028 iambicus,
725 1995 763 2021 ut
779 1990 978 2029 praecedens
1006 1995 1042 2022 et
1067 1991 1133 2022 duo
1151 1996 1345 2031 sequentes.
1369 1990 1430 2020 Fa.
1475 1989 1635 2029 Antiqui-

179 2040 254 2062 ores
282 2032 389 2063 nostri
421 2032 583 2064 innuerim.
608 2032 710 2064 Rem.
756 2032 918 2064 Innuerz'm
945 2032 1028 2064 dant
1057 2032 1174 2065 Guelf.
1207 2036 1236 2064 3.
1266 2034 1324 2064 ΒΓ.
1352 2032 1392 2063 Ζ.
1426 2032 1526 2063 Both.
1554 2032 1633 2071 Bip.

181 2074 190 2090 ‘
208 2073 293 2104 Mss.
310 2074 444 2114 quidam
459 2075 493 2105 in
519 2076 653 2106 malam:
677 2075 764 2115 quod
793 2075 989 2107 Plautinum
1014 2076 1091 2108 est.’
1118 2076 1306 2108 IVest.—-18
1334 2076 1378 2106 M.
1395 2086 1452 2114 ego
1467 2084 1529 2115 pro
1550 2085 1634 2114 erga.

180 2115 254 2156 [Ita
269 2120 306 2147 et
318 2116 432 2148 Guelf.
448 2117 494 2157 2.]
531 2118 630 2148 Bodl.
662 2117 773 2149 Hem!
794 2122 926 2149 servate.
946 2119 1056 2150 WVest.
1102 2119 1224 2149 Omitte
1249 2118 1419 2149 mulierem.
1443 2118 1482 2148 F.
1497 2118 1544 2148 H.
1560 2118 1633 2148 haec

180 2164 259 2198 post
273 2159 354 2190 alios
369 2159 549 2190 nonnullos
564 2160 768 2191 Parmenoni
787 2162 917 2192 tribuit.
961 2161 1002 2192 In
1016 2162 1061 2193 G.
1079 2166 1193 2192 autem
1209 2162 1321 2192 onmia
1336 2161 1421 2199 haec,
1436 2160 1520 2190 Hem
1534 2169 1633 2191 serra.

183 2201 303 2232 Omitte
331 2203 502 2242 mulierem,
524 2202 720 2233 tribuuntur
750 2203 970 2235 Parmenoni.
1016 2205 1103 2235 Idem
1132 2205 1166 2234 in
1194 2204 1278 2235 Add.
1327 2203 1447 2234 Omitte
1476 2203 1635 2234 mulierem

179 2243 384 2275 Parmenoni
400 2245 556 2276 tribuunt
570 2246 672 2276 Bent.
691 2245 922 2278 Z.Per1.-19
944 2247 1031 2278 Mss.
1045 2247 1195 2288 quidam,
1210 2246 1393 2277 Omiseram
1401 2244 1552 2284 facinus!
1578 2246 1634 2276 lta

180 2292 215 2318 et
230 2286 304 2318 EA.
319 2293 355 2318 et
373 2288 443 2319 ΕΡ.
480 2287 627 2320 Quidam
644 2289 770 2319 vetusti
787 2289 946 2327 Codices,
958 2299 1034 2320 cum
1067 2289 1139 2320 EA.
1173 2289 1240 2321 Hei
1260 2288 1441 2320 miseriam!
1464 2289 1633 2329 quomodo

179 2329 264 2361 etin
281 2330 422 2362 Donato
447 2331 578 2371 reperit
603 2331 732 2370 Rivius,
747 2335 783 2362 et
800 2332 908 2362 edidit
932 2332 1017 2363 Rob.
1055 2332 1260 2372 Stephanus.
1304 2332 1370 2363 Sed
1393 2336 1429 2362 et
1453 2332 1554 2362 estin
1576 2332 1633 2362 Tr.

152 2404 155 2405 γ
180 2373 341 2413 Quinque
357 2373 442 2405 Mss.
468 2373 652 2405 Leidenses
681 2378 718 2404 et
743 2374 845 2406 Bodl.
869 2385 944 2406 cum
970 2376 1041 2406 ΕΡ.
1076 2375 1118 2406 Ei
1144 2373 1325 2406 miseriam'
1363 2374 1456 2422 Ani,-
1465 2374 1530 2405 Hei
1545 2375 1634 2406 mise

177 2425 267 2447 rum.
262 2415 275 2437 θ
294 2416 403 2447 West.
449 2417 480 2446 0
499 2416 628 2454 facinus
654 2416 838 2457 indignum.
835 2418 847 2439 Ι
870 2418 1065 2456 Geminabit,
1090 2418 1151 2449 πίει·
1177 2427 1275 2449 caves.
1322 2417 1386 2448 Hei
1412 2417 1523 2448 misero
1546 2417 1635 2449 mihi.

178 2458 236 2489 Sic
261 2458 358 2489 dedit
383 2459 444 2489 Fa.
465 2459 580 2491 nescio
593 2459 696 2490 unde.
740 2460 868 2491 Versus
890 2462 985 2502 justo
1012 2461 1144 2501 longior
1171 2465 1246 2501 θεῖς
1267 2464 1340 2491 eta
1366 2459 1474 2491 Libris
1497 2460 1634 2500 scriptis

178 2501 317 2532 nimium
339 2505 502 2542 qnantum
519 2502 688 2533 abscedit.
732 2503 851 2534 Nostri
870 2504 899 2533 Ο
915 2503 1059 2534 miserum
1071 2503 1213 2542 facinus,
1226 2502 1281 2533 vel
1289 2502 1417 2552 facinus
1431 2502 1586 2538 miserum,
1600 2508 1634 2534 et

179 2540 246 2575 Hei
267 2544 433 2576 miseriam.
478 2544 633 2585 Repone,
653 2545 682 2575 Ο
702 2546 833 2584 facinus
858 2545 1091 2577 miserandum!
1115 2545 1309 2587 Geminabit,
1333 2546 1397 2577 nisi
1425 2555 1523 2576 cutmes
1569 2546 1635 2576 Hei

179 2585 360 2617 miseriam!
383 2587 439 2618 Sic
463 2587 566 2618 Phor.
583 2596 618 2619 v.
635 2590 666 2618 9.
683 2590 733 2620 19.
777 2589 786 2605 ‘
804 2589 880 2620 Pro
896 2589 932 2619 di
957 2589 1179 2625 immun-‚tales
1195 2588 1327 2620 facinus
1355 2588 1580 2620 miseiandum
1599 2596 1633 2619 et

179 2629 329 2660 malum!
374 2629 462 2661 And.
489 2638 538 2661 ιν.
552 2632 584 2661 4.
600 2633 653 2661 28.
699 2631 754 2663 ‘O
781 2630 914 2662 facinus
945 2631 1302 2663 animadvertendnm¹
1327 2631 1419 2664 Quid
1449 2631 1634 2662 clamitas?

181 2671 277 2703 Bent.
324 2673 354 2702 0
373 2673 516 2704 miserum
535 2672 688 2711 facinus!
727 2674 804 2704 Nisi
827 2675 1110 2713 caves,geminabit
1139 2674 1242 2706 Both.
1288 2674 1475 2705 Omiseram
1495 2674 1633 2711 sacimas.

182 2736 190 2743 .
208 2734 216 2742 .
232 2736 240 2744 .
259 2737 267 2744 .
284 2715 350 2745 Hei
369 2716 525 2746 miseriam
544 2716 633 2747 Perl.
677 2719 685 2732 ‘
703 2715 745 2746 In
770 2717 838 2747 Ms-
856 2717 899 2748 R.
916 2717 1080 2756 indignum
1097 2717 1205 2748 deest.
1250 2716 1346 2748 Idem
1367 2717 1469 2748 habet
1488 2717 1529 2747 Ei
1545 2718 1633 2747 mise-

181 2765 250 2786 rum
259 2756 284 2786 !’
309 2757 407 2788 Lind.
455 2759 484 2788 0
499 2758 644 2789 miserum
661 2758 788 2795 facinus
802 2782 809 2789 .
829 2782 837 2790 .
854 2782 862 2790 .
881 2782 888 2790 .
906 2759 949 2790 Εἰ
971 2759 1149 2791 miseriam!
1173 2760 1233 2790 ΒΓ.
1281 2760 1310 2789 Ο
1330 2759 1449 2799 fuciuu'
1465 2759 1634 2790 miserum!

184 2821 191 2828 .
212 2822 218 2828 .
237 2822 244 2830 .
260 2799 324 2830 Hei
347 2800 522 2831 miseriam!
546 2801 625 2842 Bip.
645 2811 720 2842 quae
738 2803 785 2833 sic
803 2807 921 2833 notat:
945 2802 954 2819 ‘
970 2802 1055 2834 Inde
1078 2808 1173 2834 certe
1197 2802 1237 2833 ab
1268 2803 1407 2834 Erasmo
1425 2803 1513 2841 vulg.
1529 2802 1631 2839 iudig-
