1966 3302
347 211 452 255 928*
847 224 887 253 P.
920 222 1161 253 TEREN‘rn
1199 222 1314 254 Aeni

349 319 424 361 Sic
446 322 565 360 oret:
596 329 709 358 nunc
731 318 902 368 amitte,
923 330 1092 372 quaeso,
1113 318 1250 360 hunc:
1283 321 1474 360 ceterum
1716 320 1719 322 ’
1747 315 1807 360 9ῑ

348 386 558 435 Posthac,
581 387 619 427 si
640 385 893 439 quicquam,
914 386 1025 427 nihil
1046 399 1228 440 precor:
1259 384 1564 428 tantummodo

349 454 455 497 Non
476 454 637 496 addat:
669 453 744 494 ubi
766 467 846 507 ego
865 454 967 495 hinc
990 454 1156 503 abiero,
1175 454 1246 495 vel
1268 453 1478 495 occidito.

347 523 443 564 DA.
475 520 595 572 Quid
618 521 886 575 paedagogus
907 522 995 572 ille,
1015 522 1091 576 qui
1113 521 1436 563 citharistriam
1455 521 1475 562 ’ἓ

349 589 470 641 Quid
499 589 563 631 rei
594 589 735 643 gerit?
815 589 904 631 GE.
937 590 1029 641 Sic,
1066 591 1270 634 tenuiter.
1350 590 1444 631 DA.
1474 588 1580 630 Non
1616 587 1801 630 multum

519 657 655 699 habet
1749 656 1807 697 95

349 725 485 777 Quod
505 725 596 776 det,
617 726 820 768 fortasse.
879 726 967 769 GE.
998 727 1144 769 Immo
1165 728 1291 778 nihil,
1314 727 1402 768 nisi
1420 740 1547 782 spem
1567 738 1747 768 meram.

350 795 445 837 DA.
467 794 600 836 Pater
619 794 716 849 ejus
734 795 880 845 rediit,
902 808 957 836 an
978 796 1095 837 non?
1148 795 1238 837 GE.
1261 795 1484 837 Nondum.
1535 794 1630 836 DA.
1652 792 1805 845 Quid?

522 876 672 905 senem

350 932 514 984 Quoad
533 931 785 986 expectatis
805 932 1034 973 vostrum?
1096 930 1186 972 GE.
1218 931 1263 973 N
1267 945 1325 972 on
1344 936 1510 973 certum
1534 931 1656 983 scio3

348 1001 439 1042 Sed
458 1000 694 1055 epistolam
716 1000 772 1040 ab
792 1013 844 1041 eo
866 1000 1047 1041 allatam
1066 1013 1163 1040 esse
1185 1000 1335 1041 audivi
1356 999 1505 1048 modo,

350 1068 409 1110 Et
429 1068 487 1110 ad
511 1068 740 1123 portitores
762 1082 861 1109 esse
884 1068 1103 1110 delatam:
1133 1068 1249 1110 hanc
1270 1071 1436 1122 petam.
1721 1065 1806 1108 100

349 1137 445 1178 ΒΑ.
467 1136 711 1191 Numquid,
734 1136 866 1185 Geta,
889 1136 1010 1177 aliud
1030 1149 1100 1178 me
1120 1137 1225 1177 vis?
1287 1135 1376 1177 GE.
1399 1134 1466 1176 Ut
1484 1134 1599 1175 bene
1622 1133 1679 1175 sit
1695 1133 1778 1175 tibi
1797 1135 1807 1176 ἔ

350 1205 480 1256 Puer,
500 1205 632 1247 heus!
662 1204 836 1247 nemon'
856 1205 940 1247 huc
961 1205 1144 1259 prodit?
1176 1217 1305 1260 cape,
1327 1204 1387 1246 da
1408 1203 1494 1244 hoc
1515 1201 1700 1244 Dorcio.

349 1354 539 1393 mihifuciat
552 1365 566 1392 ‚·
587 1354 724 1394 dimitte,
738 1365 827 1395 rogo,
842 1354 922 1386 hunc
936 1354 1090 1396 impunem
1104 1364 1206 1386 mmo:
1228 1354 1257 1385 si
1273 1364 1343 1386 cero
1357 1353 1485 1395 posthac
1499 1352 1661 1393 quicquam
1674 1352 1809 1393 delique·

349 1399 406 1437 rit,
422 1399 502 1429 nihil
521 1399 685 1439 deprecor:
707 1399 795 1429 modo
809 1398 844 1429 id
858 1398 987 1438 denique
1000 1408 1062 1429 non
1082 1398 1224 1437 adjiciat,
1237 1401 1398 1438 postquam
1414 1397 1485 1427 hinc
1498 1395 1767 1437 prosectussuero‚
1781 1397 1810 1426 si

350 1441 438 1479 libet,
460 1442 555 1472 etiam
580 1442 658 1473 hunc
682 1441 863 1484 interflcito.
910 1441 982 1472 DA.
1009 1441 1095 1477 Quid
1110 1450 1180 1472 vero
1201 1442 1268 1480 agit
1283 1441 1336 1471 ille
1349 1441 1539 1481 poeclagogus
1551 1438 1696 1479 vivginis,
1713 1438 1809 1469 Place-

349 1482 446 1515 dria?
491 1484 561 1516 GE.
585 1484 640 1516 Sic
661 1485 786 1524 exigue.
843 1485 911 1515 DA.
936 1484 1096 1515 Modicum
1109 1484 1248 1522 fortasse
1269 1483 1318 1514 illi
1339 1487 1385 1514 est
1407 1484 1487 1523 quod
1514 1483 1576 1513 det.
1621 1482 1687 1513 GE.
1711 1480 1809 1512 Immo

350 1527 440 1564 nihil,
456 1527 517 1558 nisi
531 1528 614 1558 nuda
629 1538 709 1568 spes,
725 1527 754 1558 ei
769 1531 878 1558 restat.
893 1528 965 1559 DA.
976 1527 1116 1559 Pater-ne
1132 1527 1197 1565 ejus
1209 1536 1340 1567 peregre
1354 1535 1494 1557 reversus
1509 1528 1567 1564 est,
1583 1535 1624 1556 αη
1639 1527 1719 1555 non?
1741 1524 1809 1556 GE.

352 1570 512 1601 Nondum.
557 1571 625 1602 DA.
653 1571 759 1607 Quid?
788 1580 889 1602 senem
903 1574 1040 1601 vestrum
1055 1571 1281 1611 Demiphonem
1309 1570 1348 1600 ad
1379 1569 1458 1609 quod
1483 1571 1600 1608 tempus
1621 1567 1811 1608 expectatis?

352 1613 420 1644 GE.
445 1614 587 1645 Incertus
600 1624 666 1644 sum
681 1615 717 1645 de
732 1614 821 1653 hujus
833 1613 958 1650 redium
979 1614 1033 1644 sed
1046 1614 1132 1644 modo
1155 1614 1257 1653 accepi
1273 1612 1310 1643 ab
1326 1623 1359 1643 eo
1371 1613 1500 1642 allatam
1513 1621 1577 1642 esse
1593 1610 1763 1651 epistolam,
1779 1614 1810 1642 et

350 1656 423 1688 inde
450 1658 546 1688 latam
560 1657 664 1695 fuisse
693 1659 733 1688 ad
755 1657 933 1697 publicanos
955 1656 1008 1696 qui
1029 1656 1196 1696 vectigalia
1217 1658 1251 1686 in
1271 1659 1364 1697 portu
1383 1654 1524 1693 exigant.
1571 1654 1663 1685 Hanc
1676 1653 1810 1693 petitum

350 1709 397 1731 eo.
442 1701 514 1731 DA.
541 1696 701 1740 Numquid
725 1700 757 1730 in
782 1701 847 1730 alia
871 1710 905 1731 re
930 1699 989 1730 tibi
1010 1709 1085 1740 opus
1112 1703 1156 1730 est
1179 1708 1246 1730 med
1267 1696 1383 1738 opera?
1428 1697 1497 1729 GE.
1526 1697 1568 1728 Ut
1592 1697 1666 1728 bene
1688 1696 1730 1726 sit
1753 1695 1812 1726 tibi

346 1751 466 1782 precor.
513 1744 613 1783 Heus,
632 1753 730 1784 puer.-
753 1753 878 1775 nemone
906 1743 964 1774 huc
985 1743 1073 1774 domo
1095 1741 1264 1783 procedit?
1285 1751 1358 1783 cape
1380 1741 1435 1772 Ιιοε
1463 1742 1638 1780 argentum,
1664 1742 1693 1770 et
1721 1739 1811 1770 trade

350 1786 479 1817 Dorcio.

960 1859 1202 1872 eeeeeeeeeeee

350 1941 408 1973 Ita
424 1947 459 1973 et
475 1943 618 1975 Br.—91
642 1942 775 1976 Amitte.
820 1943 877 1974 Sic
894 1943 962 1974 Do.
1009 1943 1129 1975 Nostri
1146 1951 1263 1974 omnes
1279 1941 1397 1972 omitte.
1421 1940 1523 1970 Bent.
1572 1938 1691 1970 Omitte
1705 1938 1811 1969 Er.—

352 1988 393 2016 93
417 1986 521 2017 Multi
538 1987 559 2017 l.
576 1996 603 2017 s.
618 1986 652 2016 in
669 1986 790 2027 quibus
803 1995 919 2017 omnes
934 1985 1174 2027 antiquissimi,
1186 1986 1260 2016 Non
1272 1984 1373 2015 addit.
1398 1983 1458 2014 Fa.
1489 1982 1607 2013 Nostri
1622 1982 1724 2013 etiam
1738 1981 1809 2022 ple-

352 2029 448 2069 rique
465 2029 567 2068 addit,
579 2039 662 2060 unus
677 2035 713 2059 et
729 2030 817 2060 aiter
833 2030 938 2067 addet,
952 2029 1004 2059 vel
1021 2030 1130 2060 addat.
1154 2029 1257 2059 Bent.
1303 2026 1405 2057 Addit
1423 2026 1481 2056 ΒΥ.
1498 2025 1599 2055 Both.
1617 2025 1709 2055 Perl.
1744 2024 1812 2055 Ad-

351 2073 408 2102 dat
430 2073 553 2111 probat
568 2072 646 2112 Bip.
693 2070 811 2103 Guelf.
829 2075 858 2103 1.
873 2073 1106 2103 adducam—94
1130 2072 1249 2103 Malim
1266 2070 1501 2109 distinguere:
1538 2067 1647 2102 Quid?
1667 2068 1811 2107 paedago·

350 2124 413 2153 gns
438 2115 503 2154 ille,
525 2115 578 2155 qni
608 2115 857 2155 Citharistriam,
885 2115 969 2150 Quid
994 2115 1042 2146 rei
1064 2115 1176 2155 gerit?
1213 2115 1261 2144 sic
1288 2122 1367 2144 mox
1385 2122 1434 2143 vs.
1450 2113 1505 2143 97.
1529 2111 1538 2127 ‘
1556 2110 1672 2143 Quid?
1696 2119 1811 2141 senem

354 2158 475 2190 Quoad
489 2158 681 2199 expectatis
699 2163 849 2190 vostrum
862 2157 882 2189 ?’
912 2158 1014 2189 West.
1062 2158 1147 2193 Quid
1160 2158 1214 2188 ille
1236 2157 1438 2197 paedagogus.
1484 2153 1529 2185 Ο.
1545 2153 1569 2183 1.
1587 2163 1614 2185 s.
1631 2158 1667 2184 et
1682 2153 1751 2184 Do.
1770 2153 1812 2189 Q.

352 2202 540 2240 poeclagogus
557 2202 608 2232 ille
622 2201 771 2240 habent3
795 2210 935 2232 numero
961 2206 996 2232 et
1022 2201 1268 2242 compositione
1285 2199 1436 2230 meliore.
1463 2198 1522 2229 Fa.
1567 2196 1625 2228 Sic
1642 2202 1674 2226 et
1691 2197 1811 2227 nostri.

355 2244 450 2275 Bent.
496 2245 553 2275 Ille
566 2246 757 2285 poedagogus
773 2245 859 2284 Eug.
876 2244 916 2274 Z.
963 2244 1154 2284 Distinguit
1170 2244 1263 2274 Peri.
1283 2242 1325 2278 Q.
1340 2252 1372 2283 p.
1388 2238 1464 2272 ille?
1487 2251 1517 2280 q.
1529 2239 1812 2271 citiam-istriam.—

353 2289 393 2316 95
419 2287 487 2324 Sic,
502 2288 648 2319 tenuiter.
695 2288 846 2318 Distinxi
870 2287 927 2317 has
949 2288 1099 2327 voeuias,
1116 2291 1194 2327 post
1209 2295 1336 2328 paucas
1353 2284 1433 2316 edd.
1450 2283 1553 2324 idque
1568 2288 1726 2313 mouente
1744 2281 1813 2312 Do-

353 2334 446 2361 nato.
476 2331 576 2361 West.
622 2330 758 2361 Nullam
783 2329 1039 2361 distinctionem
1065 2330 1289 2371 interponunt
1316 2329 1376 2359 Br.
1402 2327 1584 2359 perh—96
1608 2325 1705 2356 Immo
1721 2325 1814 2363 nihil,

353 2373 432 2413 nisi]
466 2372 560 2404 Alias
582 2377 709 2413 proeter.
756 2374 813 2404 Er.
843 2373 989 2404 Fortasse
1004 2374 1084 2413 quod
1108 2374 1161 2404 det
1175 2372 1277 2403 Both.
1294 2381 1338 2401 ex
1355 2370 1430 2402 cod.
1447 2369 1490 2401 A.
1534 2372 1543 2387 ‘
1557 2368 1592 2402 J.
1609 2374 1644 2399 et
1659 2369 1810 2399 Venetus

355 2415 431 2447 cod.
448 2426 534 2456 opem
547 2416 679 2448 veram?
704 2416 885 2447 Pom—98
915 2416 1070 2448 Vestrum.
1115 2415 1201 2447 GM.
1226 2414 1385 2455 syllabam
1408 2423 1446 2444 no
1463 2416 1627 2443 mutatam
1645 2410 1759 2442 exhib.
1777 2411 1811 2441 in

353 2463 510 2490 vestrum.
525 2468 598 2499 sup.
615 2460 733 2499 script.
749 2463 813 2497 est,
839 2459 1072 2499 Demiphonem.
1096 2459 1298 2490 Peri—100
1320 2457 1361 2488 Tb
1379 2457 1422 2487 Et
1445 2455 1557 2487 versui
1571 2453 1735 2496 superiori
1754 2452 1811 2484 ad-

350 2501 502 2541 jungunt
526 2502 628 2533 Both.
655 2502 733 2541 Bip.
780 2506 788 2519 ‘
806 2502 890 2533 Mss.
919 2502 1011 2541 Lips.
1035 2502 1135 2533 Bodl.
1151 2501 1250 2532 Witt.
1268 2510 1344 2531 cum
1362 2500 1434 2531 ΕΡ.
1458 2509 1522 2530 esse
1537 2500 1654 2529 latam:
1676 2495 1765 2527 idern
1790 2505 1809 2526 e

355 2544 424 2615 21⁵⁸
443 2544 569 2618 kovan.
587 2546 674 2577 citat
686 2544 918 2577 Pulmannus.’
948 2545 1048 2578 West.
1091 2545 1147 2577 Ita
1162 2549 1199 2576 et
1220 2545 1385 2577 Br.—101
1410 2542 1496 2575 GM.
1512 2540 1571 2573 tibi
1585 2540 1748 2572 sia-102
1769 2537 1811 2570 Τὸ

377 2597 411 2617 oc
427 2595 445 2617 a
473 2592 526 2619 est
539 2588 638 2619 Both.
