1966 3302
302 225 387 267 (512
796 236 835 265 P.
870 235 1110 265 TEREN'ru
1147 237 1262 266 Arm

308 331 648 385 Exponendam.
709 329 798 371 Cn.
837 329 876 370 Ο
913 330 1110 384 Jupiter!
1143 334 1372 372 tantamne
1402 343 1502 372 csse
1529 330 1580 371 in
1611 331 1757 373 animo

472 397 691 439 inscitiam
713 399 720 436 !

301 466 379 506 So.
412 465 562 506 Perii!
595 465 701 518 quid
737 478 820 517 ego
857 465 977 507 feci?
1039 464 1126 506 Cn.
1159 465 1391 518 Rogitas?
1452 465 1531 506 So.
1562 466 1611 507 Si
1652 480 1758 520 pec-

473 533 584 580 cavi,
606 532 666 571 mi
688 531 890 582 Chreme,

301 599 498 640 Insciens
520 599 621 640 feci·
683 598 771 639 CH.
803 599 857 639 Id
879 599 1087 653 equidem
1109 613 1206 652 ego,
1228 600 1267 641 si
1284 604 1332 640 tu
1347 613 1494 653 neges,
1511 603 1633 641 certo
1649 601 1758 650 scio,

299 666 365 707 Te
378 667 632 707 inscientem
647 668 778 719 atque
795 667 1113 719 imprudentem
1128 668 1271 708 dicere
1290 680 1343 708 ac
1357 667 1502 708 facere
1519 667 1684 708 omnia:
1701 667 1758 708 20

299 734 388 775 Tot
421 740 607 788 peccata
647 734 692 773 in
727 734 810 775 hac
848 747 892 775 re
930 735 1125 776 ostendis
1147 749 1156 776 :
1199 748 1315 784 nam,
1350 734 1444 788 jam
1478 734 1684 788 primum,
1718 735 1759 775 si

472 815 617 842 meum

300 869 540 922 Imperium
562 869 725 923 exequi
753 869 991 918 voluisses,
1015 869 1286 910 interemtam
1309 867 1529 922 oportuit:

299 936 407 978 Non
428 936 634 977 simulare
655 942 840 977 mortem
863 937 1019 984 verbis,
1042 950 1088 976 re
1109 937 1210 990 ipsa
1233 949 1357 990 spem
1378 937 1483 978 vitae
1506 937 1624 979 dare.

298 1003 360 1045 At
379 1003 424 1044 id
446 1004 622 1045 omitto:
656 1003 974 1050 misericordia,
997 1003 1169 1044 animus
1192 1008 1438 1045 maternus:
1471 1004 1581 1046 sino.
1626 1059 1628 1061 ‚

299 1071 448 1122 Quam
487 1071 599 1112 bene
638 1083 738 1112 vero
775 1071 855 1111 abs
889 1075 932 1111 te
968 1068 1252 1124 prospectum
1282 1071 1375 1111 est!
1407 1071 1513 1124 quid
1540 1072 1757 1114 voluisti?

473 1139 636 1192 cogita.
1702 1141 1761 1182 25

299 1206 474 1260 Nempe
494 1206 596 1246 anui
618 1205 683 1246 illi
705 1204 883 1259 prodita
904 1205 986 1246 abs
1009 1210 1053 1245 te
1073 1204 1166 1245 filia
1186 1208 1254 1246 est
1273 1205 1561 1258 planissume,

301 1274 391 1315 Pe'r
412 1279 456 1314 te
475 1273 544 1314 vel
564 1273 631 1313 uti
652 1276 871 1325 quaestum
892 1272 1073 1322 faceret,
1096 1272 1167 1313 vel
1187 1272 1251 1312 uti
1273 1274 1436 1314 veniret
1456 1274 1620 1328 palam.

302 1341 450 1383 Credo
471 1340 517 1381 id
535 1340 767 1393 cogitasti:
798 1339 974 1393 quidvis
997 1340 1107 1381 satis
1129 1343 1213 1389 est,
1236 1340 1338 1380 dum
1362 1341 1485 1382 vivat
1502 1342 1654 1383 modo.

305 1485 372 1518 CH.
400 1486 485 1517 Proh
499 1487 627 1527 Jupiter
640 1485 654 1517 Ι
677 1489 835 1526 oportetne
852 1496 918 1516 esse
932 1488 1051 1516 tantam
1066 1484 1276 1524 ignorantiam
1290 1486 1322 1516 in
1336 1489 1436 1517 mente
1447 1487 1540 1517 ullius
1550 1485 1566 1518 ἶ)
1602 1485 1659 1517 So.
1683 1486 1761 1516 Per·-

304 1528 372 1559 dita
387 1539 467 1569 sam,
490 1531 564 1569 quic!
579 1529 740 1560 commisi?
785 1530 854 1560 Cn.
883 1528 1019 1564 Quoerz's.
1064 1528 1125 1558 So.
1149 1528 1202 1558 Mi
1220 1528 1380 1568 Chremes,
1395 1530 1422 1559 si
1438 1530 1554 1566 erravi,
1575 1539 1632 1569 per
1643 1529 1759 1569 impru-

301 1572 453 1610 dentiam,
467 1582 526 1602 non
542 1572 650 1603 dedita
665 1582 757 1612 opera
772 1572 804 1602 id
813 1571 889 1609 feci.
937 1572 1006 1602 CH.
1027 1571 1156 1601 Certum
1173 1572 1205 1601 id
1219 1581 1291 1601 sane
1307 1575 1354 1602 est
1366 1572 1602 1612 mihi,quamcis
1617 1580 1761 1610 negareS,
1811 1599 1814 1601 Α

306 1617 336 1644 te
351 1615 452 1645 dicere
468 1625 503 1645 ac
510 1615 619 1653 facere
634 1614 736 1646 omnia
751 1624 805 1653 per
821 1614 1034 1653 ignorantiam
1048 1624 1059 1650 ‚·
1081 1616 1127 1643 tot
1142 1617 1267 1653 peccata
1291 1617 1345 1644 tua
1367 1614 1401 1644 in
1427 1614 1482 1645 hoc
1497 1615 1588 1652 sacto
1611 1614 1760 1644 ostendis.

305 1657 346 1686 1η
360 1658 470 1697 primis
479 1659 506 1688 si
521 1659 667 1688 voluisses
681 1658 830 1697 complere
835 1657 956 1695 jussum
972 1666 1084 1692 meam,
1107 1656 1267 1696 oportebat
1282 1657 1415 1696 puellam
1431 1657 1642 1695 interire,non
1658 1656 1762 1687 verbis

295 1698 423 1740 fingere
445 1710 512 1731 eam
528 1710 593 1732 esse
608 1704 772 1738 mortuam,
794 1703 824 1730 et
839 1709 873 1729 re
888 1699 955 1739 ipsa
968 1709 1034 1729 eam
1048 1708 1101 1738 spe
1117 1699 1192 1729 vitae
1207 1700 1332 1739 donare,
1346 1709 1415 1730 cum
1429 1703 1531 1739 posset
1535 1699 1614 1740 fieri
1631 1701 1666 1729 ut
1685 1708 1763 1729 anus

303 1742 391 1772 illam
407 1744 560 1783 educaret,
577 1753 636 1773 non
653 1745 827 1783 exponeret.
865 1741 908 1772 At
925 1742 957 1772 id
972 1744 1135 1781 praetereo,
1147 1745 1177 1772 te
1193 1741 1331 1772 debuisse
1343 1745 1452 1782 exequi
1466 1752 1567 1772 meum
1578 1740 1740 1781 imperium
1750 1746 1763 1777 ζ

304 1785 532 1823 misericordia,
548 1785 681 1826 affectus
706 1789 863 1815 maternus
878 1788 907 1815 te
924 1785 1115 1824 impulerunt
1125 1794 1136 1820 ‚·
1157 1785 1296 1815 concedo.
1343 1785 1444 1820 Quam
1456 1784 1586 1824 pessime
1600 1794 1671 1815 vero
1689 1793 1762 1824 pro-

302 1827 412 1858 vidisti
426 1827 532 1869 filiae!
555 1829 629 1868 quid
653 1827 779 1858 'coluisti
793 1829 901 1865 facere
916 1826 931 1859 (I
960 1826 1129 1857 considera.
1179 1828 1272 1857 Certe
1295 1827 1364 1867 fitia
1384 1827 1554 1867 prostituta
1577 1830 1624 1858 est
1638 1826 1760 1857 omnino

301 1879 322 1900 a
338 1874 368 1900 te
377 1881 388 1906 ,·
404 1871 452 1901 vel
468 1874 502 1902 ut
517 1874 666 1911 quaestum
683 1871 819 1908 turpiter
833 1879 956 1909 corpore
970 1879 1024 1899 sao
1031 1868 1169 1908 faceret,
1184 1870 1232 1899 vel
1248 1872 1281 1899 at
1289 1862 1478 1900 'venderetur
1492 1869 1621 1909 publice.
1659 1868 1759 1899 Credo
1802 1872 1803 1875 ’

301 1912 349 1943 ita
368 1914 492 1953 putasti
500 1924 512 1951 ,·
535 1913 680 1953 quidlibet
697 1912 827 1949 eveniat,
843 1913 960 1943 lucrum
974 1921 1098 1952 corpore
1104 1911 1220 1952 saciat,
1240 1912 1305 1943 sive
1320 1912 1459 1949 serviat;
1481 1911 1579 1943 satias
1594 1914 1653 1952 est,
1666 1920 1758 1951 quam

910 2019 989 2038 ne?
990 2019 1148 2032 eeeeeee

303 2100 358 2132 Sic
381 2104 425 2132 est
444 2101 478 2139 f.
502 2101 683 2133 Perh—lss
708 2099 761 2132 Al.
786 2101 838 2131 sed
861 2100 911 2131 hic
925 2102 994 2131 erat
1007 2110 1084 2131 anus
1102 2101 1137 2130 C.
1156 2121 1183 2131 ..
1197 2123 1204 2131 .
1220 2102 1341 2130 tantam
1363 2101 1524 2130 essa—17
1551 2095 1682 2130 Tantam
1697 2104 1760 2129 esse

302 2143 382 2183 Bip.
400 2144 493 2175 Peri.
511 2144 615 2175 Bent.
664 2144 740 2174 Esse
765 2146 887 2174 tantam
913 2143 1014 2174 Both.
1039 2144 1098 2173 sed
1125 2147 1233 2181 notat,
1258 2142 1472 2182 ‘Operarum
1495 2150 1612 2172 errore
1639 2144 1762 2172 tantum

300 2186 424 2225 legitur
442 2196 503 2227 pro
519 2185 660 2218 tantam!
703 2187 834 2216 Tantam
849 2196 886 2217 ne
901 2186 959 2216 Br.
997 2187 1168 2217 Tantamne
1184 2184 1301 2216 Guelf.
1314 2188 1345 2215 2.
1363 2189 1397 2215 et
1413 2193 1528 2215 omnes
1541 2183 1640 2215 codd.
1655 2183 1759 2215 Bent.

302 2229 312 2244 ⁶
328 2229 504 2260 Inscitiam.
551 2229 594 2260 G.
612 2230 649 2260 F.
672 2227 828 2259 defendit
850 2228 1056 2259 inscientiam.
1102 2229 1148 2259 Et
1174 2228 1293 2259 laudat
1318 2237 1360 2257 ex
1387 2227 1452 2258 Ms.
1478 2235 1545 2257 uno
1572 2225 1760 2257 Boecierus.

302 2270 391 2301 Mihi
415 2272 448 2302 in
476 2272 568 2302 nullo
592 2271 794 2310 repertum?
821 2271 1004 2302 West.——18
1028 2270 1175 2303 Quidam
1202 2270 1280 2301 libri
1306 2270 1342 2301 τὸ
1363 2269 1471 2310 perii!
1504 2268 1677 2300 Chremeti
1702 2268 1762 2299 tri-

304 2313 424 2345 buunt.
449 2315 548 2345 Idem.
593 2315 601 2331 ‘
618 2314 762 2345 Codices
780 2314 936 2354 plerique
952 2323 1079 2350 omnes,
1097 2314 1141 2344 At
1157 2313 1298 2352 rogitas?
1322 2312 1410 2353 quod
1428 2310 1565 2351 majoris
1582 2315 1635 2341 est
1651 2310 1761 2350 indig-

303 2356 478 2388 nationis!
502 2357 599 2388 Bent.
645 2356 701 2386 Ita
718 2361 753 2387 et
768 2356 828 2387 ΒΓ.
855 2357 935 2396 Bip.
966 2356 1059 2387 Peri.
1086 2356 1186 2386 Both.
1215 2355 1341 2394 Deiph.
1387 2354 1510 2385 Omitt.
1537 2353 1566 2384 si
1592 2351 1705 2383 Gueif.
1730 2356 1760 2384 1.

304 2398 365 2429 Br.
386 2399 415 2429 0
440 2399 484 2429 mi
513 2399 742 2430 Chreme—19
767 2399 806 2429 Id
828 2400 966 2439 equidem
993 2408 1061 2437 ego,
1085 2398 1208 2429 etiamsi
1232 2401 1267 2428 tu
1295 2406 1397 2436 neges.
1442 2397 1538 2427 Bein.
1565 2404 1631 2426 non
1657 2394 1762 2426 habet

304 2451 421 2472 vocem
451 2442 556 2481 etiam,
578 2451 653 2483 quae
680 2446 715 2472 et
741 2450 874 2471 versum
904 2442 1064 2481 impedit,
1087 2446 1122 2472 et
1148 2441 1259 2472 sensui
1290 2449 1355 2470 non
1384 2442 1436 2470 est
1467 2438 1679 2469 necessaria:
1704 2437 1763 2468 alii

305 2493 420 2514 omnes
447 2484 525 2514 libri
548 2485 686 2523 habent,
711 2484 769 2514 etsi
783 2487 807 2514 t.
830 2494 860 2514 n.
887 2483 976 2524 quod
1002 2488 1036 2514 et
1062 2484 1170 2523 ipsum
1196 2489 1286 2514 stare
1317 2486 1448 2522 potest:
1475 2485 1644 2521 praeterea
1670 2481 1762 2510 soiiis

304 2527 403 2556 Bem.
417 2528 568 2566 equidem,
591 2526 647 2557 aiii
663 2536 780 2557 omnes
796 2526 917 2566 quidem
933 2526 1070 2557 habent.
1096 2526 1154 2556 Fa.
1201 2528 1209 2543 ‘
1224 2525 1342 2556 Nostri
1360 2533 1474 2555 omnes
1491 2523 1530 2554 Id
1545 2523 1668 2563 quidem
1683 2521 1765 2560 ego?

306 2569 410 2599 Bent.
456 2569 515 2601 Br.
534 2570 572 2599 Id
587 2580 617 2609 q.
634 2578 662 2599 e.
678 2569 735 2599 etsi
751 2572 775 2600 t.
792 2579 823 2599 n.
840 2572 921 2599 certe
934 2579 959 2600 s.
1004 2569 1044 2599 Id
1071 2568 1193 2608 quidem
1223 2577 1278 2606 ego
1304 2567 1397 2597 Peri.
1450 2565 1588 2597 Etiamsi
1614 2565 1761 2595 Er.-20

305 2611 502 2642 Nescientem
518 2610 632 2642 Gueif.
648 2613 765 2642 3.-—·22
792 2611 868 2641 Esse
892 2617 968 2651 post
994 2611 1172 2650 interempt.
1198 2610 1390 2640 {deun—24
1413 2608 1480 2640 Ms.
1507 2608 1548 2639 R.
1571 2609 1693 2638 animus
1719 2617 1761 2640 m.

305 2654 385 2694 sino,
410 2658 440 2684 te
454 2654 578 2685 devicit.
604 2654 785 2685 find—25
811 2654 911 2692 Vulg.
936 2656 1004 2684 est:
1029 2653 1104 2693 quid
1128 2651 1276 2683 soluisti?
1301 2652 1392 2682 nulla
1415 2650 1588 2682 distinctio
1617 2655 1761 2690 utroque

305 2696 381 2726 loco
397 2696 429 2726 in
447 2695 547 2726 codd.
564 2695 607 2735 A,
623 2697 661 2726 B.
683 2696 773 2726 Both.
800 2696 857 2735 qni
875 2697 977 2735 igitur
1003 2695 1064 2726 dat
1088 2698 1281 2735 prospectum
1307 2697 1364 2730 est,
1387 2694 1466 2734 quod
1490 2692 1628 2728 voluisti,
1647 2694 1761 2722 c.—‘26

306 2738 506 2778 Legendnrn
524 2744 639 2769 monet
658 2739 759 2768 Bent.
777 2738 895 2777 Nempe
912 2738 958 2768 illi
973 2739 1056 2769 anai.
1092 2739 1148 2769 lta
1165 2743 1199 2768 et
1216 2737 1406 2768 Rom—28
1430 2735 1511 2774 Alii,
1526 2734 1648 2775 quidris
1662 2734 1762 2764 satias

307 2785 363 2812 est.
395 2781 490 2812 Libri
506 2782 640 2822 quidam
656 2792 663 2811 ;
690 2781 762 2820 qaid
780 2781 845 2810 ris?
867 2782 944 2811 satis
958 2785 1014 2812 est.
1035 2781 1141 2812 West.
1169 2781 1178 2798 ‘
1199 2780 1331 2816 Quidvis
1346 2779 1443 2810 satius
1454 2781 1507 2810 est.
1546 2776 1592 2809 O.
1605 2777 1626 2809 1.
1641 2786 1667 2808 s.
1684 2776 1762 2808 satis
