1966 3302
357 247 442 288 564
854 258 894 286 P.
926 256 1167 288 'rEREN'rn
1202 258 1318 289 ΑΒΜ

360 353 566 395 Praebent
586 352 747 405 exigue
770 356 986 393 sumtum:
1020 355 1154 406 atque
1175 352 1272 394 haec
1306 356 1407 394 suut
1435 358 1577 397 tamen
1604 355 1816 399 advirtu·

528 426 616 463 tem
638 421 801 461 omnia.

354 491 522 533 Verum
542 489 618 530 ubi
638 489 808 529 animus
828 488 962 528 semel
985 500 1032 528 se
1049 488 1294 542 cupiditate
1318 490 1520 532 devinxit
1540 491 1674 542 mala,

356 553 557 601 Ne‘eesse
578 560 657 607 est,
677 552 892 609 Clitipho,
916 555 1101 598 consilia
1122 558 1340 612 consequi
1360 558 1612 600 consimilia
1628 572 1638 601 z
1654 560 1739 601 hoc
1760 560 1818 602 35

355 627 524 668 Scitum
551 629 645 676 est3
676 623 920 678 periculum
955 637 1013 665 ex
1049 623 1148 666 aliis
1182 625 1344 674 facere,
1375 625 1454 666 tibi
1490 625 1614 679 quod
1642 639 1701 669 ex
1735 640 1817 670 usu

526 693 626 734 siet.

356 763 439 805 Cn.
472 761 545 802 Ita
566 761 713 802 crede.
775 759 863 802 CH.
897 759 992 813 Ego
1022 760 1097 801 ibo
1127 759 1227 803 hinc
1258 761 1388 811 intre,
1420 764 1468 802 ut
1487 760 1664 803 videam
1684 762 1816 805 nobis

527 829 632 882 quid
654 841 795 869 coenae
818 828 915 869 siet.

353 899 441 948 Tu,
461 902 510 939 ut
529 902 704 951 tempus
726 900 793 938 est
813 896 917 946 diei,
939 896 1042 937 vide
1064 898 1141 948 sis,
1164 910 1220 938 ne
1243 909 1333 951 quo
1353 897 1457 939 hinc
1472 898 1608 941 abeas
1624 898 1814 953 longius.

353 1032 435 1070 iant,
450 1034 479 1061 et
495 1035 598 1062 tamen
613 1031 727 1069 omnia,
749 1039 814 1070 quoe
832 1029 974 1068 faciunt,
988 1029 1117 1061 virtutis
1143 1040 1235 1062 causa
1248 1031 1396 1069 faciunt:
1418 1040 1502 1072 nam,
1522 1036 1683 1074 postquam
1697 1031 1818 1063 animus

352 1074 504 1105 humanus
515 1073 658 1104 irretitus
673 1077 718 1104 est
732 1072 936 1112 voluptatibus
952 1073 1108 1110 obscoenis,
1125 1083 1245 1105 necesse
1258 1077 1317 1113 est,
1337 1084 1355 1104 o
1379 1073 1527 1115 Clitipho,
1552 1079 1587 1106 ut
1615 1075 1732 1107 similia
1747 1085 1817 1106 con-

350 1116 425 1147 sicia
452 1116 610 1155 ineantur,
633 1119 665 1147 et
694 1117 790 1147 locum
810 1115 952 1146 habeant.
998 1116 1070 1146 Hoc
1095 1120 1141 1147 est
1166 1117 1320 1148 enimvero
1339 1118 1508 1158 prudenter
1520 1118 1656 1158 factum,
1678 1128 1717 1149 ex
1741 1117 1818 1148 alio-

351 1169 422 1190 rum
448 1163 558 1191 eventu
586 1169 705 1191 sumere
732 1158 927 1189 consilium·
915 1182 924 1196 ,
958 1159 1090 1190 aliorum
1120 1161 1268 1201 exemplis
1290 1159 1410 1191 erudiri
1431 1160 1695 1200 sapientissimum
1716 1164 1764 1192 est
1786 1163 1818 1191 et

351 1203 560 1234 utilissimum.
608 1203 670 1234 CL.
697 1201 854 1233 Existimo
881 1211 944 1232 esse
967 1202 1013 1232 ita
1035 1206 1071 1232 ut
1093 1202 1184 1233 dicis.
1240 1203 1309 1235 Cn.
1338 1203 1405 1242 Ego
1436 1203 1486 1234 ibo
1517 1204 1600 1234 intro
1629 1205 1764 1242 domum,
1784 1206 1821 1233 ut

350 1246 446 1277 sciam
461 1246 536 1286 quid
548 1247 590 1277 ad
603 1255 720 1277 coenam
731 1248 876 1286 paratum
889 1245 943 1277 sit.
992 1246 1051 1285 Tu,
1069 1244 1220 1287 Clitipho,
1231 1247 1305 1278 dum
1318 1246 1418 1277 adhuc
1433 1246 1500 1278 dies
1515 1250 1574 1288 est,
1586 1247 1649 1278 noli
1661 1247 1817 1278 discedere

350 1289 423 1321 hinc
437 1289 572 1329 longius.

960 1373 1037 1385 ‘eene
1041 1373 1177 1385 ‘Mt-'ee
1181 1374 1200 1385 e·

350 1445 456 1477 crebro
478 1445 671 1477 convivarier
694 1443 810 1476 Guelf.
826 1447 857 1476 1.
904 1444 979 1475 Non
1000 1445 1066 1476 vult
1080 1447 1200 1476 2.—33
1227 1445 1271 1476 Et
1294 1455 1330 1476 ea
1351 1448 1425 1476 sunt
1441 1449 1543 1476 tamen
1566 1447 1607 1476 acl
1619 1456 1647 1478 v.
1661 1456 1689 1478 o.
1715 1445 1814 1479 Bem.

351 1489 425 1520 sine
442 1489 682 1529 conjunctione
698 1487 805 1518 habet
820 1486 904 1519 dict.
920 1487 997 1526 hoec,
1024 1488 1082 1519 alii
1105 1498 1183 1519 cum
1198 1487 1375 1528 conjunct.
1393 1491 1506 1528 atque:
1528 1488 1619 1529 quod
1636 1493 1670 1520 et
1689 1489 1815 1529 placet.

352 1532 412 1563 Fa.
458 1532 467 1548 ‘
487 1531 608 1563 Nostri
625 1539 753 1570 ornnes,
767 1533 859 1570 atque
874 1531 938 1561 hoec
962 1530 1059 1562 sunt.⁷
1083 1531 1272 1563 Bene—34
1297 1529 1354 1562 Al.
1384 1530 1498 1562 Verum
1519 1532 1641 1562 emimus
1661 1532 1814 1564 ubal—35

352 1574 440 1606 GM.
456 1575 551 1606 Perl.
566 1574 694 1605 consilia
716 1574 803 1614 sequi
828 1573 1026 1604 consimilia:
1050 1573 1104 1604 hoc
1121 1573 1241 1605 Scitum
1256 1577 1314 1604 est.
1339 1573 1456 1605 Guelf.
1480 1576 1512 1605 2.
1528 1574 1657 1605 similia.
1685 1575 1695 1591 ‘
1712 1575 1816 1607 Bent.

351 1618 386 1648 in
403 1616 471 1648 fine
488 1617 622 1649 addidit
648 1617 715 1648 hoc.
761 1615 863 1647 Unde
888 1616 1019 1647 nescio.
1022 1616 1155 1648 ’Zeum
1200 1617 1306 1648 Both.
1332 1616 1387 1647 hoc
1413 1616 1553 1648 omittit
1555 1619 1641 1648 —36
1664 1617 1725 1648 Br.
1742 1617 1815 1649 Hoc

349 1661 463 1692 scitum
491 1664 549 1692 est.
595 1660 604 1677 ‘
622 1660 750 1691 Verum
768 1662 832 1697 est,
847 1659 937 1700 quod
955 1668 1040 1690 unus
1059 1669 1101 1690 ex
1118 1658 1233 1700 Regiis
1255 1659 1309 1690 hic
1326 1659 1444 1698 habet,
1459 1664 1494 1690 et
1517 1669 1621 1691 scena
1647 1665 1815 1702 sequente

353 1713 401 1733 vs.
417 1706 448 1735 9
465 1703 544 1744 duo,
559 1702 617 1735 tibi
631 1702 705 1743 quid
724 1711 765 1734 ex
787 1711 846 1733 usu
865 1701 948 1734 siet?
974 1703 1076 1734 Bent.
1118 1705 1128 1722 ‘
1145 1703 1258 1734 Recte
1274 1702 1376 1734 Bent.
1399 1702 1475 1742 quid
1497 1711 1540 1733 ex
1563 1703 1647 1734 Mss.
1662 1704 1817 1743 reposuit

353 1756 415 1787 pro
432 1748 536 1787 quod:
561 1756 635 1777 nam
651 1746 729 1786 quod
753 1744 795 1776 ad
820 1745 931 1785 ipsum
948 1746 1049 1776 modo
1070 1745 1259 1787 periculum
1285 1745 1440 1786 respicit,
1462 1747 1535 1786 quid
1551 1745 1595 1777 ad
1611 1746 1676 1777 alla
1692 1745 1817 1779 similia

351 1795 454 1830 atque
469 1790 511 1820 ad
529 1789 595 1820 alia
611 1790 712 1820 etiam
730 1787 928 1820 contraria.'
953 1788 995 1820 R.
1009 1788 1098 1820 D.-
1104 1792 1144 1820 37
1170 1789 1295 1820 Nullus
1310 1789 1331 1819 1.
1349 1798 1376 1820 s.
1391 1787 1477 1820 lianc
1499 1788 1602 1820 habet
1617 1789 1816 1821 collocatio-

351 1841 440 1869 nem,
455 1833 514 1864 sed
530 1842 646 1863 omues
663 1833 726 1870 ita,
741 1834 776 1862 ut
797 1832 920 1862 videam
935 1841 1018 1862 cenae
1040 1831 1114 1872 quid
1135 1831 1224 1863 nobis
1244 1832 1298 1870 sil,
1321 1831 1375 1862 vel
1395 1831 1466 1863 siet.
1512 1831 1611 1863 Solus
1626 1832 1724 1865 Bem.
1741 1834 1816 1872 quid

349 1877 382 1906 in
399 1885 453 1906 cen
469 1876 548 1906 siet:
567 1875 693 1906 deinde
710 1874 826 1905 deleto
843 1875 889 1911 in,
906 1880 981 1915 post
998 1884 1052 1905 cen
1065 1874 1323 1916 superadditum
1336 1878 1389 1905 est
1403 1884 1430 1913 e,
1449 1879 1487 1906 ut
1500 1874 1601 1906 fieret
1614 1884 1696 1907 cene.
1740 1876 1817 1916 Ego

351 1919 534 1959 legendum
554 1924 649 1960 puto,
661 1917 736 1959 quid
758 1918 791 1948 in
812 1927 918 1948 cenam
941 1918 1022 1948 siet:
1046 1922 1084 1949 ut
1106 1922 1142 1949 et
1165 1917 1199 1949 in
1217 1916 1393 1957 Andria‚‘
1405 1916 1496 1949 ferre
1520 1917 1620 1949 obolo
1643 1918 1676 1949 in
1693 1927 1815 1950 cenam

352 1962 449 1992 seni:
443 1961 461 1979 ·’
487 1971 551 1992 nec
568 1971 687 1992 versus
704 1965 886 2001 repugnat,
903 1960 928 1990 si
944 1970 986 1991 ex
1008 1961 1093 2001 quid,
1106 1961 1214 1991 elidas
1229 1962 1261 1991 d.
1287 1960 1348 1991 Fa.
1394 1961 1405 1978 ‘
1420 1961 1477 1992 Ita
1491 1970 1621 1992 summo
1648 1970 1815 1992 consensu

352 2005 428 2035 libri
447 2004 621 2036 exhibent.
638 2004 731 2044 Guy.
755 2008 868 2035 tamen
895 2004 1044 2044 reponit,
1061 2003 1149 2034 nobis
1175 2003 1250 2044 quid
1275 2003 1310 2034 in
1331 2013 1448 2035 coenam
1470 2004 1541 2035 siet.
1585 2004 1699 2035 Credo
1723 2004 1815 2045 quod

350 2047 443 2079 And.
462 2057 502 2079 n.
517 2050 549 2079 2.
566 2050 620 2079 32.
636 2048 773 2087 legitur,
797 2047 806 2063 ‘
821 2045 929 2077 Olera
952 2051 989 2078 et
1014 2046 1194 2087 pisciculos
1217 2046 1364 2077 minutos
1388 2045 1479 2078 ferre
1501 2047 1601 2078 obolo
1625 2047 1660 2077 in
1683 2056 1814 2079 coenam

351 2090 449 2122 seni.'
494 2090 564 2121 Ubi
581 2100 662 2122 vero
677 2090 797 2121 Latine
812 2089 894 2120 satis
911 2099 1005 2120 coenoe
1018 2089 1086 2120 dici
1104 2099 1172 2121 non
1190 2093 1340 2130 poterat.
1381 2089 1471 2121 -Inde
1487 2090 1572 2121 adeo
1589 2099 1655 2120 non
1667 2095 1745 2121 sunt
1760 2090 1812 2122 hae

351 2133 542 2165 locutiones
567 2133 752 2174 parallelae.
798 2132 870 2163 ΕΡ.
898 2132 985 2162 nobis
1013 2142 1106 2163 coena·
1127 2134 1201 2173 quid
1222 2133 1292 2163 siet.
1296 2131 1304 2145 ³
1326 2132 1437 2164 West.
1484 2133 1494 2149 ‘
1509 2133 1625 2164 Nostri
1649 2132 1813 2170 universi,

350 2176 435 2207 nobis
450 2186 543 2207 coenoe
559 2176 634 2216 quid
646 2175 727 2207 siet?
752 2177 855 2206 Bent
896 2175 906 2191 ‘
924 2175 1028 2206 Coenae
1043 2175 1118 2215 quid
1138 2175 1225 2206 nobis
1247 2176 1319 2206 siet.
1365 2175 1422 2206 Ita
1445 2175 1551 2207 verba
1565 2174 1764 2207 ordinantur
1778 2176 1813 2206 in

351 2219 429 2250 cod.
445 2219 490 2294 ἒ,
506 2219 625 2250 melius
642 2228 742 2260 quam
771 2219 805 2250 in
823 2217 980 2259 vulgatis,
996 2217 1056 2249 ubi
1086 2218 1136 2249 sic
1159 2217 1246 2249 nobis
1263 2229 1293 2259 q.
1311 2228 1338 2248 c.
1356 2227 1383 2249 s.
1389 2218 1518 2251 'Botli.
1555 2219 1639 2255 Quid
1661 2218 1703 2249 sit
1726 2218 1815 2250 nobis

351 2261 441 2293 Guel
488 2266 517 2294 1.

762 2505 965 2549 ACTUS
998 2507 1063 2549 ΙΙ.
1126 2507 1334 2549 SCENA
1366 2507 1402 2549 Ι.

952 2640 1204 2671 οωΤιΡΗο.

350 2707 504 2759 QUAM
528 2708 665 2762 iniqui
687 2712 786 2749 sunt
806 2714 958 2764 patres
977 2710 1021 2750 in
1043 2722 1194 2751 omnes
1215 2710 1527 2752 adolescentes
1541 2709 1721 2764 judices
1739 2711 1749 2752 ἱ

394 2825 453 2856 Cr..
481 2825 583 2860 Quam
596 2828 699 2863 patres
714 2828 784 2855 sunt
810 2824 911 2855 acerbi
936 2828 967 2855 et
995 2824 1164 2865 importuni
1188 2834 1327 2857 censores
1351 2826 1384 2856 in
1408 2834 1512 2857 omnes
1526 2825 1667 2867 juvenes,
1681 2829 1710 2857 et
1726 2825 1809 2857 arbi-
