1966 3302
325 246 411 288 966
692 277 695 279 .
805 255 858 285 r.
890 254 1134 285 TER'ENTii
1167 253 1283 286 ΛΜΗ

323 353 482 407 Neque
503 351 607 393 mihi
627 352 671 391 in
692 350 979 402 conspectum
1000 348 1173 402 prodit;
1204 351 1254 389 ut
1274 346 1435 390 saltem
1457 346 1620 400 sciam,

325 421 447 473 Quid
469 420 521 461 de
542 419 626 460 hac
647 431 693 459 re
711 418 846 467 dicat,
867 416 1032 471 quidve
1052 416 1110 457 sit
1131 417 1377 458 sententiae.

323 490 416 532 Abi
438 494 480 530 tu
498 502 509 540 ;
543 488 649 537 vise,
671 486 906 527 redieritne
921 485 1033 539 Jam‚
1055 497 1110 526 an
1130 485 1338 534 nondum,
1360 485 1551 526 domum.
1640 480 1642 482 ’
1751 482 1782 523 5

325 558 415 600 GE.
448 556 532 597 Eo.
593 555 684 596 DE.
716 554 911 603 Videtis,
934 567 1024 607 quo
1048 554 1093 594 in
1115 553 1218 594 loco
1239 567 1312 595 res
1334 554 1430 595 haec
1453 554 1552 594 siet.

327 624 450 676 Quid
473 624 589 678 ago?
623 623 709 673 dic,
734 622 897 675 Hegio.
959 621 1006 662 H
1015 633 1053 662 Ε.
1087 620 1181 674 Ego
1203 621 1427 662 Cratinum
1450 632 1624 668 censeo,

327 693 377 734 Si
398 693 475 734 tibi
497 692 680 733 videtur.
743 691 832 732 DE.
856 690 959 739 Dic,
980 689 1175 730 Cratine.
1237 688 1360 729 CRA.
1383 688 1516 729 Mene
1537 688 1639 729 vis?

328 761 420 802 DE.
439 760 521 801 Te.
553 759 679 801 CRA.
701 759 810 813 Ego,
832 771 933 812 quae
955 758 1001 798 in
1022 770 1113 798 rem
1133 762 1253 798 tuam
1274 757 1377 807 sint,
1391 769 1443 798 ea
1466 756 1596 798 velim
1619 745 1783 797 facias:

498 829 604 869 mihi

328 897 406 940 Sic
425 897 509 938 hoc
531 896 723 938 videtur:
755 894 875 949 quod
900 899 943 935 te
965 894 1147 935 absente
1166 892 1238 933 hic
1256 892 1378 932 filius
1725 887 1783 931 10

330 965 450 1019 Egit,
470 965 647 1006 restitui
666 964 710 1004 in
732 963 957 1016 integrum,
981 973 1158 1016 aequom
1178 965 1257 1010 est,
1279 964 1321 1001 et
1343 952 1526 1009 bonum,

327 1086 359 1108 se
375 1075 424 1107 his
438 1074 592 1115 implicuit
615 1072 745 1114 nuptiis,
768 1080 863 1112 neque
885 1071 919 1102 in
944 1073 1138 1111 conspectum
1163 1079 1262 1101 meum
1276 1070 1371 1108 venit,
1386 1071 1421 1100 ut
1436 1069 1545 1100 saltem
1560 1067 1598 1099 ab
1612 1078 1646 1100 eo
1660 1068 1790 1108 discam,

332 1120 407 1161 quid
428 1120 465 1149 de
482 1118 539 1149 hac
559 1127 593 1149 re
619 1118 713 1151 dicat,
727 1115 837 1156 quidve
861 1114 988 1145 sentiat.
1032 1113 1095 1144 Abi
1111 1117 1157 1152 tu,
1176 1114 1280 1144 Geta.-
1301 1114 1365 1144 vise
1384 1112 1566 1151 redieritne,
1586 1122 1626 1143 an
1642 1112 1788 1152 nondum,

328 1164 462 1194 domum.
508 1160 576 1191 GE.
602 1160 648 1191 Eo
664 1159 776 1190 visum.
822 1158 892 1188 DE.
923 1157 1057 1196 Videtis,
1071 1157 1103 1187 z‘n
1118 1166 1174 1196 quo
1189 1161 1274 1187 statu
1292 1157 1357 1187 haec
1372 1166 1422 1187 res
1436 1155 1499 1186 sita
1513 1155 1566 1186 sit.
1613 1154 1698 1190 Quia
1713 1155 1792 1186 mihi

329 1207 483 1245 agendum
498 1207 570 1234 est?
613 1202 733 1241 Hegio,
748 1201 821 1242 quid
837 1199 963 1233 censes?
1008 1200 1077 1231 HE.
1101 1200 1170 1238 Ego
1187 1209 1290 1230 censeo
1309 1199 1475 1230 Cratinum
1499 1199 1587 1238 prius
1606 1197 1792 1229 sententiam

329 1249 432 1280 dicere
447 1246 568 1286 debere,
583 1245 612 1277 si
635 1245 694 1276 tibi
715 1246 850 1275 videtur.
898 1244 966 1275 DE.
994 1244 1064 1278 Dic,
1084 1243 1224 1274 Cratine.
1269 1243 1360 1274 CRA.
1383 1242 1478 1272 Mene
1505 1241 1552 1272 vis
1574 1241 1678 1280 loqui?
1722 1240 1792 1272 De.

335 1291 378 1322 Te
404 1291 480 1322 volo.
527 1291 616 1320 (ΖΒΑ.
640 1289 710 1328 Ego
733 1297 801 1328 quae
825 1287 888 1318 tuis
908 1287 1080 1317 rationibus
1099 1287 1278 1321 conducant,
1298 1295 1334 1316 ea
1355 1285 1457 1325 cupit),
1471 1287 1505 1315 ut
1521 1294 1610 1323 agas.
1655 1283 1711 1315 Sic
1734 1293 1792 1323 ego

330 1345 449 1375 censeo,
465 1343 500 1365 ea
522 1343 590 1373 quoe
612 1331 762 1363 absentiae
777 1333 839 1362 tuae
861 1329 1096 1370 tempore-filius
1112 1332 1180 1360 tuus
1194 1328 1288 1370 fecit,
1302 1328 1335 1360 in
1350 1330 1508 1367 integrum
1522 1326 1647 1358 restitui
1658 1335 1746 1367 posse
1760 1329 1793 1358 et

941 1424 1184 1436 ‘emme‘

333 1498 435 1530 Bent.
451 1496 528 1537 Bip.
545 1495 646 1527 Both.
692 1494 808 1526 Saltim
822 1492 966 1534 Bip.——4
991 1492 1082 1533 Gny.
1110 1492 1143 1522 in
1169 1490 1313 1523 Seboliis
1338 1489 1478 1522 ineditis
1494 1489 1590 1530 legit,
1603 1488 1729 1528 cujusve
1751 1489 1795 1520 sit

330 1541 505 1573 sententiae.
527 1539 699 1570 West.--5
724 1538 816 1577 Lege
830 1547 871 1568 ex
889 1537 964 1567 cod.
980 1536 1060 1566 Pet.
1077 1535 1140 1566 Abi
1155 1535 1229 1566 vise.
1257 1535 1306 1566 Tu
1321 1543 1455 1564 versum
1472 1533 1675 1572 strangulat.
1694 1531 1793 1563 Bent.

332 1584 397 1616 Abi
411 1584 476 1615 vise
494 1582 595 1614 Both.
613 1581 708 1612 Peri.
756 1581 802 1612 Τιι
829 1580 911 1611 Geta
937 1579 1084 1610 GM.-7
1113 1579 1182 1618 Ego
1202 1578 1367 1609 Cratinum
1381 1585 1497 1608 censeo.
1537 1575 1594 1606 Ita
1609 1574 1794 1615 distinguo.

331 1626 543 1659 Subauditur
559 1629 686 1664 autem,
715 1628 722 1641 ⁴
737 1622 982 1655 consulendum
1001 1621 1116 1662 prius!
1160 1622 1259 1661 sunt,
1282 1621 1339 1661 qui
1360 1621 1531 1651 Donatum
1549 1618 1659 1649 secuti
1675 1617 1793 1649 distin-

334 1675 441 1709 guant
467 1675 544 1710 post
569 1667 605 1698 τὸ
629 1669 712 1707 Ego,
739 1667 832 1707 quasi
851 1666 959 1706 Hegio
976 1666 1189 1704 interrogans
1211 1664 1350 1700 dixerit,
1379 1660 1471 1701 Ego?
1497 1661 1661 1692 Cratinum
1676 1671 1795 1692 censeo.

332 1713 403 1745 Sed
419 1712 533 1743 nescio
547 1710 712 1752 quomodo
728 1710 971 1741 Terentianum
988 1718 1055 1739 non
1073 1707 1221 1746 videtur,
1235 1711 1312 1747 post
1328 1707 1390 1744 dic,
1407 1705 1525 1744 Hegio,
1540 1703 1679 1741 inferre,
1695 1704 1766 1743 Ego
1777 1701 1794 1736 ’.Γ

333 1758 417 1788 Τιιῐη
435 1755 571 1796 gravior
586 1760 638 1785 est
655 1754 840 1793 sententia,
856 1753 883 1783 si
899 1753 1000 1783 unica
1022 1751 1078 1782 sit.
1124 1751 1246 1788 Porro,
1261 1750 1317 1790 qni
1335 1749 1442 1780 minus
1459 1747 1606 1779 Critonis
1621 1746 1797 1778 sententia

335 1800 385 1831 ita
400 1799 641 1839 distinguatur,
659 1806 758 1827 versu
777 1798 827 1827 17.
853 1800 860 1812 ‘
880 1796 974 1834 Ego?
999 1793 1144 1834 amplius
1160 1792 1415 1824 deiiberandum
1434 1799 1558 1823 censeo
1573 1789 1594 1821 :'
1628 1789 1717 1831 quod
1744 1794 1795 1820 ta-

335 1852 411 1874 men
429 1851 526 1873 nemo
542 1841 644 1872 facile
663 1840 795 1880 probet.
841 1839 1000 1879 Denique
1017 1837 1228 1877 singulorum
1246 1835 1427 1866 sententiae
1444 1839 1482 1865 ut
1498 1834 1581 1864 satis
1603 1842 1724 1872 graves
1747 1832 1795 1862 vi-

335 1886 494 1921 deantur,
509 1883 546 1914 τὸ
566 1885 634 1923 Ego
650 1883 779 1913 initiale
796 1881 933 1912 haberit.
978 1880 1065 1911 Vide
1084 1881 1255 1910 Donatum
1272 1878 1314 1909 ad
1331 1877 1486 1909 Eunuch.
1502 1885 1537 1908 v.
1554 1879 1586 1907 9.
1602 1876 1658 1907 42.
1699 1875 1796 1906 West.

338 1930 430 1968 Ego?
456 1928 623 1959 Cratinum
637 1935 753 1957 censeo.
801 1926 942 1964 Repone
961 1923 1046 1959 Quid
1062 1933 1133 1962 ugo,
1145 1923 1194 1953 dic
1212 1921 1329 1960 Hegio.
1374 1921 1467 1958 Ego?
1492 1918 1655 1958 Cratinus,
1670 1927 1795 1950 censeo:

337 1972 374 2003 id
402 1977 466 2007 est,
483 1971 643 2002 Cratinus
669 1969 775 1999 dicat.
810 1968 908 1998 Bent.
965 1967 1058 2003 Ego?
1083 1965 1252 1996 Cratinum
1265 1973 1370 1995 censeo
1386 1962 1490 1994 Both.
1510 1962 1549 1993 Z.
1573 1961 1653 2001 Bip.
1670 1961 1796 2001 Delph.

337 2015 430 2046 Perl.
448 2014 503 2055 qui
521 2014 562 2044 ad
588 2014 596 2029 ‘
615 2012 792 2043 Cratinum
807 2010 814 2022 '
838 2014 935 2040 notat
957 2010 965 2025 ‘
979 2009 1063 2039 GM.
1082 2018 1156 2048 sup.
1169 2007 1397 2046 scnjudicare.
1427 2004 1517 2036 lbid.
1533 2005 1564 2036 iu
1583 2014 1689 2044 marg.
1703 2005 1795 2035 advo-

337 2061 422 2089 catos
436 2055 622 2097 alloquitur!
653 2059 661 2072 ‘
682 2054 721 2085 In
739 2052 855 2084 Guelf.
868 2056 898 2084 3.
916 2052 1106 2092 pronomini
1128 2052 1194 2089 Ego
1212 2060 1275 2081 non
1295 2048 1427 2089 praefix.
1445 2051 1498 2079 est
1513 2057 1658 2088 persona
1676 2046 1722 2078 H.
1735 2046 1797 2078 sed

339 2101 447 2132 oratio
462 2101 534 2130 haec
551 2100 650 2131 Getae
667 2097 819 2136 ascripta
835 2096 989 2137 sequitur
1006 2095 1074 2125 ita:
1103 2093 1170 2125 GE.
1189 2094 1259 2132 Ego
1275 2093 1401 2124 Cratin.
1418 2090 1446 2122 si
1461 2090 1520 2121 tibi.
1533 2091 1668 2128 videtur,
1678 2099 1797 2122 censeo.

337 2142 558 2175 Incommode
574 2139 680 2172 satis.’
705 2141 881 2170 Idem—8.
897 2141 917 2168 9
938 2139 989 2173 Te,
1005 2136 1093 2178 qnod
1110 2145 1309 2177 responsum
1327 2134 1380 2166 hic
1397 2133 1493 2172 facit,
1507 2133 1664 2164 exaudiri
1676 2133 1797 2164 saltem

341 2187 455 2226 debet,
472 2195 536 2216 non
555 2183 721 2226 liquefieri
738 2187 773 2213 et
791 2182 975 2212 absorberi.
1022 2181 1166 2220 Repone
1182 2180 1299 2220 igitur,
1318 2179 1411 2208 Mene
1426 2178 1493 2208 vis?
1516 2177 1586 2216 Ego
1597 2186 1675 2216 quoe.
1720 2176 1796 2207 Mo-

339 2230 470 2260 taliter.
497 2229 573 2259 Non
592 2231 756 2267 expectat
773 2234 967 2265 responsum
986 2224 1017 2254 in
1042 2233 1077 2254 re
1103 2223 1182 2254 levi.
1227 2222 1282 2252 Sic
1300 2221 1427 2252 Heaut.
1445 2229 1495 2251 lv.
1510 2221 1540 2250 1.
1559 2222 1608 2250 ll.
1633 2220 1642 2236 ‘
1659 2218 1726 2249 Vin
1743 2228 1798 2250 me

338 2274 429 2304 istnc
444 2271 506 2303 tibi
523 2270 684 2302 credere?
709 2268 837 2300 credo!
884 2268 945 2298 Est
961 2272 1087 2301 tamen,
1101 2265 1158 2305 qui
1175 2274 1241 2296 non
1257 2265 1299 2295 Te
1314 2263 1374 2295 sed
1396 2262 1450 2294 Vis
1465 2261 1542 2293 hinc
1558 2261 1734 2302 abjicit‚et
1750 2261 1798 2293 sic

340 2325 473 2346 versum
499 2313 675 2345 constituit
691 2323 698 2343 2
718 2312 795 2351 Dic,
809 2311 949 2341 Cratine.
965 2311 1080 2340 Mene?
1111 2309 1162 2339 Te.
1199 2307 1331 2338 Pudeat
1347 2305 1563 2346 incnriae‚qui
1580 2314 1647 2334 non
1664 2304 1800 2343 viderit,

340 2359 369 2390 si
384 2360 433 2389 vis
449 2357 639 2395 auferatur,
653 2355 836 2386 dicendum
853 2362 1005 2384 essenon
1025 2353 1138 2384 Mene?
1165 2352 1229 2382 Te:
1253 2350 1314 2380 sed
1333 2350 1461 2388 Egone?
1479 2349 1537 2379 Tu.
1555 2348 1658 2378 Bent.
1684 2347 1799 2378 Mene?

343 2403 385 2432 Te
401 2402 505 2432 Both.
548 2402 556 2417 ‘
575 2401 678 2430 Bent.
704 2398 789 2429 male
812 2395 967 2427 extrudit
985 2397 1030 2427 D.
1078 2395 1120 2426 Te
1135 2399 1255 2424 contra
1273 2402 1399 2423 morem
1416 2390 1558 2427 Poetae3
1582 2389 1625 2422 cf.
1645 2390 1732 2421 Hee.
1747 2398 1798 2421 lv.

340 2448 373 2475 4.
390 2444 454 2475 70.’
479 2444 565 2475 Perl.
612 2443 664 2473 Ita
681 2450 742 2481 pro
762 2441 803 2471 Tc
820 2438 937 2471 Guelf.
955 2440 1073 2469 2.——11
1097 2438 1231 2476 AE'qnom
1245 2440 1304 2474 est,
1319 2439 1349 2466 et
1374 2435 1495 2466 bonum.
1539 2433 1625 2465 Haec
1643 2433 1736 2464 varie
1752 2433 1798 2463 le-

343 2493 469 2526 guntur
483 2498 491 2518 :
525 2487 657 2525 AEquom
680 2495 716 2514 ac
741 2483 850 2514 bonum
866 2485 923 2512 est.
969 2482 1102 2520 AEquom
1117 2480 1273 2510 achonum
1287 2488 1361 2509 esse.
1407 2478 1539 2518 AEqnom
1555 2486 1619 2507 esse
1632 2479 1660 2506 et
1677 2475 1798 2506 bonnm.

342 2531 520 2561 Posterius
539 2534 654 2559 tuetur
671 2527 840 2568 Guyetus.
869 2525 972 2557 West.
1019 2523 1140 2555 Nostri
1156 2532 1275 2562 (equum
1289 2531 1325 2552 ac
1339 2520 1450 2552 bonum
1464 2523 1520 2551 est.
1551 2520 1692 2560 Repone
1706 2518 1799 2549 resti·

343 2573 390 2603 tui
404 2573 436 2603 in
451 2574 609 2611 integrum
622 2580 739 2611 (equom
751 2579 815 2600 esse
830 2579 866 2599 ac
877 2569 998 2598 bonum.
1026 2567 1127 2597 Bent.
1159 2566 1294 2605 AEquum
1308 2574 1344 2596 ac
1361 2564 1470 2595 bonum
1484 2565 1528 2594 est
1544 2562 1604 2594 ΒΥ.
1619 2561 1711 2593 Peri.
1740 2561 1798 2592 AE-

1000 2653 1144 2685 NOTAE

387 2726 424 2753 ll
463 2723 601 2753 Restitui
631 2722 664 2753 in
693 2720 866 2761 integ-rum]
905 2720 1043 2751 Praetor
1101 2719 1172 2750 sive
1190 2721 1306 2756 aetate,
1321 2716 1392 2747 sive
1421 2713 1586 2751 absentia,
1611 2712 1644 2742 in
1668 2711 1799 2753 captio-

344 2773 533 2805 hominibus
559 2774 675 2813 lapsis,
701 2773 753 2804 vel
778 2771 1044 2811 circumscriptis
1098 2779 1175 2800 nem
1193 2772 1228 2799 et
1246 2768 1405 2799 damnum
1422 2763 1610 2796 incideret:
1634 2772 1709 2794 nam
1722 2771 1798 2804 quae

346 2823 569 2857 subveniebat
584 2834 593 2862 3
610 2823 637 2854 si
653 2823 725 2863 quis
737 2826 843 2862 metu,
856 2822 909 2853 vel
925 2821 1045 2853 fraude
1103 2818 1195 2851 facta
1220 2821 1330 2857 erant,
1346 2813 1639 2848 rescindebantur.
1687 2812 1799 2845 Resti-
