1966 3302
516 215 861 246 ADELPHORUM
897 217 1007 247 Aer.
1032 217 1064 246 1.
1095 216 1163 247 sc.
1184 217 1236 246 11.
1520 211 1607 252 (580

155 310 378 353 Alieniore
398 315 547 360 aetate,
568 314 669 364 post
688 311 854 351 faceret
871 313 1032 352 tamen.
1549 316 1606 357 30

155 379 246 420 DE.
278 379 365 420 Pro
384 378 583 432 Jupiter!
615 384 663 419 tu
683 378 817 419 homo
837 379 980 433 adigis
1001 392 1069 420 me
1090 379 1144 420 ad
1161 379 1393 421 insaniam.

155 447 263 488 Non
285 451 353 488 est
371 446 595 499 flagitium,
621 445 765 486 facere
787 445 884 487 haec
906 446 1311 489 adolescentulum!
1371 447 1457 492 Ml.
1479 448 1573 491 Ah!

153 513 395 556 Ausculta:
425 527 478 556 ne
500 526 570 554 me
590 513 810 554 obtundas
832 514 886 554 de
905 513 991 555 hac
1013 527 1060 555 re
1079 516 1265 569 saepius.

150 581 300 623 Tuum
321 581 459 622 filium
480 581 637 622 dedisti
659 580 958 634 adoptandum
977 581 1081 622 mihi
1092 595 1109 643 ἦ

150 648 198 690 Is
218 663 342 691 meus
364 654 430 691 est
447 649 617 690 factus:
649 648 688 688 si
709 647 814 701 quid
834 652 1004 702 peccat,
1026 649 1212 699 Demea,
1547 654 1605 694 35

151 716 266 758 Mihi
287 723 469 771 peccat:
499 730 579 770 ego
599 717 663 757 illi
682 728 935 757 maxumam
954 720 1120 770 partem
1139 716 1289 758 feram.

151 783 375 825 Obsonat‘?
406 785 560 837 potat?
591 783 678 824 olet
696 784 946 835 unguenta?
979 784 1032 824 de
1052 797 1165 825 meo.

149 850 314 892 Amat'l
346 850 523 891 dabitur
544 863 571 891 a
589 863 659 891 me
681 854 922 902 argentum,
942 850 1046 891 dum
1066 852 1149 893 erit
1164 853 1439 895 commodum
1457 869 1466 895 ε

149 917 241 960 Ubi
260 931 345 959 non
367 918 461 967 erit,
480 919 663 959 fortasse
682 916 935 969 egeludetur
952 917 1085 959 foras.

149 985 287 1027 Fores
303 985 502 1038 effregit?
533 986 836 1026 restituentur:
868 983 1045 1026 discidit
1545 992 1601 1032 40

145 1142 320 1182 extulisset,
336 1143 400 1174 haec
411 1145 481 1183 post
489 1141 611 1181 faceret
626 1145 740 1180 tamen,
755 1142 891 1182 quamvis
903 1142 1005 1173 aliena
1020 1145 1112 1173 secate
1126 1147 1156 1174 et
1171 1143 1399 1183 intempestiva.
1430 1144 1495 1175 DE.
1511 1144 1598 1175 Prole

145 1185 274 1225 Jupiter
286 1186 302 1217 Ι
323 1189 357 1216 tu
372 1186 457 1216 homo
472 1195 518 1216 me
534 1185 668 1216 insanire
683 1195 783 1224 coges.
829 1187 880 1215 An
893 1185 1158 1226 nonflagitiosum
1172 1186 1237 1216 lioec
1249 1196 1341 1224 agere
1357 1187 1600 1218 adolescentem?

146 1228 213 1259 Mi.
238 1228 333 1267 Audi,
346 1239 384 1259 ne
407 1238 454 1259 me
468 1229 562 1259 taedio
577 1237 692 1262 eneces.
706 1228 771 1258 haec
787 1228 898 1266 saepius
914 1228 1104 1260 inculcando.
1141 1229 1258 1259 Filium
1275 1232 1361 1260 tuum
1384 1230 1461 1260 milii
1486 1230 1600 1261 dedisti

148 1271 181 1300 in
207 1271 420 1312 adoptionem:
447 1271 474 1302 is
497 1281 581 1302 meus
602 1274 647 1301 est
666 1269 775 1307 sactus
788 1271 965 1309 legitimus:
995 1272 1024 1302 si
1039 1272 1113 1312 quid
1126 1272 1291 1312 delinquit,
1309 1272 1437 1311 Demea,
1452 1274 1485 1303 in
1500 1283 1601 1303 meum

145 1313 295 1353 delinquit
304 1315 464 1345 damnum:
486 1324 541 1353 ego
556 1314 589 1344 in
604 1314 660 1344 illa
673 1323 708 1343 re
721 1313 870 1353 potiorem
883 1317 1004 1353 partem
1015 1315 1181 1345 sustinebo.
1228 1315 1340 1345 Lautis
1350 1316 1447 1355 epulis
1462 1319 1492 1346 et
1505 1316 1599 1347 coenis

145 1356 272 1387 insumit
283 1357 464 1397 plurimum,
479 1358 565 1396 large
581 1356 658 1387 bibit
675 1356 761 1395 vina,
777 1360 1003 1394 unguentorum
1025 1358 1166 1388 odoribus
1185 1357 1317 1396 fragrat
1331 1362 1342 1388 ,⁹
1365 1358 1509 1399 impensis
1524 1359 1599 1390 meis

146 1398 212 1430 haec
229 1398 326 1437 facie.
370 1400 497 1431 Amicus
521 1400 633 1431 habet?
654 1402 818 1438 argentum
833 1399 967 1439 largiar,
983 1400 1130 1440 quamdiu
1145 1400 1221 1431 mihi
1227 1401 1365 1439 facultas
1379 1403 1457 1438 erit;
1480 1403 1598 1442 quando

143 1451 203 1473 non
224 1441 296 1482 erit,
319 1441 457 1480 fortasse
479 1452 519 1474 ex
539 1442 657 1473 aedibus
678 1446 708 1473 et
725 1441 855 1479 familia
869 1442 1058 1475 dimittetur.
1102 1444 1241 1475 Januam
1256 1444 1410 1484 disrupit?
1434 1445 1597 1487 reficietur.

755 1573 931 1586 ‘eoo-etue
936 1575 973 1585 νο·
977 1575 994 1587 e

148 1657 244 1689 West.
275 1657 481 1698 Expectutum
497 1658 549 1689 ubi
566 1662 596 1690 te
612 1659 801 1690 Rom—30
824 1659 994 1700 Alienim-i]
1018 1661 1112 1693 Libri
1130 1661 1259 1702 antiqui
1276 1666 1310 1692 et
1328 1661 1494 1701 Donatus,
1510 1662 1596 1693 Alie-

142 1702 240 1732 niore.
268 1701 329 1732 Fa.
374 1701 430 1732 Sic
447 1708 483 1732 et
497 1702 603 1732 nostri
620 1703 776 1743 plerique
792 1712 919 1736 omues.
947 1704 1039 1735 Bent.
1087 1704 1181 1735 Edit.
1206 1705 1271 1745 [sc.
1288 1703 1427 1744 Zeunii]
1449 1704 1597 1737 Alienon-e

142 1742 315 1775 mendose.
331 1743 449 1775 Bruns.
489 1744 654 1776 Mendum
671 1744 734 1776 hoc
750 1746 996 1778 continuatura
1009 1747 1048 1778 Z.
1081 1747 1208 1778 Scribit
1226 1748 1317 1778 Peri.
1336 1756 1411 1778 esse
1428 1748 1460 1778 in
1477 1748 1596 1780 Guelf.

143 1789 175 1818 1.
198 1786 253 1817 Al.
269 1789 322 1818 aet.
335 1793 417 1827 post,
433 1792 468 1818 et
484 1787 517 1817 in
533 1790 643 1828 2.p0st
651 1787 719 1826 fac.
734 1791 810 1819 tam.
856 1790 995 1826 Quaere,
1014 1790 1153 1829 Lector,
1169 1789 1354 1830 OEdipoda,
1367 1791 1425 1831 qui
1442 1791 1516 1822 haec
1533 1791 1596 1822 tibi

143 1829 306 1868 explicet.
351 1829 510 1861 Ceterum
537 1829 692 1861 Alieniori
721 1830 780 1862 dat
810 1832 982 1872 Eug.—31
1010 1833 1092 1864 Mss.
1123 1839 1159 1864 et
1185 1832 1270 1864 editi
1297 1833 1453 1874 quidam:
1478 1834 1596 1873 adiges.

142 1871 227 1911 Alii,
247 1872 382 1911 rediges.
428 1873 557 1903 Rursus
583 1874 652 1913 alii,
676 1874 807 1913 redigis.
831 1876 937 1907 West.
981 1875 1119 1916 Adiges]
1143 1875 1186 1906 V.
1206 1876 1285 1906 Bas.
1313 1881 1348 1907 et
1378 1877 1441 1908 Do.
1464 1878 1596 1917 ‘rediges

142 1914 240 1946 Idem
257 1915 415 1946 Donatus
432 1915 465 1946 in
482 1917 637 1956 sequenti
661 1916 772 1948 Scena
799 1927 899 1958 super
927 1918 974 1949 eis
1001 1920 1127 1957 verbis,
1145 1919 1155 1936 ‘
1174 1918 1243 1951 Qui
1262 1918 1409 1950 insanire
1426 1920 1597 1960 incipiunt

141 1966 184 1988 ex
200 1957 344 1997 injuria,'
367 1959 478 1989 citans
494 1959 582 1989 hunc
599 1960 722 1998 locum,
743 1960 829 2000 legit
844 1962 976 2001 redigis,
1003 1962 1092 2003 quod
1120 1962 1301 1993 lectionem
1331 1962 1500 2000 Bembini‚
1516 1963 1597 1993 Vic-

142 2000 278 2041 toriam,
300 2006 334 2031 et
351 2001 533 2032 Decurtati
556 2011 597 2032 ex
614 2006 710 2042 parte
726 2003 918 2043 confirmat,
934 2004 967 2034 in
985 2005 1105 2045 quibus
1118 2004 1226 2043 adigis
1241 2005 1387 2045 legitur:
1412 2005 1502 2046 quod
1519 2015 1596 2046 pro-

141 2043 270 2074 bamus.
294 2044 353 2074 Fa.
399 2044 517 2075 Nostri
532 2045 666 2084 rediges,
684 2046 736 2076 vel
752 2046 893 2085 redigis;
916 2047 980 2077 nisi
1009 2047 1099 2088 quod
1123 2048 1234 2079 codex
1259 2058 1301 2079 ex
1325 2048 1516 2079 veterrimis
1534 2059 1594 2089 pro

142 2086 236 2116 varia
259 2086 338 2117 lect.
364 2085 466 2117 habet
490 2087 607 2126 adigis.
652 2089 699 2119 Et.
722 2089 770 2118 sic
794 2090 879 2120 citat
902 2090 1075 2121 Charisius
1098 2100 1132 2130 p.
1149 2093 1223 2121 214.
1247 2092 1343 2122 Bent.
1390 2092 1527 2130 Rediges
1554 2092 1593 2123 R„

143 2128 237 2159 Lina.
281 2128 418 2167 Rediges
446 2130 503 2160 ΒΥ.
550 2130 598 2160 Tu
625 2141 684 2170 me,
713 2131 812 2171 Immo,
837 2132 940 2171 adigis
971 2133 1185 2173 Deum—32
1208 2133 1255 2164 At
1283 2144 1344 2174 pro
1370 2134 1423 2165 Ah
1448 2134 1595 2165 Both.—

141 2173 183 2201 34
207 2171 291 2202 Mss.
317 2176 352 2202 et
376 2172 533 2212 impressi
558 2172 693 2213 quidam
719 2179 863 2215 veteres,
887 2177 1077 2216 adoptatum.
1102 2176 1296 2208 West.—36
1320 2177 1403 2207 Par.
1429 2177 1462 2207 in
1489 2187 1594 2217 marg.

142 2213 220 2245 illic.
244 2214 424 2246 Fert—37
449 2215 540 2246 Citat
555 2216 665 2247 Varro
693 2216 773 2247 L.L.
798 2217 856 2249 lib.
874 2227 924 2248 Vl.
949 2218 1124 2257 Scortatur,
1147 2222 1249 2259 potat,
1272 2221 1333 2251 olet
1354 2223 1543 2259 unguentum
1557 2222 1595 2251 de

141 2266 228 2293 meo,·
251 2257 378 2288 addens
394 2268 401 2287 :
420 2258 428 2274 ‘
442 2258 605 2296 Scortari,
621 2263 674 2289 est
689 2259 814 2299 saepius
829 2261 1081 2292 meretriculam
1096 2261 1246 2292 ducere.'
1292 2263 1401 2295 Quam
1418 2263 1497 2294 lect.
1515 2273 1593 2294 con—

141 2304 194 2330 tra
211 2300 318 2331 Codd.
335 2300 433 2330 fidem
449 2301 563 2331 laudat
582 2302 637 2332 Fr.
654 2302 810 2333 Floridus
827 2303 984 2340 Sabinus,
1002 2304 1100 2335 Lect.
1117 2305 1256 2336 Subsec.
1281 2314 1305 2337 1.
1328 2309 1360 2337 5.
1406 2306 1496 2338 Quia
1514 2316 1593 2337 vero

144 2342 280 2373 Obsonat
297 2348 349 2374 est
364 2343 398 2373 in
410 2343 592 2374 Codicibus
605 2345 769 2384 omnibus,
781 2346 885 2377 etiam
901 2347 934 2377 in
949 2347 1103 2386 Donato,
1116 2352 1151 2379 et
1166 2347 1225 2378 Pr.
1240 2348 1297 2380 lib.
1314 2357 1397 2379 vul.
1411 2354 1446 2379 et
1457 2358 1508 2379 lx.
1528 2359 1594 2380 nou

140 2385 250 2416 minus
266 2385 401 2416 videtur
417 2386 615 2417 mutandum
641 2387 675 2418 in
699 2387 877 2427 Scor-tatur,
904 2400 1002 2430 quam
1029 2394 1187 2429 unguenta
1210 2391 1242 2421 in
1263 2394 1462 2430 unguentum.
1489 2391 1591 2424 West.

139 2428 250 2459 Varro
266 2427 369 2459 falsus
385 2434 438 2459 est
456 2429 626 2461 memoriae
641 2440 649 2461 :
675 2431 800 2471 quippe
816 2441 932 2463 omnes
946 2433 1045 2464 hodie
1061 2433 1138 2464 libri
1157 2433 1306 2465 Obsormt.
1323 2435 1425 2465 Bent.
1468 2435 1593 2465 Varro-

140 2479 218 2501 nem
241 2471 329 2502 haud
355 2471 455 2502 dubie
479 2473 639 2504 memoria
659 2472 793 2505 fefellit.
819 2475 903 2508 Perl.
951 2476 1082 2517 Potat?]
1107 2476 1186 2507 Par.
1214 2477 1246 2507 in
1272 2486 1379 2517 marg.
1402 2478 1411 2494 ⁴
1428 2476 1484 2508 Sic
1507 2478 1591 2509 Mss.

140 2522 268 2545 omnes.
314 2513 361 2544 At
376 2520 453 2546 sunt
469 2515 525 2556 qui
543 2521 651 2546 totum
677 2517 789 2548 locum
815 2517 999 2549 reformare
1023 2518 1210 2559 conantum!
1235 2520 1284 2550 Id.
1330 2521 1381 2551 De
1401 2519 1481 2560 meo]
1505 2521 1591 2552 GM.

130 2556 226 2593 facit.
271 2555 430 2588 Glossam
447 2559 528 2589 olet.
573 2558 770 2599 Junguntur
788 2570 852 2592 uuo
869 2566 1035 2593 commate
1060 2563 1120 2592 olet
1134 2572 1209 2601 ung.
1230 2563 1267 2594 de
1282 2572 1345 2593 meo
1370 2563 1404 2593 in
1429 2562 1543 2595 Guelf.
1559 2568 1590 2594 3.

142 2599 193 2630 Id.
220 2599 329 2630 Varro
348 2601 460 2639 lapsus
478 2607 527 2630 est
543 2602 712 2632 memoria.
728 2602 803 2642 Bip.
849 2603 1065 2645 Interrogant
1080 2605 1195 2644 semel,
1212 2615 1258 2636 sc.
1275 2612 1354 2646 post
1370 2607 1379 2622 ‘
1394 2607 1591 2645 unguenta‚’

142 2640 182 2671 Z.
208 2641 330 2682 Delph-
365 2643 514 2683 Obsonat,
534 2647 634 2683 potat,
656 2645 715 2676 olet
742 2649 922 2683 unguentu5
944 2648 981 2677 de
1005 2657 1068 2678 meo
1087 2648 1189 2679 Bent.
1239 2648 1387 2687 Obsonat,
1407 2652 1508 2688 potat,
1530 2651 1590 2680 olet

141 2688 296 2722 unguenta
311 2686 348 2715 de
363 2696 426 2716 meo
444 2687 501 2716 Br.
520 2687 684 2727 Rip—38
708 2688 785 2719 Non
802 2689 1018 2729 interrogant
1033 2690 1091 2721 Br.
1110 2691 1213 2721 Bent.
1241 2696 1318 2730 post
1349 2693 1358 2708 ‘
1380 2691 1505 2730 Amat‚’
1531 2701 1590 2722 ne-

141 2736 206 2765 que
221 2729 317 2766 post‘
329 2727 488 2769 effregit‚'
501 2738 563 2760 nec
579 2736 655 2770 post
671 2731 679 2747 ‘
695 2729 860 2762 Vestem!
884 2732 911 2763 A
929 2742 976 2764 me
991 2733 1084 2764 delet
1100 2734 1200 2764 Both.
1226 2734 1270 2764 Ei
1287 2743 1347 2774 pro
1363 2744 1382 2764 α
1398 2744 1444 2764 mc
1460 2733 1518 2765 dat
1533 2735 1590 2765 Br-

144 2769 253 2805 Notat
268 2770 378 2802 Bruns
393 2782 401 2803 :
427 2774 436 2789 ‘
452 2772 544 2804 Edit.
563 2782 623 2814 pro
638 2774 667 2805 ei
683 2773 767 2814 legit
780 2784 799 2805 α
814 2784 884 2812 ηιες
916 2776 1006 2817 quod
1023 2776 1056 2808 in
1073 2777 1206 2817 codice,
1230 2777 1257 2808 si
1273 2787 1339 2809 uon
1357 2777 1479 2818 prima,
1494 2782 1587 2809 certe
