1966 3302
570 230 796 262 EUNUCffl
831 230 941 261 AcT.
972 230 1015 258 v.
1046 229 1113 260 sc.
1149 230 1191 258 v.
1515 220 1599 260 517

152 331 282 380 Dico,
316 328 442 370 edico
462 327 605 378 vobis,
625 330 820 368 nostrum
840 338 938 367 esse
959 325 1085 367 illum
1100 325 1276 366 herilem
1298 324 1452 366 filium.
1513 324 1608 365 PY-

325 396 461 444 Hem‚
1553 393 1610 433 20

153 464 369 514 Obsecro,
400 476 456 504 an
491 463 531 503 is
566 462 666 503 est?
729 462 816 502 ΡΛ.
851 461 921 503 Ne
954 474 1087 516 quam
1118 461 1164 502 in
1194 461 1321 502 illum
1355 460 1494 502 Thais
1515 460 1606 502 vim

322 531 418 573 fieri
440 530 569 571 sinat.

151 599 304 655 Atque
333 598 447 640 adeo
481 603 630 639 autem
665 609 742 638 cur
763 610 848 638 non
868 602 1042 650 egomet
1062 597 1173 636 intro
1193 597 1280 637 eo'?
1343 595 1433 636 PY.
1465 594 1600 646 Vide,

326 667 565 716 Parmeno,

153 734 273 786 Quid
293 748 415 789 agae,
435 747 491 775 ne
522 746 662 787 neque
694 732 758 773 illi
791 732 958 786 prosis,
989 739 1034 773 et
1066 736 1115 773 tu
1150 745 1340 786 pereas;
1385 745 1487 772 nam
1517 730 1605 772 hoc

326 806 502 858 putant,

153 870 384 926 Quicquid
402 871 566 911 factum
589 872 671 918 est,
691 881 749 909 ex
777 871 822 908 te
856 880 958 908 esse
993 871 1152 909 ortum.
1214 868 1300 908 ΡΑ.
1334 866 1453 918 Quid
1476 866 1607 920 igitur

322 939 485 980 faciam
504 938 663 978 miser‘?

154 1007 331 1059 Quidve
359 1006 607 1060 incipiam?
651 1005 769 1047 Ecce
792 1008 940 1045 autem
973 1005 1104 1046 video
1137 1017 1235 1045 rure
1264 1003 1517 1045 redeuntem
1540 1019 1611 1047 se-

327 1088 444 1116 nem.
1555 1076 1612 1116 25

155 1143 317 1186 Dicam
336 1142 454 1192 huic,
476 1155 529 1183 an
551 1142 665 1183 non‘?
710 1142 854 1183 dicam
878 1141 1039 1191 hercle,
1060 1142 1143 1183 etsi
1163 1142 1270 1183 mihi
1291 1155 1496 1196 magnum
1516 1156 1609 1184 ma-

325 1211 417 1252 lum

153 1350 202 1381 As:
217 1359 254 1380 ne
268 1349 322 1380 hoc
337 1349 500 1388 ignoretis,
515 1349 661 1390 Pythias,
678 1349 800 1386 nuntio,
823 1347 970 1378 denuntio
994 1347 1088 1386 vobis,
1112 1348 1199 1379 illum
1224 1356 1289 1377 esse
1304 1347 1403 1377 nostri
1418 1347 1484 1377 heri
1490 1345 1610 1386 filium.

155 1393 225 1423 ΡΥ.
248 1392 359 1424 Hem!
381 1403 494 1432 quoeso,
513 1402 552 1422 an
568 1392 595 1422 is
611 1395 674 1422 est?
720 1391 785 1422 ΡΑ.
813 1391 864 1421 Ne
885 1400 975 1430 quam
998 1390 1030 1420 in
1057 1392 1144 1421 illum
1167 1390 1346 1421 violentiam
1363 1390 1501 1420 exerceri
1519 1390 1613 1420 Thais

152 1435 324 1475 permittat.
369 1435 467 1466 Immo
483 1434 587 1470 etiam,
612 1444 667 1464 cur
682 1444 743 1464 non
757 1443 813 1472 ego
829 1435 911 1463 intro
926 1434 1045 1463 domum
1062 1434 1196 1474 irrumpo
1207 1432 1223 1464 ί)
1268 1433 1338 1463 PY.
1356 1433 1407 1464 Ne
1423 1433 1590 1471 hocstucias
1603 1443 1613 1463 .-

153 1488 246 1509 cave:
269 1488 322 1509 nec
337 1478 418 1509 euim
439 1478 526 1508 illum
539 1478 665 1515 juveris
689 1480 718 1508 et
746 1480 776 1507 te
801 1476 956 1515 perditum
970 1476 1073 1506 iveris.
1120 1476 1191 1507 Hoc
1206 1476 1288 1507 enim
1302 1477 1444 1514 creduut,
1462 1480 1491 1506 te
1507 1475 1610 1513 hujus,

151 1521 231 1560 quod
247 1520 373 1559 sactum
397 1525 457 1559 est,
478 1523 750 1560 quantumcumque
772 1519 826 1557 sit,
853 1529 916 1549 esse
942 1523 1107 1549 auctorem.
1156 1520 1219 1550 ΡΑ.
1247 1519 1331 1554 Quid
1355 1519 1459 1557 igitur
1483 1518 1614 1557 facium,

153 1563 287 1601 infelix?
311 1564 430 1600 Quidve
451 1563 643 1603 aggrediar?
666 1564 746 1593 Ecce
771 1565 875 1592 autem
900 1562 1013 1602 aspicio
1034 1571 1138 1592 senem
1154 1562 1259 1592 herum
1274 1571 1289 1592 e
1304 1561 1426 1592 villain
1443 1561 1547 1592 urbem
1564 1571 1611 1591 re-

154 1610 331 1638 vertentem.
379 1608 464 1638 Num
491 1607 540 1636 illi
566 1606 666 1637 dicam
684 1605 754 1647 filii
782 1605 963 1646 periculum,
988 1614 1029 1634 cm
1056 1608 1138 1635 non?
1164 1604 1324 1635 sztiabo
1348 1614 1405 1645 per
1432 1604 1611 1643 Herculem,

771 1718 924 1730 emaeae
928 1718 943 1729 -t
949 1718 1004 1729 ete

162 1803 263 1836 West.
309 1802 377 1833 Hic
393 1811 509 1832 versus
525 1806 577 1832 est
593 1801 790 1832 octonarius
807 1800 985 1839 iambicus,
1009 1808 1085 1830 cum
1112 1798 1168 1829 alii
1192 1798 1287 1838 hujus
1313 1807 1424 1827 scenae
1454 1797 1522 1827 sint
1547 1801 1616 1828 tro-

157 1846 266 1877 chaici
285 1845 502 1883 catalectici3
525 1844 584 1875 sed
601 1845 634 1875 in
652 1844 799 1874 dictione
819 1843 1020 1883 Deprehendi
1036 1842 1168 1872 variant
1188 1842 1209 1872 l.
1227 1851 1253 1872 s,
1273 1841 1328 1871 alii
1343 1841 1432 1870 enim
1445 1841 1616 1880 Deprendi,

157 1889 214 1920 alii
230 1888 441 1929 Apprehemii.
487 1889 584 1919 Bem.
611 1892 647 1918 et
663 1888 704 1918 V.
729 1887 910 1923 Prehendi3
933 1895 1008 1926 quae
1037 1885 1116 1916 mihi
1140 1885 1244 1915 lectio
1271 1883 1457 1924 probatur:
1484 1893 1527 1914 ex
1551 1894 1618 1924 qua

157 1931 249 1963 facio
268 1931 396 1969 l’reudi,
418 1930 502 1961 duas
523 1931 557 1961 in
584 1940 684 1961 unam
714 1930 843 1969 priores
870 1929 1019 1971 syllabas
1046 1926 1301 1959 contrahendo:
1328 1926 1518 1965 praesertim
1541 1936 1618 1958 cnm

157 1975 286 2016 aliquot
303 1974 381 2005 libri
398 1984 472 2005 eam
488 1979 621 2014 partem
638 1973 686 2003 ita
709 1978 923 2004 contractam
949 1971 1097 2002 habeant
1122 1971 1155 2001 in
1173 1970 1344 2010 Deprendi.
1371 1970 1430 2000 Fa.
1476 1970 1618 2000 Duobus

157 2018 308 2058 exceptis
324 2027 439 2048 omnes
456 2017 563 2047 nostri
578 2016 759 2053 Prehendi,·
783 2017 846 2046 hoc
863 2021 929 2054 est,
954 2020 990 2045 ut
1007 2015 1172 2051 Faernus,
1196 2014 1326 2044 Prendi.
1350 2013 1450 2044 Bent.
1498 2013 1618 2043 Prendi

159 2061 237 2100 Bip.
255 2061 355 2091 Both.
402 2060 565 2100 Deprendi
581 2059 708 2099 Delph.
752 2059 843 2090 Anne
870 2067 930 2099 pro
955 2057 1015 2096 At,
1037 2068 1074 2089 ne
1098 2056 1214 2088 Guelf.
1242 2059 1274 2086 2.
1304 2061 1339 2086 et
1365 2055 1494 2091 Z.-,-·20
1520 2056 1618 2088 Edico

157 2103 256 2143 vobis]
279 2103 364 2134 GM.
381 2106 412 2133 et
427 2102 511 2133 edico
526 2102 596 2133 tibi.
620 2103 800 2133 Per1.-21
826 2102 876 2132 Ne
898 2111 1001 2141 quam,
1031 2103 1083 2141 &a
1109 2099 1293 2131 Existimat
1310 2099 1417 2129 Boecl.
1442 2099 1617 2129 Donatum

160 2147 233 2177 liaec
263 2144 369 2176 verba
394 2145 526 2186 Pythiae
555 2145 718 2184 tribuere,
742 2144 938 2185 laudatque.
985 2145 1124 2175 Certius
1149 2143 1182 2173 id
1213 2146 1401 2179 constaret,
1425 2142 1451 2171 si
1477 2141 1620 2182 integris

161 2188 300 2220 vocibus
314 2197 476 2228 expressa
492 2192 605 2219 essent
619 2189 730 2218 omnia
746 2188 889 2218 Donati.
934 2186 1001 2218 Ubi
1018 2187 1106 2217 enim
1121 2186 1269 2224 dixerat,
1292 2188 1300 2200 ⁴
1313 2185 1422 2217 Quam
1440 2184 1525 2215 bene
1544 2194 1622 2225 pro-

161 2232 255 2263 videt
280 2231 420 2272 Pythias
433 2231 452 2261 !‘
477 2230 595 2261 addit:
619 2232 628 2247 ‘
646 2240 721 2271 quae
739 2230 895 2271 equidem
913 2240 944 2261 o,
961 2239 995 2260 n.
1012 2239 1047 2260 n.
1066 2240 1091 2260 S.
1107 2229 1128 2260 i.
1147 2228 1184 2260 t.’
1228 2227 1478 2268 Quodcumque
1504 2227 1621 2268 fuerit,

160 2275 267 2306 verba
282 2274 449 2305 edicentis
463 2279 499 2304 et
514 2273 763 2304 interminantis
783 2272 950 2303 Pliaedriae
968 2282 1042 2303 esse
1066 2272 1235 2302 videntur.
1280 2271 1340 2301 Sin
1370 2271 1468 2301 aliter
1493 2271 1620 2311 capias,

160 2319 302 2349 multum
319 2317 361 2348 de
379 2317 410 2347 vi
428 2316 607 2347 verborum
624 2316 792 2347 decedere
809 2325 948 2347 necesse
964 2319 1026 2346 est.
1075 2315 1198 2355 Neque
1226 2313 1326 2344 aliter
1350 2319 1431 2354 apte
1457 2315 1538 2344 satis
1565 2324 1619 2345 co-

159 2359 294 2392 haerent
308 2361 383 2391 illa:
409 2358 547 2401 ‘Atque
565 2360 649 2390 adeo
667 2365 780 2390 autern
804 2368 865 2389 cur
892 2368 959 2389 non
984 2363 1121 2398 egomet
1148 2359 1235 2388 iutro
1260 2366 1299 2387 eo
1313 2355 1335 2387 ξ’
1382 2356 1623 2388 Prohibiturns

161 2404 307 2442 seilicet,
327 2412 372 2434 ne
397 2403 446 2433 vis
470 2401 532 2433 fiat
559 2403 592 2433 in
621 2403 812 2434 Chaeream.
842 2401 941 2433 West.
987 2402 1067 2436 Quis
1089 2411 1149 2441 pro
1174 2411 1215 2431 an
1237 2401 1265 2430 is
1290 2400 1415 2437 Delph.
1461 2400 1543 2430 Eum
1559 2409 1621 2440 pro

158 2447 248 2478 illum
260 2446 397 2477 videtur
411 2445 536 2485 legisse
552 2446 638 2486 Eug.
686 2445 774 2476 Fieri
789 2445 853 2475 vim
868 2445 1130 2476 datBoth.-—23
1156 2444 1239 2474 Nam
1265 2443 1321 2473 hnc
1341 2444 1386 2472 ita
1411 2441 1526 2473 Guelf.
1545 2446 1621 2473 1.-

161 2492 203 2521 24
227 2489 346 2521 Nostri
361 2488 432 2519 fere
448 2497 565 2519 omnes
586 2499 605 2518 α
631 2493 672 2519 te.
697 2488 801 2519 Bent.
846 2487 903 2518 Sic
922 2488 981 2518 ΒΓ.
999 2487 1188 2518 Rom—25
1214 2486 1264 2516 De
1281 2495 1353 2516 rure
1369 2483 1486 2516 Guelf.
1504 2487 1623 2517 3.—26

163 2532 253 2573 Guy.
268 2532 303 2562 in
318 2531 460 2562 Sclioliis
474 2531 558 2562 Mss.
574 2531 689 2562 Dicam
703 2531 814 2566 hercle,
836 2531 948 2561 dicam.
973 2530 1082 2561 west.
1128 2529 1196 2560 Hic
1215 2538 1342 2564 versus,
1366 2528 1423 2568 qui
1451 2534 1487 2558 ut
1514 2529 1623 2559 ceteri

161 2575 380 2606 'l‘etrameter
394 2583 470 2604 esse
486 2573 618 2611 debuit,
641 2578 714 2604 toto
731 2573 818 2614 pede
836 2573 971 2604 brevior
986 2577 1049 2603 est.
1085 2571 1153 2604 Sed
1167 2576 1291 2612 praesto
1309 2571 1404 2601 adest
1422 2571 1470 2600 vir
1488 2570 1623 2609 doctus,

162 2618 219 2658 qui
235 2618 328 2648 nulla
353 2626 463 2657 neque
487 2616 521 2647 in
545 2618 555 2634 ‘
571 2616 709 2647 Dicam’
736 2626 848 2656 neque
876 2617 910 2646 in
938 2615 1094 2646 ‘hercle'
1119 2615 1259 2645 elisione
1284 2612 1376 2644 facta
1406 2613 1540 2653 pedem,
1562 2614 1623 2645 sed

161 2661 324 2701 lignenm,
347 2659 558 2700 suppeditat.
602 2659 678 2692 Quo
697 2669 776 2690 vero
793 2659 951 2699 exemplo
968 2659 1061 2689 nulla
1076 2658 1129 2689 hic
1154 2657 1215 2688 fiet
1235 2657 1355 2687 elisio?
1401 2656 1540 2695 Plauto,
1564 2657 1625 2696 ait,

163 2704 227 2734 hoe
251 2702 419 2744 frequens.
464 2702 607 2733 Miseret
631 2711 683 2732 me
710 2701 864 2743 profecto
891 2702 1022 2740 Plauti,
1045 2703 1100 2742 qui
1126 2700 1281 2731 omnibus
1309 2700 1432 2729 erratis
1461 2705 1624 2738 patronus

165 2746 360 2777 accersitur.
403 2746 455 2776 Tu
480 2755 612 2776 mecum
640 2746 728 2786 lege,
751 2745 864 2776 Dicam
890 2744 972 2783 huic,
1003 2754 1042 2774 un
1067 2754 1127 2775 non
1152 2740 1279 2774 dicam?
1302 2743 1402 2772 dicam
1429 2742 1541 2782 hercle,
1565 2746 1625 2783 ets,-

164 2789 241 2820 mihi
266 2798 413 2828 magnum
437 2789 563 2820 malum.
588 2788 691 2819 Beut.
739 2789 934 2829 Sequuntur
963 2788 1061 2819 Both.
1090 2787 1181 2818 Perl.
1228 2786 1336 2816 Etiam
1362 2791 1439 2826 post
1464 2786 1472 2802 ‘
1488 2786 1625 2817 hercles
