1966 3302
306 241 391 282 710
798 251 837 280 P.
869 249 1109 280 TERENTH
1143 251 1258 281 Arni

306 344 456 399 Atque
475 344 577 384 huic
599 343 715 385 malo
737 343 927 384 salutem
950 349 1169 397 quaerant,
1200 345 1357 386 auxilii
1378 345 1484 387 nihil
1504 345 1697 397 afferant,

307 411 441 462 Quod
460 410 672 464 mihique,
706 410 926 465 heraeque,
961 410 1159 466 filiaeque
1193 411 1318 453 herili
1347 415 1427 453 est.
1484 413 1570 455 Vae
1591 414 1751 456 misero

474 477 609 518 mihi!
1067 528 1069 530 ,
1664 480 1667 483 ’

306 546 393 606 Tot
413 559 480 586 res
499 548 676 599 repente
694 545 1042 603 circumvallant,
1063 545 1177 587 unde
1199 546 1359 608 emergi
1379 560 1468 588 non
1487 550 1658 601 potest;

301 612 406 666 Vis,
427 617 614 666 egestas,
637 612 871 667 injustitia,
895 613 1104 664 solitudo,
1124 603 1316 669 infamia.
1348 615 1350 617 ’
1726 615 1754 654 5

309 680 514 722 Hoccine
545 681 760 723 saeclum!
790 694 817 722 o
841 682 1030 723 scelera!
1061 694 1088 722 o
1110 694 1265 735 genera
1296 681 1535 734 sacrilega!
1567 694 1595 722 o
1615 681 1756 723 homi-

476 762 574 789 nem
595 749 834 803 impurum!
1334 750 1348 753 ”
1377 747 1385 751 ⁰
1445 748 1447 751 ’

308 816 387 858 So.
420 814 497 857 Me
517 817 720 857 miseram
739 817 748 857 !
780 816 990 874 quidnam
1010 820 1092 866 est,
1113 816 1229 871 quod
1251 817 1318 858 sic
1341 817 1472 859 video
1491 816 1689 858 timidum
1711 819 1755 857 et

477 888 785 938 properantem
805 873 995 926 Getam?

310 953 399 995 GE.
431 951 578 1003 Quem
597 964 742 1005 neque
772 951 901 1002 fides,
935 965 1080 1006 neque
1106 950 1426 1007 jusjurandum,
1458 964 1599 1005 neque
1633 952 1758 993 illum

481 1019 787 1061 misericordia

310 1087 559 1142 Repressit,
602 1099 745 1140 neque
786 1085 987 1149 reflexit;
1036 1099 1179 1140 neque
1215 1086 1332 1140 quod
1374 1090 1526 1140 partus
1566 1087 1758 1129 instabat

475 1167 632 1208 prope,

305 1285 407 1326 beant,
419 1290 510 1327 atque
522 1286 594 1318 huic
607 1287 700 1325 malo,
714 1287 793 1327 quod
807 1285 954 1326 mihique,
966 1286 1156 1327 dominoeque
1164 1295 1238 1317 mea>
1249 1286 1413 1326 Sesti-am,
1419 1285 1569 1328 filiaeque
1582 1284 1647 1324 eius
1661 1285 1758 1316 Pam-

301 1330 399 1369 philae
417 1329 542 1367 sactum
566 1333 623 1368 est,
657 1329 773 1360 mederi
795 1332 951 1369 conentur,
973 1329 1053 1360 nihil
1073 1330 1235 1370 quicquam
1257 1330 1384 1369 juvent.
1447 1329 1502 1361 Vae
1526 1328 1634 1359 misero
1659 1326 1760 1358 mihi!

305 1374 349 1402 tot
366 1372 562 1414 difficultates
575 1372 735 1412 inopinato
749 1371 959 1411 circumstant,
973 1381 1012 1403 ex
1025 1372 1132 1412 quibus
1143 1373 1230 1403 evadi
1247 1383 1308 1403 non
1324 1375 1423 1413 potest
1437 1382 1447 1403 :
1470 1371 1518 1403 vis
1531 1371 1645 1412 stupri,
1656 1370 1762 1411 inopia

306 1413 406 1454 ipsius
429 1416 551 1455 paellae,
566 1415 722 1453 injustitia
738 1424 813 1453 erga
827 1415 966 1453 miseros,
986 1416 1117 1446 solitudo
1139 1425 1157 1445 a
1172 1414 1396 1454 defensoribus,
1415 1414 1547 1451 infamia
1570 1415 1608 1444 ab
1634 1414 1686 1452 iis,
1707 1413 1762 1453 qui

306 1458 435 1488 credunt
451 1458 595 1488 vitiatam
605 1458 718 1497 pretio.
762 1457 883 1488 Hoecne
897 1461 1031 1498 tempora
1042 1459 1116 1489 adeo
1129 1461 1272 1497 corrupta
1283 1462 1353 1489 sunt
1363 1455 1379 1488 ἰ)
1426 1458 1455 1487 O
1467 1457 1598 1488 crimina
1609 1456 1736 1494 infanda
1747 1454 1763 1486 Ι

306 1509 323 1529 o
337 1504 463 1538 gentem
491 1500 699 1540 sacrilegam!
721 1511 738 1532 o
752 1500 906 1531 hominem
931 1500 1071 1540 impium.
1101 1499 1310 1531 AEschinum!
1358 1500 1416 1531 So.
1439 1500 1496 1531 Me
1511 1497 1762 1538 infortunatam!

307 1543 454 1581 quidnam
481 1547 538 1581 est,
564 1544 642 1583 quod
667 1544 712 1574 sic
734 1545 821 1574 video
839 1543 999 1584 pavidum,
1013 1546 1042 1575 et
1057 1542 1261 1581 festinantem
1278 1543 1392 1574 Getam
1402 1541 1419 1575 ζ’
1462 1543 1529 1575 GE.
1556 1543 1653 1578 Quem
1668 1549 1761 1581 neque

297 1585 385 1626 fides
399 1587 486 1627 data,
501 1590 533 1618 et
548 1585 888 1626 obligatiojuramenti,
905 1595 1000 1627 neque
1017 1587 1081 1618 ulla
1093 1586 1317 1618 commiseratio
1332 1585 1474 1627 retinuit,
1488 1594 1582 1626 neque
1606 1583 1760 1616 revocavit

908 1691 1150 1705 ‘ceretto-‘too

350 1784 365 1812 1
391 1781 531 1812 Mallem
547 1789 622 1811 cum
639 1779 731 1820 Guy.
759 1779 853 1811 Nunc
867 1779 944 1811 illud
965 1782 1024 1818 est,
1042 1788 1109 1810 cum
1124 1779 1164 1810 si.
1207 1778 1241 1809 Si
1266 1778 1354 1809 enim
1371 1778 1448 1818 quod
1471 1777 1499 1808 si
1514 1777 1617 1818 legas,
1634 1777 1759 1818 simp'li-

307 1824 394 1855 citer
410 1833 472 1865 pro
489 1824 499 1840 ‘
511 1824 538 1854 si
554 1822 562 1836 '
579 1823 778 1854 sumendum
795 1823 879 1854 erit:
905 1823 1039 1863 quando
1066 1831 1183 1852 sensus
1210 1826 1245 1852 et
1262 1821 1471 1852 constructio
1488 1830 1603 1860 parum
1628 1826 1760 1852 consta-

307 1867 404 1898 bunt.
448 1867 516 1897 Ms.
534 1865 656 1897 Boend.
689 1865 783 1896 Nunc
806 1865 889 1896 istud
907 1868 964 1896 est.
988 1865 1096 1896 West.
1140 1864 1179 1895 Si
1204 1863 1321 1903 omnes]
1343 1864 1427 1894 Mss.
1454 1862 1635 1894 Leidenses
1664 1864 1760 1904 quin-

306 1919 384 1950 que,
399 1910 454 1940 Tr.
471 1909 591 1940 Boend.
607 1908 683 1940 cod.
700 1908 792 1948 Lips.
807 1909 849 1939 G.
867 1908 971 1939 omnia
990 1917 1101 1938 omnes.
1146 1906 1201 1938 Ita
1224 1912 1259 1938 et
1277 1916 1389 1937 omnes
1412 1905 1572 1946 Boecleri,
1597 1915 1672 1937 curn
1687 1906 1760 1937 edi-

306 1952 452 1984 tionibus
469 1951 673 1993 quibusdam
694 1951 941 1990 vetustissimis,
955 1950 988 1980 in
1005 1950 1124 1991 quibus
1147 1954 1224 1980 sunt
1244 1948 1314 1981 EA.
1332 1949 1400 1980 ET.
1424 1954 1460 1979 et
1476 1948 1556 1980 EM.
1600 1948 1668 1980 Sed
1684 1949 1756 1980 edi-

304 1996 414 2026 tiones
441 1995 638 2034 Juntarum,
665 1993 759 2033 Aldi,
780 1994 822 2026 R.
848 1993 1028 2034 Stephani,
1054 1992 1187 2029 Faerni,
1215 1992 1360 2032 Heiusii,
1387 1991 1538 2031 aliorum,
1564 1991 1683 2031 legunt
1709 1992 1758 2022 uti

304 2038 407 2069 edidi.
430 2038 530 2068 Idem.
575 2038 670 2069 Nunc
693 2037 772 2068 illud
782 2040 841 2075 est,
854 2039 933 2077 quod
948 2036 974 2066 si
988 2045 1087 2067 omnes
1102 2035 1218 2075 omnia]
1241 2035 1350 2065 Miror
1362 2034 1409 2065 sic
1426 2034 1560 2065 dedisse
1581 2033 1760 2073 Fae'rnum,

304 2090 380 2112 cum
398 2080 551 2121 plerique
568 2080 702 2111 codices
719 2085 754 2111 et
771 2079 848 2111 edd.
863 2083 947 2111 vett.
959 2078 1120 2118 habeant,
1136 2078 1227 2109 Nunc
1237 2078 1315 2108 illud.
1330 2081 1385 2115 est,
1395 2078 1473 2117 quod
1487 2077 1516 2107 si
1530 2076 1631 2107 omm‘a
1645 2087 1760 2108 omnes.

306 2123 395 2155 Vide
411 2122 501 2154 infra
518 2132 552 2153 v.
573 2125 604 2154 9.
619 2125 672 2154 21.
718 2123 856 2155 Quanto
875 2122 938 2153 hoc
955 2121 1126 2152 venustius
1148 2126 1215 2160 est,
1231 2125 1266 2151 et
1290 2120 1513 2151 collocatione
1530 2122 1565 2149 et
1587 2120 1734 2150 numeris
1752 2121 1760 2150 !

306 2166 402 2197 Bent.
441 2167 487 2196 N.
501 2166 525 2197 i.
541 2169 600 2203 est,
626 2175 706 2204 cum,
722 2166 751 2196 si
773 2165 875 2196 omnia
897 2174 1000 2196 omnes
1024 2164 1125 2194 Both.
1166 2163 1281 2194 Omnia
1305 2172 1405 2194 omnes
1429 2163 1489 2193 ΒΥ.
1504 2162 1582 2203 Bip.
1601 2162 1758 2193 PerL-2

307 2209 394 2240 Post
409 2211 551 2249 quaerant
567 2208 614 2239 M.
635 2207 732 2238 addit
746 2208 844 2240 nobis.
879 2207 992 2239 Auxili
1006 2207 1085 2238 nihil
1101 2207 1202 2237 Dent.
1216 2206 1292 2246 Bip.
1324 2205 1437 2237 Auxili
1451 2205 1497 2236 nil
1510 2204 1602 2236 Perl.
1646 2205 1760 2236 Ferant

306 2261 369 2291 pro
386 2251 522 2292 offerant
539 2249 654 2282 Guelf.
672 2253 767 2281 3.-3
792 2251 965 2291 Expungit
978 2250 1065 2280 hunc
1083 2259 1215 2280 versum
1234 2248 1349 2289 probae
1367 2247 1558 2279 Latinitatis
1574 2251 1610 2278 et
1626 2247 1760 2279 artificii

308 2294 473 2334 Guyetus‚
502 2293 561 2324 sed
591 2291 687 2333 πάθρς
716 2294 883 2324 currentis
913 2293 1157 2333 clamantisque
1188 2291 1287 2323 Getae
1320 2290 1418 2322 valde
1449 2290 1626 2321 imminuit.
1659 2290 1759 2322 West.

305 2337 392 2368 Mihi
409 2337 531 2367 omisso
548 2346 604 2376 que
627 2335 853 2367 anema—6
877 2336 1047 2376 Impurum.
1082 2335 1137 2366 Ita
1160 2334 1194 2365 in
1221 2334 1387 2375 plerisque
1403 2333 1486 2364 Mss.
1507 2337 1541 2363 et
1563 2332 1675 2364 editis,
1716 2333 1757 2363 ln

307 2378 506 2420 quibusdam
524 2383 577 2409 est
593 2379 740 2419 impium.-
762 2379 818 2419 [In
836 2378 991 2409 Addend.
1009 2382 1175 2409 memorat
1189 2377 1232 2408 G.
1249 2381 1285 2408 et
1301 2375 1398 2416 EM.]
1423 2375 1591 2416 quomodo
1607 2374 1758 2405 edidide-

307 2427 386 2453 runt
403 2422 498 2454 Junt.
523 2420 642 2460 Aldus,
660 2421 836 2460 Heinsius,
858 2421 925 2453 alii.
954 2421 1054 2452 IVest.
1100 2420 1222 2451 Hocine
1246 2421 1398 2450 saeculum.
1423 2419 1519 2449 Bem.
1543 2418 1597 2448 Vi.
1615 2421 1650 2448 et
1675 2418 1753 2448 Bas.

304 2466 428 2496 soeclum
443 2476 453 2495 .·
477 2469 622 2504 utroque
638 2463 738 2494 modo
754 2468 823 2495 stat
840 2464 1040 2495 trochaicus.
1065 2462 1124 2493 Fa.
1170 2463 1286 2494 Nostri
1303 2462 1438 2493 codices
1462 2461 1623 2492 soeculum:
1647 2469 1757 2501 neque

306 2509 406 2538 aliter
431 2510 498 2537 stat
523 2515 649 2537 versus.
675 2507 770 2536 Bent.
816 2506 984 2537 Hominem
1009 2506 1137 2547 impiam
1160 2506 1218 2535 ssr.
1244 2505 1344 2535 Beut.
1373 2504 1473 2535 ssoth.
1497 2503 1536 2534 Ζ.
1564 2502 1656 2534 Perl.
1678 2503 1758 2543 Bip.

306 2549 434 2590 Delph.
480 2549 634 2580 Saeculum
660 2549 699 2579 Z.
728 2549 919 2588 Delph.——8
942 2549 1007 2580 Do.
1035 2552 1162 2585 mouet,
1185 2548 1271 2578 illum
1296 2547 1479 2578 abundare.
1517 2546 1600 2577 Mss.
1623 2545 1705 2576 Par.
1728 2548 1760 2576 3.

305 2593 382 2623 ulla.
429 2591 527 2623 Quod
550 2600 642 2631 vero,
658 2595 695 2621 ut
717 2592 850 2631 opinor,
868 2591 1029 2622 tribuitur
1051 2590 1265 2630 magistellis,
1287 2590 1343 2631 qui
1368 2599 1432 2620 non
1461 2591 1620 2628 saperent
1637 2597 1759 2619 venus-

307 2639 376 2665 tam
409 2634 629 2674 pronominis,
657 2633 756 2672 illum,
783 2634 1035 2665 abundantiam.
1070 2633 1154 2664 Peri,
1193 2633 1293 2673 Vulg.
1325 2633 1412 2663 illum
1435 2631 1561 2672 legitur
1588 2640 1650 2671 pro
1680 2631 1758 2669 ulla,

305 2677 435 2708 Mureti
454 2676 613 2715 lectione,
631 2686 727 2716 quam
752 2677 890 2707 exhibet
915 2677 994 2707 Hel.
1012 2676 1109 2707 Both.
1157 2675 1242 2706 Illiu’
1269 2674 1478 2706 misericordia
1500 2674 1578 2714 Bip.
1622 2673 1631 2690 ‘
1649 2673 1758 2713 Neque

305 2721 393 2750 illum
417 2718 475 2759 m.]
498 2719 566 2749 Pro
592 2728 632 2748 eo
660 2718 745 2749 Mss.
773 2719 922 2759 quidam,
952 2720 997 2750 N.
1014 2720 1076 2749 ulla
1103 2718 1326 2749 misericordia.
1371 2716 1484 2757 Atque
1512 2716 1560 2746 ita
1587 2715 1760 2746 recensuit

307 2762 481 2793 Heinsius.
519 2760 588 2792 Sed
604 2770 715 2802 neque
731 2762 935 2792 auctoritate
952 2761 1162 2802 quorundam
1180 2761 1416 2800 impressorum
1434 2764 1539 2789 caret.
1571 2759 1755 2798 Eleganter

308 2810 421 2837 autem
447 2802 593 2846 παρέλκει
618 2802 656 2835 τὸ
674 2804 683 2820 ⁴
699 2803 779 2835 ille’
804 2808 882 2844 post
911 2804 1102 2845 relativum,
1129 2804 1182 2835 vel
1208 2812 1330 2834 nomen
1358 2802 1542 2844 proprium.
1571 2801 1757 2834 Wesa-lo
