1966 3302
318 220 404 262 914
818 227 857 255 P.
889 223 1129 254 TEREN'rll
1166 222 1279 253 Arm

364 335 419 357 um
437 325 478 356 de
495 322 694 365 expulsione
711 319 882 353 mulieris:
906 323 942 350 et
965 318 1006 350 ad
1021 321 1211 350 extremum
1228 316 1333 348 verba
1349 315 1542 348 Chremetis
1561 313 1777 355 agnoscentis

362 379 544 417 nutricem,
558 386 598 407 ac
622 385 683 416 per
700 384 774 405 eam
790 372 893 404 filiam
910 382 1003 403 suam
1018 381 1094 403 cnm
1113 370 1310 411 Antiphone
1327 371 1555 411 conjunctam.
1601 368 1642 400 In
1658 368 1778 409 quinto

363 438 443 464 actu
460 441 521 473 per
544 427 770 469 Demiphonis
792 436 943 458 errorem
969 425 1129 457 Phormio
1153 424 1281 465 accipit
1305 427 1482 465 argentum
1510 421 1600 454 dotis
1623 421 1777 452 nomine:

365 491 401 518 et
416 484 618 518 convenitur
632 481 861 521 Nausistrata,
882 485 920 511 ut
937 479 1031 511 exire
1048 479 1146 511 domo
1170 478 1354 519 compellat
1369 477 1549 509 Phanium.
1592 475 1780 511 NuntIatur

365 538 554 580 Antiphoni
571 541 605 568 et
619 534 815 567 Phormioni
830 544 891 576 per
905 534 1042 572 Getam,
1057 533 1223 564 Phanium
1242 542 1261 563 a
1277 536 1375 572 patre
1393 531 1554 572 agnitam,
1566 529 1781 570 permissam-

366 603 431 634 que
455 596 492 623 ut
511 600 595 622 uxor
617 589 796 621 habeatur.
842 588 929 621 Quae
954 597 1030 619 cum
1054 587 1101 618 ita
1126 590 1233 627 nupta
1259 586 1314 622 sit,
1338 585 1536 626 exposcitur
1560 586 1738 624 argentum
1761 590 1782 612 a

366 645 572 678 Phormione
589 654 652 686 per
669 643 775 674 rixam
793 652 910 674 senum
925 653 933 674 :
968 652 987 672 a
1005 641 1125 683 quibus
1149 640 1204 671 ille
1228 649 1421 680 oppressus,
1436 647 1505 669 rem
1521 646 1654 669 omnem
1671 635 1783 677 aperit

366 700 618 733 Nausistratae:
643 698 684 729 ad
701 697 789 739 quod
818 697 960 738 primum
987 696 1087 734 irata,
1111 698 1150 726 ut
1176 693 1211 724 in
1228 693 1288 725 tali
1310 702 1359 733 re,
1386 702 1471 723 uxor
1494 701 1573 722 mox
1596 690 1724 722 lenitur
1748 690 1782 720 in

366 754 434 786 tine
451 753 597 794 Fabulae,
612 757 649 785 et
664 751 870 784 tutissimum
887 760 904 781 a
922 748 1030 790 patris
1045 747 1222 779 iracundia
1238 751 1379 789 praestat
1395 744 1598 778 Phaedriam.

792 1003 1326 1056 PROLOGUS.

328 1118 607 1166 POSTQUAM
629 1113 766 1168 poeta
786 1115 915 1153 vetus
939 1110 1118 1166 poetam
1140 1123 1228 1150 non
1252 1112 1402 1163 potest

331 1184 575 1227 Retrahere
596 1184 651 1224 ab
672 1181 837 1231 studio,
859 1185 906 1221 et
924 1178 1151 1220 transdere
1172 1177 1390 1218 hominem
1409 1176 1452 1217 in
1472 1174 1624 1225 otium,

331 1253 587 1297 Maledictis
608 1251 833 1299 deterrere,
855 1262 907 1290 ne
925 1248 1103 1297 scribat,
1124 1250 1252 1300 parat
1271 1259 1282 1297 ;

329 1323 421 1374 Qui
437 1323 502 1363 ita
523 1320 715 1369 dictitat,
737 1330 850 1372 quas
872 1316 1055 1358 antehac
1077 1314 1183 1355 fecit
1202 1312 1395 1364 fabulas,

328 1390 475 1431 Tenui
497 1401 595 1430 esse
616 1386 815 1428 oratione
838 1389 882 1426 et
904 1383 1121 1436 scriptura
1142 1381 1262 1432 levi3
1761 1390 1791 1418 ε)

334 1459 457 1511 Quia
477 1468 694 1510 nusquam
716 1454 917 1496 insanum
940 1450 1122 1505 scripsit
1143 1446 1525 1491 adolescentulum

380 1579 550 1621 Postquam
574 1577 691 1609 Lucius
712 1574 862 1607 Lavinius
883 1583 978 1605 senex
999 1571 1090 1613 po'e'ta
1116 1571 1243 1602 Po'e'tam
1265 1572 1405 1601 nostrum
1430 1567 1608 1603 Terentium
1629 1576 1689 1599 non
1709 1565 1792 1597 valet

332 1621 499 1661 abjungere
523 1632 542 1652 a
560 1622 661 1651 studio
686 1618 824 1650 poetices
851 1617 996 1655 Cmnicoe,
1019 1618 1050 1646 et
1072 1615 1271 1645 transducere
1286 1613 1422 1644 illumin
1437 1612 1568 1642 otiosam
1582 1610 1794 1649 cessationem,

335 1665 480 1696 conviciis
495 1673 563 1696 eum
578 1663 761 1701 terrefacere
784 1660 982 1700 aggreditur,
998 1662 1033 1689 ut
1047 1667 1116 1689 eum
1128 1660 1248 1688 avertat
1264 1667 1283 1687 a
1305 1655 1476 1687 scribendis
1499 1653 1674 1691 Comoediis,
1689 1651 1794 1684 inani-

336 1709 390 1741 bus
406 1708 506 1739 verbis
522 1709 555 1738 in
575 1708 684 1746 vulgus
692 1705 818 1745 jactans
832 1713 908 1743 quas
929 1702 1057 1733 antehac
1073 1700 1235 1731 Terentius
1246 1700 1329 1738 fecit
1348 1698 1520 1730 Comoedias
1534 1696 1640 1739 infimo
1655 1703 1794 1728 sermone

334 1751 464 1793 scriptas
489 1760 566 1792 esse,
589 1753 619 1782 et
642 1748 764 1780 dicendi
785 1756 898 1787 genere
922 1745 1015 1777 nimis
1035 1743 1166 1775 humili.-
1189 1743 1262 1783 quia
1286 1752 1434 1783 nusquam
1458 1741 1588 1773 induxit
1602 1743 1633 1772 et
1654 1737 1795 1771 exhibuit

951 1849 1189 1864 eeeeeeeeeeee

384 1937 398 1965 1
426 1934 510 1966 GM.
530 1933 650 1964 invert.
665 1935 754 1963 vetus
767 1930 881 1972 poeta.-
904 1928 1126 1970 superscript.
1151 1926 1346 1958 maledicens.
1369 1923 1527 1956 Fert-2
1551 1921 1605 1953 Al.
1627 1921 1796 1952 Retrahere

338 1990 357 2010 11
380 1978 491 2009 studio.
535 1979 544 1993 ‘
565 1976 749 2007 Transdere.
774 1974 876 2005 Bodl.
904 1979 940 2004 et
965 1973 1009 2004 G.
1027 1981 1103 2002 cum
1121 1970 1193 2001 ΕΡ.
1218 1971 1352 2000 tradere.
1396 1966 1493 1998 Idem
1521 1966 1553 1996 in
1578 1965 1685 1995 tribus
1707 1963 1795 1994 Mss.

342 2022 468 2053 invenit
500 2020 721 2054 Pulmannus,
737 2022 773 2049 et
789 2027 807 2048 e
831 2016 963 2047 duobus
991 2014 1109 2046 laudat
1133 2013 1214 2044 Par.
1259 2011 1325 2043 Sed
1351 2011 1511 2042 transdere
1532 2018 1573 2038 ex
1600 2008 1662 2038 Do.
1678 2010 1796 2038 tuetur

342 2063 435 2096 Riv.‘
462 2064 558 2093 West.
604 2063 632 2093 A
649 2061 752 2092 studio
768 2064 797 2092 et
813 2061 937 2090 tradere
953 2059 1011 2089 ΒΓ.
1056 2057 1085 2088 Α
1109 2057 1212 2087 studio
1238 2054 1277 2086 Z.
1293 2054 1419 2093 Delph.
1468 2052 1603 2083 Tradere
1618 2050 1686 2081 Ms.
1705 2049 1745 2081 R.
1761 2053 1799 2080 et

342 2112 412 2139 vet.
433 2105 509 2138 cod.
527 2116 580 2145 ap.
598 2104 761 2136 Lina—4
786 2102 850 2138 Qui
873 2103 919 2133 ita
946 2101 1083 2132 dictitat.
1127 2098 1284 2130 Solicitat
1306 2098 1392 2128 hanc
1416 2096 1494 2126 lect.
1518 2095 1607 2135 Guy.
1623 2093 1739 2134 legens
1763 2092 1798 2123 in

342 2150 459 2191 glossis
477 2148 627 2184 ineditis,
644 2148 697 2178 Ita
711 2146 872 2185 dictitans,
889 2144 1004 2176 deleto
1022 2143 1105 2179 Qui.-
1128 2141 1188 2173 sed
1207 2145 1334 2182 praeter
1356 2139 1457 2170 fidem
1483 2137 1659 2169 Codicum.
1703 2134 1800 2166 Simi-

342 2196 383 2225 lis
404 2192 614 2224 constructio
641 2195 695 2221 est
722 2188 812 2220 And.
838 2188 932 2220 Prol.
950 2189 1003 2219 18.
1032 2187 1135 2218 West.
1182 2185 1269 2220 Quas
1293 2185 1366 2214 ante
1382 2182 1464 2220 fecit
1480 2180 1512 2219 f.
1539 2180 1583 2211 O.
1600 2180 1622 2210 1.
1638 2189 1665 2210 s.
1682 2182 1718 2209 et
1733 2178 1798 2209 Do.

343 2247 419 2278 quas
444 2236 585 2266 antehac.
611 2234 669 2265 Fa.
715 2231 835 2264 Nostri
859 2231 962 2263 etiam
990 2229 1146 2270 plerique
1169 2227 1318 2260 antehac.-
1342 2225 1400 2256 sed
1426 2223 1618 2264 legendum,
1633 2231 1708 2262 quas
1729 2224 1802 2253 ante

343 2281 394 2311 hic
414 2278 541 2317 fecits.
587 2277 623 2308 Si
651 2276 781 2307 antehac
810 2274 918 2314 legis:
944 2277 1024 2304 tunc
1045 2273 1054 2289 ‘
1072 2270 1180 2303 fecit'
1197 2270 1238 2301 ad
1269 2269 1404 2309 poetam
1435 2272 1584 2298 veterem
1618 2260 1800 2302 referetur,

346 2333 414 2354 non
445 2323 487 2352 ad
522 2321 697 2352 Nostrum.
722 2319 883 2350 Rem—6
909 2316 992 2352 Quia
1019 2324 1168 2356 nusquam
1196 2313 1325 2353 scripsit
1354 2312 1498 2342 insanum
1529 2307 1800 2340 adulescentulum.

345 2366 456 2397 Iidem
489 2364 560 2394 haec
585 2363 690 2394 verba
717 2362 764 2392 ita
790 2360 972 2398 collocant,
1002 2358 1145 2389 insanum
1171 2356 1298 2396 scripsit
1322 2353 1589 2385 adulescentulum.
1613 2351 1670 2381 Fa.
1718 2349 1802 2384 Quia

345 2417 496 2449 nusquam
521 2407 662 2437 insanum
684 2404 812 2444 scripsit
837 2401 1096 2434 adulescentulum
1114 2401 1245 2432 Cervam
1270 2399 1375 2431 videre
1380 2396 1508 2436 sugere,
1524 2398 1552 2426 et
1572 2392 1686 2425 sectari
1700 2401 1800 2423 canes.

347 2453 505 2483 Donatus
524 2449 565 2480 ad
582 2450 691 2480 locum
709 2458 717 2479 :
740 2448 749 2463 ‘
766 2446 921 2486 Scripsit:
946 2444 1071 2484 legitur
1094 2442 1242 2480 etsecit.’
1288 2440 1405 2473 Nostri
1424 2439 1560 2480 quidem
1584 2435 1685 2467 hodie
1702 2434 1802 2466 Codi-

348 2504 404 2525 ces
429 2493 566 2533 scripsit.
609 2491 677 2522 Sed
707 2499 787 2522 vera
816 2488 920 2519 lectio
949 2492 1002 2518 est
1018 2486 1118 2523 fecit.-
1142 2485 1175 2515 id
1201 2484 1288 2515 enim
1308 2483 1446 2514 verbum
1472 2480 1591 2512 Poe'tae
1616 2477 1801 2519 proprium.

349 2537 540 2576 Mutat-unt,
557 2535 635 2576 quia
652 2535 707 2564 vix
735 2530 1072 2570 crediderunt,fecit,
1089 2527 1300 2559 Infinitivuin
1326 2530 1403 2567 post
1426 2534 1462 2555 se
1487 2533 1582 2564 posse
1607 2521 1801 2552 admittere.

351 2580 492 2610 Frustra
510 2590 517 2607 :
544 2588 619 2609 nain
644 2582 679 2608 et
699 2575 819 2617 virgil.
845 2574 920 2605 AEn.
936 2583 979 2605 11.
994 2575 1070 2604 538.
1114 2572 1123 2588 ⁴
1142 2571 1209 2605 Qui
1233 2569 1302 2601 nati
1329 2577 1442 2600 coram
1466 2576 1521 2598 me
1539 2573 1680 2597 cernere
1697 2563 1801 2594 letum

1009 2671 1041 2702 N
1048 2669 1150 2702 OTAE

395 2744 413 2771 5
440 2740 538 2771 Tenui
552 2749 614 2771 esse
629 2738 782 2778 oratione]
793 2737 981 2779 Imperitiae
996 2747 1050 2768 ac·
1107 2735 1186 2776 plex
1204 2743 1314 2766 sermo
1330 2736 1364 2763 et
1377 2738 1492 2773 purus,
1508 2727 1681 2769 stylusque
1696 2724 1802 2758 humi·

351 2798 450 2823 cusat
473 2791 653 2822 Terentius
678 2790 865 2829 Lavinium,
887 2798 962 2820 cum
974 2788 1051 2819 sim-
1107 2786 1147 2817 lis
1164 2784 1343 2817 conveniat
1359 2779 1554 2814 Comoediae.
