1966 3302
488 243 831 276 ADELPHORUM
865 244 973 274 AcT.
1008 242 1058 271 11.
1091 239 1158 271 So.
1191 240 1264 269 111.
1504 230 1587 271 '701

143 342 214 385 De
254 342 411 384 amica.
486 340 603 382 SAN.
636 339 774 391 Quid,
812 339 926 393 quod
970 342 1011 379 te
1052 337 1165 377 oro'?
1240 334 1323 375 SY.
1355 333 1590 388 Paulisper

312 421 452 450 mane.
1534 402 1593 444 45

139 526 284 566 possidet.
329 526 386 557 SA.
412 522 525 561 Quid?
547 534 587 555 an
598 522 668 563 agis
684 523 763 562 quod
779 526 809 552 te
819 523 950 561 precor?
995 520 1058 551 SY.
1083 519 1316 560 Aliquantisper
1332 521 1471 558 expecta.

751 615 989 628 eeeeeeeeeeee

144 688 234 718 laetus
249 688 294 717 est
313 686 350 716 de
372 685 564 716 amictu—45
589 683 677 723 Gny.
694 682 862 717 integrum
886 682 973 711 hunc
995 688 1127 710 versum
1154 678 1294 710 hominis
1322 677 1451 709 indocti
1475 676 1592 709 foetum

145 729 248 760 dicit:
273 728 333 760 sed
349 728 470 759 merito
487 725 628 767 vapulat
643 736 663 756 a
686 725 850 756 Boeclero.
878 725 974 755 West.
999 721 1115 754 Guelf.
1132 725 1163 754 2.
1185 721 1335 762 quicquid.
1352 724 1382 753 3.
1399 721 1500 760 facies
1515 722 1592 761 quod

144 775 175 804 te
190 774 264 802 oro?

532 1027 737 1069 ACTUS
770 1027 835 1069 II.
889 1026 1095 1068 SCENA
1127 1026 1221 1067 ΙΙΙ.

620 1160 874 1192 GTESIPHO.
912 1160 1088 1190 SYRUS.

149 1253 234 1295 CT.
263 1251 364 1293 ABS
386 1250 532 1305 quivis
551 1250 737 1300 homine,
760 1263 857 1292 cum
878 1254 944 1292 est
965 1263 1093 1304 opuS,
1109 1247 1367 1290 beneficium
1392 1247 1596 1302 accipere

319 1320 538 1374 gaudeas:

147 1388 311 1430 Verum
332 1387 551 1428 enimvero
567 1385 619 1445 ig
634 1385 811 1426 demum
826 1385 975 1439 juvat,
991 1384 1044 1434 si,
1062 1396 1190 1437 quem
1212 1394 1390 1436 aequum
1412 1379 1466 1423 ’st
1486 1382 1599 1423 bene

317 1454 478 1503 facere,
499 1454 537 1494 is
556 1453 678 1494 facit.
1166 1484 1170 1488 .

149 1523 190 1565 Ο
208 1521 365 1564 frater!
385 1521 536 1562 frater!
555 1520 663 1574 quid
684 1532 763 1572 ego
782 1531 899 1559 nunc
921 1523 964 1558 te
984 1518 1186 1559 laudem?
1209 1516 1320 1558 satis
1341 1521 1461 1557 certo
1487 1517 1598 1568 scio,

194 1655 256 1687 CT.
280 1655 380 1686 Nemo
403 1657 462 1693 est,
487 1652 540 1694 qui
555 1653 645 1684 laetus
658 1662 719 1683 non
734 1652 788 1688 sit,
803 1661 883 1691 cum,
897 1661 969 1683 usus
983 1651 1078 1691 venit,
1095 1662 1113 1682 α
1129 1650 1234 1691 quovis
1249 1650 1426 1693 beneficium
1442 1651 1579 1691 accipere
1592 1662 1603 1688 ;

148 1707 254 1729 verum
264 1697 414 1738 profecto,
429 1698 462 1728 id
477 1696 599 1727 omnino
612 1699 738 1735 gratum
748 1698 806 1733 est,
816 1695 844 1725 si
859 1695 887 1725 is
901 1705 989 1734 quem
1004 1696 1089 1725 decet
1106 1694 1238 1735 officium
1247 1694 1447 1734 proestare‚is
1458 1697 1602 1734 praestat.

152 1741 181 1771 Ο
187 1740 307 1778 frater,
313 1740 421 1778 frater
442 1739 601 1779 AEsffline,
624 1738 699 1779 quid
724 1748 780 1777 ego
794 1748 874 1768 nunc
890 1738 993 1768 laudes
1009 1741 1078 1768 tuas
1092 1737 1193 1768 verbis
1208 1738 1370 1768 celebrem?
1415 1737 1504 1767 Satis
1518 1737 1602 1777 equi-

756 1843 994 1856 eeeeeeeeeeee

193 1929 237 1962 In
251 1929 330 1970 Bip.
346 1928 426 1961 Act.
441 1938 482 1960 11.
497 1929 552 1960 Sc.
568 1931 663 1959 5.—2
690 1928 789 1963 Quem
803 1937 923 1968 oequum
938 1925 979 1956 ’st
996 1925 1182 1964 benefacere,
1195 1924 1326 1963 issacit.
1361 1925 1515 1956 Exhibeo
1532 1925 1605 1956 edi-

151 1973 264 2004 tiones
289 1973 445 2013 optimas,
474 1972 560 2002 Rob.
587 1971 762 2011 Stephani,
788 1970 932 2008 Mureti,
949 1969 1094 2007 Erasmi',
1112 1968 1281 2006 Gowani,
1297 1969 1426 2008 Bet-gii,
1441 1968 1604 2008 Venetas,

150 2015 387 2055 Amesignani,
404 2014 550 2054 Febrim,
567 2014 720 2045 aliorum.
766 2013 806 2044 In
823 2013 896 2044 aliis
919 2017 985 2051 est,
1011 2021 1099 2052 quem
1126 2021 1246 2051 (equum
1273 2014 1317 2041 est
1334 2011 1454 2049 facere,
1479 2011 1508 2041 is
1532 2011 1605 2042 bene

150 2059 239 2094 facit.
287 2058 416 2088 Rursus
433 2058 465 2087 in
481 2057 552 2088 aliis
567 2068 576 2087 2
599 2066 686 2097 quem
701 2066 823 2096 cequum
835 2059 880 2086 est
897 2055 1082 2093 benefacere,
1096 2055 1123 2084 is
1143 2054 1322 2092 benefacit.
1368 2054 1540 2084 Donatum
1558 2055 1606 2085 le-

152 2102 254 2142 gisse,
269 2110 357 2140 quem
372 2110 491 2140 aequum
511 2103 557 2131 est
574 2098 696 2137 facere,
723 2101 750 2128 is
763 2099 860 2136 fucit,
887 2102 1031 2138 apparet
1047 2107 1089 2128 ex
1107 2097 1179 2137 ejus
1196 2097 1322 2134 verbis,
1349 2097 1358 2113 ‘
1373 2096 1456 2136 bene,
1483 2097 1605 2128 subau-

152 2144 313 2175 diendum
329 2147 383 2173 est
399 2142 450 2173 bis
467 2142 629 2172 numero.’
660 2142 760 2174 Quod
778 2142 897 2172 mirum
914 2146 978 2179 est,
992 2150 1058 2171 non
1074 2139 1284 2170 intellexisse
1299 2139 1483 2180 Gnyeturn.
1518 2140 1607 2171 Scri-

153 2186 205 2217 bit
220 2186 331 2217 enim:
354 2185 364 2202 ⁴
377 2185 462 2217 Quae
478 2189 665 2226 sequuntur
683 2184 798 2222 verba,
826 2185 835 2201 ‘
850 2184 900 2214 bis
926 2182 1091 2219 nuniero‚’
1114 2182 1271 2213 addititia
1287 2189 1378 2221 sunt,
1404 2186 1439 2213 et
1465 2182 1607 2222 inepta.’

152 2228 276 2267 Credo,
292 2227 372 2269 quia
387 2233 467 2259 ante
484 2227 553 2265 illa,
575 2228 583 2244 ‘
598 2227 648 2257 bis
665 2229 827 2266 numero‚’
843 2226 971 2257 invenit
987 2225 1113 2256 τελείαν
1133 2224 1279 2263 στιγμὴν,
1307 2225 1422 2265 quales
1439 2224 1606 2256 editiones

152 2277 189 2303 et
203 2272 283 2303 mihi
299 2271 413 2301 videre
431 2270 588 2310 contigit.
617 2270 712 2301 West.
759 2269 803 2300 G.
827 2274 863 2299 et
890 2270 970 2300 EM.
998 2269 1026 2299 is
1053 2268 1124 2299 bene
1143 2268 1238 2306 facit.
1283 2267 1378 2298 Idem
1396 2268 1428 2298 in
1446 2267 1605 2300 Adde-nd.

152 2315 191 2346 Si
205 2324 292 2355 quem
305 2312 461 2354 aeqnom'st
478 2313 662 2351 benefacere,
687 2313 715 2342 is
732 2311 816 2350 facit
840 2312 902 2342 Do.
926 2317 962 2342 et
979 2311 1065 2342 liber
1081 2311 1177 2341 Bem.
1204 2310 1295 2341 Vict.
1320 2315 1356 2341 et
1373 2310 1582 2342 Decurtatns
1598 2322 1606 2343 :

151 2358 282 2398 siquem
294 2355 580 2396 oequom'stfacere,
600 2355 628 2385 is
648 2355 721 2386 liene
738 2354 843 2392 facit:
868 2354 988 2395 reliqui
1005 2363 1122 2384 omnes
1139 2353 1215 2383 libri
1234 2353 1407 2393 geminant
1424 2354 1606 2385 lectionem

153 2399 248 2431 bene:
271 2399 360 2441 quod
376 2404 466 2429 stare
481 2408 547 2429 non
565 2402 692 2438 potest.
715 2398 773 2428 Fa.
821 2398 938 2428 Nostri
967 2406 1084 2428 omnes
1108 2396 1158 2426 bis
1175 2395 1300 2426 habent
1315 2396 1398 2427 bene.
1423 2396 1523 2427 Bent.
1569 2397 1607 2428 Si

153 2453 240 2483 quem
255 2441 414 2483 oequum’st
431 2441 553 2479 fucere,
579 2441 606 2471 is
631 2440 706 2470 bene
724 2440 809 2478 facit
824 2440 927 2471 Bent.
943 2439 1021 2480 Bip.
1038 2439 1139 2470 Both.
1156 2439 1194 2470 Ζ.
1214 2439 1335 2478 Delph.
1361 2441 1369 2455 ‘
1386 2439 1459 2469 Etsi
1486 2439 1608 2470 Fa'erni

153 2486 321 2526 Donatus,
342 2485 428 2515 iiber
443 2484 564 2514 Bemb.
581 2483 673 2513 Vict.
692 2488 728 2514 et
744 2484 890 2514 Decurt.
907 2483 1033 2513 habent
1052 2481 1235 2512 Lindenbr.
1262 2481 1444 2512 lectionem
1469 2482 1497 2512 εἰ
1520 2492 1608 2522 quem

154 2531 311 2569 oequom'st
327 2527 449 2566 facere,
464 2528 485 2557 ι’.
503 2526 530 2557 b.
545 2526 578 2563 f.
606 2525 707 2556 lectio
725 2530 851 2564 tamen,
870 2535 970 2566 quam
987 2524 1138 2555 Faernus
1156 2523 1276 2559 edidit,
1298 2524 1326 2554 si
1341 2533 1429 2564 quem
1447 2525 1607 2564 oequom’st

155 2569 341 2610 benefacere,
360 2569 490 2609 issac-it,
513 2568 643 2608 legibus
660 2569 781 2608 iingnae
799 2568 1056 2599 convenientior
1070 2576 1141 2597 esse
1156 2566 1306 2601 videtur,
1324 2567 1513 2606 praesertim
1531 2577 1608 2597 cnm

155 2613 399 2653 Lindenbrogii
415 2612 569 2642 Donatus
585 2611 673 2642 hand
699 2610 803 2641 dubie
825 2610 968 2641 eandem
997 2610 1042 2641 sit
1065 2613 1214 2641 secutus.
1259 2609 1419 2640 Ceterum
1436 2609 1538 2640 lectio
1554 2619 1610 2640 ce-

156 2659 305 2687 terorum
322 2655 445 2686 Faerni
463 2654 678 2694 Bentleiique
694 2653 795 2684 codd.
812 2663 878 2694 qua
893 2653 966 2684 bene
991 2653 1193 2693 geminatur,
1216 2656 1310 2682 recte
1337 2662 1356 2682 a
1383 2652 1539 2683 Bentleio
1557 2662 1609 2684 re-

156 2697 340 2738 pudiatur.’
363 2698 525 2728 Zeita—3
550 2697 706 2728 Quauioi·
733 2696 840 2727 nostri
870 2696 1041 2727 veterrimi
1063 2705 1136 2726 cuni
1153 2694 1296 2725 totidem
1313 2694 1401 2732 aliis,
1417 2695 1493 2734 quid
1508 2705 1563 2734 ego
1579 2698 1609 2725 te

156 2750 236 2771 nunc
251 2741 391 2772 laudem?
414 2739 467 2770 Ad
492 2739 615 2779 digitos
633 2738 660 2768 si
677 2738 804 2778 exigas,
820 2738 902 2769 nihii
920 2739 1085 2776 interest3
1110 2738 1136 2767 si
1157 2736 1199 2767 ad
1217 2746 1331 2767 aurem
1358 2744 1392 2768 et
1417 2744 1608 2774 accentum,

157 2791 224 2814 non
241 2793 371 2823 parum.
399 2783 491 2814 Bent.
538 2782 597 2813 ΒΓ.
611 2781 663 2821 qui
678 2791 733 2820 ego
751 2785 779 2812 te
794 2791 873 2812 nunc
888 2783 908 2812 l.
954 2781 1136 2822 Vulgatam
1153 2780 1233 2811 lect.
1256 2789 1336 2811 nunc
1361 2784 1404 2819 te,
1428 2780 1606 2811 rectiorem
