1966 3302
339 199 427 242 922
837 211 878 240 P.
909 208 1149 240 TERENTH
1182 210 1300 241 Arm

342 306 551 358 Pellexit,
571 305 703 348 modo
724 318 813 348 non
832 311 1002 348 montes
1023 306 1120 348 auri
1141 307 1371 361 pollicens,

342 376 437 417 DA.
471 362 554 416 Oui
577 377 699 415 tanta
720 379 817 415 erat
836 387 925 423 res,
943 378 984 415 et
1004 376 1262 428 supererat?
1323 374 1414 416 GE.
1447 374 1661 417 Desinas:

342 444 419 485 Sic
440 447 511 484 est
532 441 772 495 ingenium.
833 441 928 483 DA.
960 440 1055 483 Oh!
1085 455 1230 495 regem
1250 455 1319 483 me
1339 455 1438 483 esse
1458 445 1670 497 oportuit.
1737 444 1794 486 20

342 510 432 552 GE.
461 508 693 551 Abeuntes
713 510 845 550 ambo
865 510 935 551 hic
952 513 1043 550 tum
1064 523 1206 561 senes,
1230 523 1298 562 me
1319 510 1424 551 filiis

342 576 611 630 Relinquunt
630 577 759 630 quasi
780 578 1049 630 magistrum.
1112 577 1206 618 DA.
1239 576 1277 618 Ο
1303 576 1446 620 Geta!
1478 579 1753 632 provinciam

342 644 512 699 Cepisti
531 645 695 686 duram.
755 645 844 688 GE.
879 645 991 686 Mihi
1013 659 1123 686 usus
1144 640 1290 698 venit;
1320 646 1404 687 hoc
1429 647 1536 689 scio.

341 711 530 755 Memini
551 712 736 767 relinqui
756 727 840 764 me,
862 713 959 755 Deo
980 714 1092 755 irato
1117 727 1233 756 meo.

342 781 473 834 Coepi
496 780 724 822 advorsari
745 783 899 834 primo.
961 781 1080 833 Quid
1101 783 1249 824 verbis
1272 795 1384 837 opus
1407 783 1506 824 est‘t
1738 784 1796 825 25

342 848 449 890 Seni
468 848 614 890 fidelis
636 847 740 889 dum
763 862 875 899 sum,
898 849 1109 903 scapulas
1131 849 1320 904 perdidi.

343 917 439 959 DA.
471 916 643 958 Venere
663 917 708 958 in
729 921 916 960 mentem
938 917 1045 959 mihi
1065 918 1220 971 istaec;
1251 931 1351 960 nam
1369 931 1471 974 quae
1493 919 1676 961 inscitia
1695 925 1778 970 est,

342 1027 413 1059 DA.
437 1027 519 1058 Eine
542 1027 592 1058 cai
621 1029 718 1058 tantae
745 1026 868 1058 divitiae
894 1026 1104 1066 abundabant,
1131 1029 1162 1058 et
1183 1027 1494 1068 superabundabant?
1537 1029 1606 1060 GE.
1631 1029 1732 1060 Tace:
1754 1027 1799 1059 sic

342 1071 430 1101 homo
444 1074 585 1101 anatum-a
593 1070 702 1108 factas
717 1074 773 1101 est.
818 1071 889 1101 DA.
916 1069 990 1101 Oh!
1011 1071 1089 1102 male
1103 1069 1249 1108 factum:
1270 1081 1362 1112 quam
1381 1071 1502 1111 Regem
1521 1083 1568 1104 me
1590 1082 1654 1103 esse
1672 1070 1800 1103 decuit!

342 1113 411 1145 GE.
438 1113 502 1144 Hic
515 1117 581 1144 tum
596 1122 681 1144 senes
705 1113 934 1155 prcficiscentes
950 1112 1086 1155 mefiliis
1099 1114 1164 1144 suis
1177 1118 1326 1145 rectorem
1342 1118 1371 1145 et
1385 1115 1572 1154 magistrum
1587 1115 1802 1156 profecerunt.

344 1157 418 1187 DA.
445 1158 474 1186 Ο
505 1157 598 1195 Geta,
621 1157 752 1198 officium
770 1166 868 1195 grave
892 1158 1062 1195 gerendum
1089 1157 1261 1196 suscepisti.
1307 1157 1374 1188 GE.
1398 1159 1469 1189 Hoc
1491 1158 1538 1189 ita
1567 1158 1644 1189 mihi
1666 1157 1801 1189 evenisse

342 1202 488 1240 expertus
503 1209 571 1230 sum
581 1210 591 1230 .·
615 1205 644 1230 et
659 1210 678 1230 a
695 1199 796 1230 Genio
812 1198 892 1229 irato
908 1209 955 1230 me
969 1199 1259 1237 derelictumsuisse
1277 1199 1310 1230 in
1324 1201 1470 1232 memoria
1484 1200 1590 1232 habeo.
1637 1200 1724 1241 caepi
1746 1200 1800 1231 Ιιο-

341 1252 411 1273 rum
439 1242 590 1274 voluntati
610 1242 711 1282 primo
740 1241 908 1273 obsistere.-
932 1243 1005 1282 quid
1029 1243 1121 1283 plura
1150 1243 1274 1274 dicam?
1296 1245 1368 1274 dum
1394 1245 1462 1274 seni
1484 1247 1589 1274 nostro
1617 1243 1801 1283 Demiphoni

334 1285 465 1326 fidelem
492 1295 539 1317 me
560 1289 687 1327 praesto,
713 1286 854 1326 scapulas
876 1286 1035 1317 coedendas
1056 1285 1180 1317 larariis
1202 1286 1351 1327 relinquo.
1396 1287 1470 1319 DA.
1492 1286 1574 1318 Hoec
1595 1288 1697 1318 animo
1705 1285 1804 1326 facile

949 1381 1192 1395 eeeeeeeeeeee

344 1451 484 1483 Pareus.
513 1450 610 1482 West.
653 1450 740 1482 Tres
757 1460 798 1480 ex
813 1450 937 1482 nostris
954 1451 1125 1491 epistolam.
1148 1451 1337 1482 Bent.—18
1361 1451 1405 1483 G.
1422 1451 1578 1482 Perlexit.
1604 1451 1795 1483 West.—2l

344 1495 442 1526 Bona
459 1493 622 1525 librorum
640 1503 729 1535 pars,
744 1494 827 1530 hinc,
844 1503 904 1533 pro
919 1494 990 1525 hic:
1013 1494 1102 1536 quod
1129 1499 1164 1525 et
1191 1494 1257 1526 Do.
1282 1493 1452 1526 observat.
1474 1495 1572 1525 Idem.
1618 1495 1662 1526 Et
1678 1495 1750 1526 hinc
1766 1500 1802 1526 et

344 1537 395 1569 hic
411 1537 478 1578 legi
494 1542 641 1568 testatur
659 1535 726 1568 Do.
743 1537 776 1567 in
794 1537 891 1568 Bem.
909 1543 960 1568 est
975 1537 1037 1568 hic.
1061 1537 1120 1568 Fa.
1159 1537 1275 1568 Nostri
1291 1537 1374 1577 hinc,
1391 1542 1425 1568 et
1442 1539 1555 1578 placet
1570 1548 1577 1568 :
1602 1538 1680 1578 qnia
1696 1537 1802 1569 verba

344 1585 354 1598 ‘
368 1580 545 1611 Abeuntes
563 1581 640 1611 hinc
655 1582 662 1595 ’
685 1579 876 1621 propinqua
894 1585 994 1618 sunt;
1018 1581 1026 1597 ‘
1042 1580 1096 1610 hic
1118 1579 1337 1621 relinquunt,’
1360 1580 1549 1611 remotiora.
1573 1581 1669 1612 Bent.
1714 1580 1803 1611 Hinc

345 1623 428 1654 dant
447 1624 505 1654 Br.
522 1623 624 1654 Both.
640 1623 719 1663 Bip.
736 1623 917 1653 Peri-22².
946 1622 1048 1654 Bodl.
1062 1627 1098 1653 et
1114 1623 1163 1654 M.
1178 1633 1253 1654 cum
1271 1623 1343 1654 ΕΡ.
1360 1633 1436 1654 usut
1459 1622 1549 1664 qnod
1560 1622 1801 1654 Terentianum

345 1676 413 1697 non
430 1671 493 1697 est.
519 1666 604 1703 Eug.
620 1666 821 1705 distinguit:
846 1665 930 1696 Milli
945 1675 1016 1697 usus
1030 1666 1113 1696 venit
1127 1666 1201 1696 hoc.-
1223 1666 1306 1697 scio:
1321 1666 1408 1707 qnod
1427 1666 1541 1697 laudat
1559 1666 1648 1707 Guy.
1664 1667 1696 1697 in
1714 1666 1804 1697 ἆνεκ·

347 1708 456 1741 δότοις.
485 1709 592 1740 west.
630 1708 716 1739 Mihi
731 1719 790 1739 usu
806 1711 888 1740 venit
905 1709 972 1748 hoc,
986 1709 1059 1740 scio.
1094 1709 1223 1740 Omnes
1237 1709 1365 1750 antiqui
1382 1709 1458 1740 libri
1476 1709 1602 1740 habent
1617 1719 1688 1740 usus
1703 1710 1804 1740 venit:

345 1754 435 1784 solus
452 1752 548 1783 Bem.
572 1761 644 1783 usus
658 1752 770 1782 evenit.
796 1752 853 1782 Fa.
894 1752 1026 1788 Nostri,
1044 1761 1110 1782 uno
1128 1759 1287 1793 excepto,
1300 1762 1357 1783 usu
1372 1753 1468 1783 venit.
1507 1752 1694 1792 Utrumque
1709 1761 1803 1783 more

346 1795 485 1833 dicitnr,
509 1804 609 1826 sensu
625 1794 757 1826 eodem.
781 1795 877 1826 Bent.
927 1795 993 1826 Usu
1008 1795 1066 1825 ΒΓ.
1084 1795 1254 1826 GM.—24
1279 1795 1413 1826 Memini
1428 1795 1561 1835 relinqui
1576 1804 1624 1826 me
1637 1795 1706 1826 Deo
1721 1795 1804 1826 irato

345 1849 422 1870 meo.
467 1839 554 1869 Sunt
573 1838 679 1875 Libri,
702 1838 735 1868 in
752 1837 874 1878 quibus
892 1837 1112 1877 distinguitur
1129 1842 1207 1878 post
1227 1848 1298 1874 me;
1323 1837 1457 1879 qnando
1482 1838 1551 1868 Deo
1574 1838 1656 1868 irato
1670 1848 1734 1868 meo
1750 1836 1803 1868 fu-

345 1882 436 1913 erint
453 1880 606 1912 ablativi.
650 1881 800 1911 Praestat
817 1890 896 1911 vero
913 1881 1072 1912 continue
1089 1881 1216 1920 legere,
1241 1885 1275 1911 ut
1294 1886 1410 1911 narret
1434 1891 1562 1919 servus,
1585 1881 1639 1911 cui
1662 1881 1802 1911 relictus

347 1926 403 1955 sit.
431 1923 526 1955 West.
573 1925 618 1955 Et
633 1924 682 1954 ita
697 1923 756 1953 Br.
771 1922 810 1953 Ζ.
828 1923 921 1955 Perl.
968 1924 1053 1954 Post
1073 1923 1204 1954 Memini
1221 1923 1436 1964 distinguunt
1460 1924 1538 1964 Bip.
1558 1923 1736 1955 Fert—25
1760 1923 1802 1954 Τὸ

346 1971 391 1998 est
416 1968 514 1998 abest
537 1967 727 1998 Boin-26
754 1967 902 2005 Reponit
929 1967 1032 1997 Bent.
1056 1965 1187 1996 Senibus
1200 1966 1320 2007 fidclz's.
1352 1972 1496 2007 propter
1520 1965 1663 1997 ‘senes’
1685 1976 1733 1997 vs.
1749 1969 1803 1998 21.

346 2013 430 2041 —27
459 2010 542 2040 Nam
557 2020 624 2050 quae
641 2008 765 2040 inscitia
780 2011 838 2040 est.
887 2009 973 2040 Haec
990 2009 1198 2039 Pulmannus
1214 2009 1330 2039 abesse
1356 2019 1376 2040 a
1401 2010 1468 2040 Ms.
1484 2009 1686 2040 Lovaniensi
1709 2008 1804 2042 dicit.

346 2052 543 2084 Priscianus
560 2053 667 2083 citat:
691 2062 820 2092 namque
835 2052 961 2082 inscitia
976 2055 1035 2083 est.
1083 2051 1138 2082 lta
1152 2057 1186 2082 et
1204 2052 1286 2083 Mss.
1311 2052 1355 2084 G.
1377 2056 1413 2083 et
1438 2051 1560 2084 Boend.
1603 2053 1649 2084 Et
1672 2051 1805 2085 Faerno

345 2097 506 2127 Donatus
522 2096 571 2126 ita
588 2095 710 2135 legisse
728 2095 876 2125 videtur.
922 2094 1067 2127 Quando
1082 2094 1304 2134 interrogatio
1321 2095 1412 2126 nulla
1428 2095 1504 2127 erit.
1550 2096 1638 2127 Eun.
1651 2104 1686 2127 v.
1702 2097 1735 2127 9.
1748 2098 1804 2127 41.

352 2139 454 2171 West.
501 2138 545 2170 Ο.
562 2139 583 2169 1.
598 2148 624 2169 s.
641 2142 676 2169 et
691 2138 757 2169 Do.
773 2137 850 2168 mihi
865 2137 973 2168 istaec:
995 2142 1031 2169 et
1043 2141 1114 2168 stat
1131 2147 1259 2176 versus,
1283 2138 1311 2168 si
1331 2137 1369 2168 τὸ
1392 2141 1401 2157 ‘
1417 2137 1517 2169 mihi’
1540 2138 1574 2169 in
1591 2148 1688 2169 unam
1705 2138 1804 2179 sylla-

346 2181 424 2213 bam
441 2182 674 2212 contrahatur.
699 2180 759 2211 Fa.
804 2180 922 2211 Nostri
939 2180 1041 2211 etiam
1064 2181 1231 2221 plerique,
1253 2181 1288 2212 in
1303 2184 1434 2212 mentem
1446 2181 1489 2211 mi
1503 2181 1610 2212 istoec:
1632 2181 1695 2212 nisi
1712 2181 1803 2222 qiiod

348 2225 428 2261 dno,
450 2225 493 2255 mi
508 2225 541 2255 in
557 2235 597 2256 m.
613 2224 714 2255 istoec.
757 2223 918 2254 Ceterum
937 2223 1012 2254 vide
1027 2223 1110 2254 illud
1134 2223 1284 2255 Donati:
1310 2226 1319 2241 ‘
1332 2224 1409 2255 Hoc
1426 2223 1553 2255 dictum
1569 2228 1604 2255 et
1620 2224 1804 2264 superioris

347 2277 504 2308 personae
522 2277 596 2298 esse
622 2270 749 2307 potest,
771 2271 807 2297 et
823 2266 962 2297 alterins
978 2265 999 2297 :'
1024 2267 1087 2297 hoc
1104 2271 1170 2305 est,
1187 2272 1221 2297 et
1238 2267 1339 2298 Getae
1357 2272 1392 2297 et
1411 2267 1514 2299 Davi.
1557 2267 1653 2298 Davo
1669 2267 1803 2308 quidem

347 2310 447 2341 hodie
465 2310 539 2341 libri
559 2311 733 2347 tribuunt3
758 2318 832 2340 meo
842 2309 974 2350 judicio
989 2319 1056 2340 non
1078 2310 1268 2340 commode.
1315 2310 1496 2342 Quomodo
1512 2310 1600 2340 enim
1617 2311 1736 2341 Davus
1754 2309 1803 2340 di-

349 2358 408 2385 cat
430 2358 439 2371 ‘
455 2354 591 2384 Venere
608 2353 688 2383 mihi
707 2352 798 2383 istaec
814 2352 847 2382 in
865 2357 1012 2383 mentem
1024 2351 1047 2382 ?’
1070 2352 1139 2393 qni,
1162 2352 1226 2383 nisi
1243 2352 1335 2383 Geta
1359 2362 1448 2383 nunc
1465 2357 1638 2390 narrante,
1662 2362 1728 2383 non
1745 2362 1802 2384 no-

348 2401 445 2427 verat
465 2406 563 2427 senes
592 2405 733 2436 peregre
759 2395 892 2427 abesse.
938 2394 986 2425 At
1013 2394 1126 2433 Get-«e,
1151 2395 1347 2426 verberibus
1372 2395 1556 2435 admonito,
1579 2395 1714 2426 tandem
1739 2396 1806 2426 ista

349 2443 518 2470 venerunt
533 2439 566 2469 in
584 2444 744 2469 mentem.
769 2438 866 2469 Bent.
913 2438 998 2468 Nam
1013 2447 1081 2478 quoe
1095 2438 1223 2469 inscitia
1238 2442 1296 2469 est.
1330 2438 1374 2469 O.
1398 2437 1470 2469 fere
1488 2439 1509 2470 l.
1526 2448 1552 2469 s.
1578 2442 1614 2469 et
1628 2438 1661 2468 in
1678 2438 1718 2468 iis
1736 2438 1804 2470 Do.

349 2492 412 2522 pro
429 2482 559 2512 duabus
577 2482 690 2520 primis
705 2480 923 2519 dictionibuS,
938 2490 1039 2511 unam
1057 2485 1188 2521 partem
1205 2481 1364 2512 orationis
1380 2481 1506 2512 habent
1518 2491 1666 2521 namque:
1688 2481 1752 2512 hoc
1768 2486 1805 2511 et

350 2525 523 2555 Ubaldino
551 2524 753 2555 Bandinello
781 2523 953 2564 placebat.
976 2524 1037 2554 Fa.
1083 2524 1202 2554 Nostri
1226 2533 1341 2554 omues
1361 2534 1500 2564 numque.
1524 2524 1626 2554 Bent.
1671 2523 1756 2554 Mihi
1770 2524 1805 2554 in

350 2578 393 2598 m.
410 2568 431 2599 i.
447 2577 575 2607 namque
593 2568 651 2599 ΒΥ.
698 2567 842 2606 Namque
857 2566 959 2597 Both.
988 2566 1082 2597 Peri.
1098 2566 1154 2607 qni
1171 2567 1274 2598 etiam
1290 2577 1364 2598 cum
1383 2567 1485 2597 Beut.
1509 2567 1608 2598 Getae
1637 2567 1804 2598 tribuunt.

357 2610 473 2641 Venere
485 2610 518 2640 in
534 2620 574 2641 m.
591 2610 679 2641 istoec
694 2609 791 2640 mihi.-
808 2619 937 2649 namque
953 2609 1081 2649 Delph.
1104 2609 1282 2641 Bentleins
1299 2613 1412 2648 negat,
1427 2609 1602 2640 commode
1614 2609 1684 2640 liaec
1701 2610 1805 2641 verba

351 2653 455 2683 tribui
473 2662 571 2692 posse
586 2653 697 2692 Davo,
714 2653 784 2693 qni,
800 2652 861 2682 nisi
877 2653 969 2684 Geta
983 2658 1167 2691 narrasset,
1189 2662 1287 2684 senes
1304 2652 1424 2683 abesse
1439 2652 1657 2692 ignoraverit.
1704 2651 1803 2683 Falli-

352 2699 429 2732 tur;
453 2705 527 2725 nam
546 2695 650 2726 verba
672 2697 681 2712 ⁴
698 2695 827 2726 Venere
843 2695 876 2725 iu
893 2699 1038 2726 mentem
1060 2695 1161 2726 mihi'
1184 2696 1226 2726 ad
1252 2696 1408 2736 proxime
1424 2695 1601 2735 sequentia
1617 2694 1802 2735 pertinent.

349 2737 418 2768 Sed
445 2738 545 2768 lectio
566 2747 696 2777 namque
724 2747 785 2778 pro
811 2748 883 2768 nam
906 2748 974 2778 quoe
999 2737 1042 2768 ob
1070 2747 1268 2770 consensum
1286 2737 1386 2769 codd.
1412 2737 1594 2778 praefertur
1610 2747 1629 2768 a
1645 2738 1804 2768 Bentleio

353 2785 458 2812 recte.
483 2779 534 2812 Cf.
548 2779 637 2811 And.
655 2790 679 2811 1.
699 2783 727 2811 l.
744 2783 796 2812 40.
822 2780 921 2812 Zeun.
965 2780 1079 2812 Venere
1096 2803 1103 2812 .
1117 2803 1125 2813 .
1140 2803 1147 2812 .
1161 2802 1169 2811 .
1184 2781 1288 2813 calces.
1333 2781 1425 2812 Male
1442 2781 1545 2821 vulgo
1563 2781 1635 2812 haec
1651 2780 1804 2812 tribuun-
