1966 3302
279 223 366 266 824
785 230 825 260 P.
857 228 1099 260 TERENTH
1135 228 1253 259 Arm

285 326 418 379 Quod
440 325 534 368 heri
555 337 681 367 nemo
702 323 845 365 voluit
864 323 1078 364 visentem
1098 322 1155 364 ad
1178 335 1277 364 eam
1298 327 1341 364 te
1356 323 1466 364 intro
1482 320 1742 365 admittere?

281 396 361 437 So.
394 393 524 435 Enim
542 394 712 434 lassam
733 390 906 445 oppido
927 395 1019 433 tum
1039 403 1139 432 esse
1154 388 1367 434 '‘aiebant:
1389 403 1442 433 eo
1463 391 1521 434 ad
1541 404 1640 433 eam
1659 403 1748 431 non

745 449 877 461 *ww-u
1386 447 1438 458 ..-

457 461 657 503 admissa
679 472 792 501 sum.
1687 457 1744 498 41

285 532 372 574 LA.
401 531 528 572 Tuos
548 543 648 571 esse
669 541 750 582 ego
770 528 837 569 illi
856 540 1004 569 mores
1034 528 1238 569 morbum
1267 527 1424 579 magis,
1454 539 1587 581 quam
1610 526 1747 568 ullam

458 599 594 641 aliam
614 611 718 647 rem,
741 597 957 649 arbitror3

283 668 341 711 Et
366 667 523 710 merito
561 666 701 718 ade03
734 678 835 707 nam
869 668 1115 707 vostrarum
1149 663 1274 704 nulla
1306 666 1392 713 est,
1425 662 1534 716 quin
1566 665 1746 715 gnatum

461 735 569 777 velit

287 804 462 845 Ducere
481 814 664 844 uxorem
681 815 692 853 3
720 804 778 850 et,
797 813 899 855 quae
921 799 1052 840 vobis
1074 798 1241 852 placita
1261 802 1328 839 est
1349 796 1564 847 conditio,
1586 796 1728 838 datur.

286 871 378 913 Ubi
410 871 575 913 duxere
606 869 804 924 impulsu
826 871 990 917 vostro,
1021 872 1172 908 vostro
1207 865 1402 921 impulsu
1436 864 1616 907 easdem
1648 865 1745 906 exi-

458 942 579 992 gunt.
630 932 773 957 ux*
1692 933 1751 974 45

284 1055 386 1086 dicis?
412 1064 512 1086 nonne
527 1054 607 1086 satis
622 1054 738 1085 clarum
758 1052 908 1084 indicium
923 1052 981 1089 est,
996 1058 1063 1081 eam
1088 1052 1119 1080 te
1134 1058 1216 1086 vere,
1232 1057 1286 1079 nec
1301 1047 1447 1078 simulate
1461 1046 1572 1086 odisse,
1588 1047 1667 1087 quod
1683 1046 1751 1078 hes-

285 1101 376 1130 terna
390 1099 440 1129 die
456 1099 557 1129 nultus
572 1107 612 1128 ex
619 1097 748 1135 familia
761 1095 858 1126 voluit
871 1098 913 1132 te,
927 1093 1047 1125 visendi
1061 1102 1129 1122 eam
1141 1091 1250 1130 gratia
1266 1091 1450 1129 venientem,
1465 1089 1548 1120 intro
1559 1090 1681 1120 domum
1696 1099 1751 1120 ex-

283 1143 409 1182 cipere?
447 1142 506 1173 So.
532 1142 627 1172 Certe
641 1151 700 1170 non
716 1140 852 1170 admissa
867 1148 946 1177 sum,
960 1136 1031 1177 quia
1046 1138 1119 1166 tunc
1132 1144 1200 1165 eam
1214 1133 1356 1165 dicebant
1369 1133 1559 1172 (egritudine
1573 1133 1671 1164 «mimi
1684 1133 1753 1163 lan-

283 1189 443 1223 guentem,
471 1187 502 1215 et
529 1183 739 1222 defatigatam
763 1191 839 1213 esse.
886 1181 948 1211 LA.
984 1179 1093 1218 Magis
1119 1178 1228 1217 opinor
1259 1186 1326 1207 eam
1354 1179 1505 1215 oegrotam
1535 1185 1600 1206 esse
1626 1179 1754 1217 propter

285 1238 437 1259 morosam
463 1230 549 1258 tuam
568 1225 828 1263 consuetudinem,
853 1233 943 1265 quam
967 1225 1093 1263 propter
1112 1221 1208 1252 aliam
1232 1229 1355 1250 causam
1368 1230 1379 1256 3
1402 1222 1433 1250 et
1454 1218 1565 1250 merito
1579 1219 1753 1258 admodum,

286 1281 358 1302 nam
384 1274 521 1302 vestrum
547 1270 631 1300 nulla
658 1269 780 1307 existit,
803 1277 870 1308 quae
895 1276 956 1297 non
971 1266 1073 1305 cupiat
1081 1264 1191 1306 filium
1211 1273 1300 1293 suum
1315 1272 1442 1294 uxorem
1456 1261 1618 1303 πάραγε,-
1640 1265 1671 1292 et
1686 1271 1754 1302 quoe

286 1314 376 1354 virg-o
403 1313 489 1345 vobis
510 1313 639 1354 probata
661 1315 718 1351 est,
743 1322 778 1343 ea
794 1311 827 1342 in
843 1309 1073 1341 matrimonium
1078 1307 1152 1349 filio
1167 1307 1284 1338 datar:
1305 1308 1468 1347 postquam
1482 1305 1575 1336 ducta
1588 1307 1636 1336 est
1648 1305 1752 1336 horta-

286 1361 322 1388 tu
337 1360 453 1398 vestro,
468 1360 568 1388 vestro
583 1356 723 1395 hortatu,
740 1353 872 1386 divortio
888 1353 1024 1392 ejicitur.

902 1457 1019 1470 ocem
1023 1456 1138 1468 cnoro

292 1531 335 1562 Te
355 1531 394 1561 ad
409 1540 475 1561 eam
491 1529 541 1560 M.
555 1528 629 1559 Ste.
647 1526 726 1558 Ald.
744 1527 753 1543 ‘
766 1525 930 1556 admittere
945 1523 1126 1564 legendum
1147 1531 1212 1553 non
1232 1521 1441 1552 intromittere
1456 1520 1511 1551 vel
1526 1529 1568 1550 ex
1585 1528 1641 1551 111.
1660 1522 1690 1550 1.
1703 1522 1758 1552 49.

289 1578 407 1614 patet3
424 1573 619 1603 introducere
630 1569 711 1601 EP!
729 1570 824 1600 West.
841 1574 848 1585 ‘
861 1569 916 1599 Al.
931 1565 1163 1598 intromittere?
1179 1565 1358 1596 Fert-41
1376 1564 1456 1594 Esse
1468 1563 1579 1604 oppido
1594 1567 1660 1594 tum
1674 1563 1759 1594 Mss.

290 1619 357 1648 duo
375 1626 392 1648 e
411 1616 521 1647 Boecl.
538 1625 622 1645 imus
638 1623 704 1644 eam
731 1612 841 1653 oppido
862 1615 927 1642 tum
950 1611 1022 1641 sine
1049 1619 1125 1648 esse,
1141 1613 1177 1639 et
1200 1609 1233 1638 in
1258 1605 1374 1638 Guelf.
1390 1609 1423 1637 3.
1445 1616 1511 1637 esse
1533 1605 1639 1637 abest.
1676 1606 1755 1637 Non

290 1661 379 1691 male
396 1659 533 1690 videtur
550 1657 629 1689 addi
653 1665 750 1697 posse
768 1655 909 1685 verbum
932 1663 1008 1691 esse,
1024 1658 1061 1684 ut
1085 1653 1118 1683 in
1145 1652 1241 1682 Rem.
1258 1650 1339 1681 enim
1362 1651 1474 1681 lassam
1488 1649 1599 1690 oppido
1613 1652 1680 1680 tum
1693 1658 1758 1680 esse

290 1702 437 1734 aiebant:
460 1712 523 1733 nec
542 1710 660 1732 versus
677 1703 859 1738 repugnat,
875 1698 902 1728 si
918 1698 1027 1738 oppido
1043 1696 1087 1726 sit
1112 1695 1285 1735 dactyluS,
1299 1699 1339 1725 ut
1353 1694 1362 1710 ‘
1375 1693 1456 1724 ilico
1468 1691 1489 1724 ε’
1511 1692 1571 1723 sed
1594 1692 1759 1723 utramvis

291 1747 476 1778 lectionem
505 1753 664 1785 sequare,
692 1743 801 1783 prima
824 1741 923 1782 hujus
951 1749 1066 1771 versus
1094 1738 1224 1779 syllaba
1253 1737 1297 1768 ad
1324 1735 1578 1777 praecedentem
1599 1735 1759 1775 *pertinet

293 1799 451 1820 versum:
476 1794 557 1819 sunt
582 1792 697 1818 antem
725 1785 913 1822 trocliaici3
929 1793 1010 1814 sane
1027 1783 1108 1814 etin
1125 1782 1197 1812 aliis
1213 1781 1360 1821 antiquis
1383 1779 1519 1819 legitur,
1536 1777 1632 1809 Enim
1646 1778 1760 1809 lassam

291 1833 402 1874 oppido
418 1832 542 1863 aiebant
558 1833 624 1861 tum
637 1839 712 1861 esse.
737 1829 795 1859 Fa.
833 1828 889 1859 Sic
907 1827 978 1862 Fa..
996 1835 1106 1867 neque
1130 1829 1243 1856 tamen
1258 1833 1342 1864 opus
1357 1827 1423 1861 est,
1435 1827 1472 1853 ut
1485 1827 1544 1852 aut
1557 1822 1668 1862 oppido
1679 1821 1758 1852 dac-

292 1877 383 1917 tylus
413 1876 471 1913 sit,
497 1878 555 1905 aut
581 1873 690 1914 prima
714 1881 828 1903 versus
855 1870 988 1911 syllaba
1019 1868 1229 1909 praecedenti
1255 1870 1470 1906 apponatur:
1496 1864 1608 1900 modo,
1633 1869 1670 1895 ut
1694 1869 1761 1903 est,

292 1919 417 1950 aiebant
434 1917 626 1958 disyllabon
649 1916 704 1947 sit.
753 1914 871 1946 Nostri
899 1913 1066 1954 plerique,
1086 1912 1180 1942 Enim
1202 1911 1313 1940 lassam
1339 1919 1406 1940 eam
1418 1907 1528 1949 oppido
1542 1910 1608 1938 tum
1623 1906 1758 1939 aiebant.

294 1963 416 1993 Festus
441 1960 648 2001 Pompeius:
674 1960 683 1976 ‘
701 1957 868 1996 Adfatim,
886 1956 1014 1988 dictum
1043 1966 1062 1986 a
1078 1954 1175 1994 copia
1199 1952 1308 1990 fandi,
1329 1952 1400 1982 sive
1417 1949 1657 1982 abundanter.'
1703 1950 1758 1981 Li-

293 2005 393 2038 vius:
417 2006 426 2022 ‘
446 2004 599 2035 Adfatim
627 2002 696 2040 edi,
726 2001 808 2039 bibi,
832 1999 920 2031 lusi!
965 1998 1148 2029 Terentius
1175 1997 1184 2014 ‘
1201 1993 1378 2026 Adfatim’
1396 1993 1482 2024 dixit
1508 2003 1572 2034 pro
1598 2003 1640 2024 eo
1666 1993 1757 2035 quod

293 2055 361 2086 est,
388 2047 431 2079 ad
450 2047 460 2064 ‘
478 2043 736 2077 lassitudinem)
781 2043 897 2075 Hodie
925 2041 1072 2080 Adfatim
1101 2039 1192 2080 apud
1217 2038 1416 2070 Terentium
1443 2046 1511 2067 non
1538 2040 1666 2069 exstat.
1711 2036 1760 2068 Et

294 2091 377 2122 nihil
399 2091 540 2132 propius
564 2094 632 2127 est,
647 2098 747 2129 quam
775 2092 812 2118 ut
839 2095 978 2117 censeas
995 2085 1105 2124 oppido
1122 2094 1141 2114 a
1158 2082 1335 2121 Magistris
1363 2090 1424 2120 pro
1447 2078 1581 2120 adfatim
1607 2079 1761 2120 supposi-

294 2139 389 2166 tum:
416 2143 492 2164 nam
518 2133 648 2163 Lassam
672 2130 805 2170 adfatim
831 2135 886 2160 est
913 2128 1003 2169 qnod
1032 2128 1151 2158 Festus
1169 2125 1267 2165 dicit,
1282 2123 1430 2162 Adfatim
1444 2123 1536 2163 apud
1556 2122 1760 2154 'ferentium

293 2187 357 2218 pro
372 2179 381 2195 ⁴
400 2177 441 2208 ad
460 2175 694 2208 lassitudinem
706 2174 715 2187 ’
742 2183 828 2204 esse.
851 2172 947 2203 Bent.
970 2171 1101 2202 Lassmn
1116 2170 1197 2201 enim
1212 2169 1322 2209 oppido
1348 2167 1449 2198 Both.
1464 2175 1532 2197 eam
1554 2165 1667 2197 lassam
1680 2165 1763 2197 enim

293 2221 404 2261 oppido
429 2219 530 2251 Bodl.
557 2219 663 2249 laesam
691 2216 734 2248 A.
760 2218 874 2247 lassam
894 2225 961 2246 eam
984 2214 1094 2254 oppido
1120 2214 1179 2244 Br.
1208 2212 1258 2242 M.
1279 2210 1350 2241 ΕΡ.
1367 2209 1409 2240 ad
1434 2210 1516 2240 enim
1544 2213 1641 2246 notat
1668 2208 1762 2240 Perl.

294 2265 303 2281 ⁴
317 2264 414 2294 Solet
430 2264 491 2293 bac
509 2261 679 2302 particula
692 2260 836 2291 Plautus
853 2259 884 2289 in
902 2257 997 2288 initio
1012 2256 1191 2288 senteutiae
1205 2254 1266 2292 uti,
1280 2254 1384 2284 etiam
1400 2253 1471 2283 Liv.
1489 2253 1544 2291 23,
1559 2251 1626 2283 45!
1652 2251 1762 2282 simile

297 2307 380 2347 quid
396 2306 594 2336 West.—42
620 2305 690 2342 Ego
717 2304 811 2334 ultam
840 2301 963 2332 desunt
992 2301 1024 2330 in
1042 2300 1091 2330 M.
1117 2299 1234 2329 laudat
1264 2297 1322 2327 Fa.
1345 2305 1401 2335 ego
1417 2304 1435 2326 e
1450 2295 1547 2325 Rem.
1569 2298 1606 2325 et
1623 2293 1761 2325 videtur

298 2349 435 2390 gravius
452 2348 594 2378 dictum.
623 2348 717 2377 West.
741 2346 770 2376 E
787 2345 882 2375 Bem.
896 2343 1142 2383 interponimus
1160 2348 1346 2381 pronomen
1362 2348 1442 2377 ego‚·
1464 2340 1535 2367 tuos
1555 2345 1619 2367 esse
1634 2346 1690 2376 ego
1711 2337 1762 2368 illi

296 2401 418 2429 nwres;
441 2400 504 2422 nec
523 2394 693 2430 repugnat
708 2387 912 2421 trochaicus,
928 2387 956 2417 si
972 2390 1039 2417 tuos
1062 2382 1330 2424 monosyllabum
1356 2381 1401 2412 sit
1416 2391 1423 2410 ε
1447 2379 1496 2411 ini
1512 2388 1593 2410 vero
1610 2379 1760 2418 priorem

295 2435 474 2475 corripiat,
496 2443 562 2463 uno
586 2433 596 2463 l
620 2432 771 2472 abjecto,
785 2435 821 2461 ut
839 2439 931 2469 saepe
954 2429 1044 2460 alibi.
1070 2428 1140 2459 fa:
1167 2427 1195 2457 A
1220 2425 1344 2456 nostris
1367 2423 1465 2455 abest
1486 2431 1555 2461 ego.
1601 2421 1759 2464 Utroque

297 2478 398 2509 modo
421 2481 489 2509 tuos
505 2474 757 2516 monosyllabon
769 2474 847 2504 erit.
873 2473 970 2504 Bent.
1002 2472 1082 2502 Tuos
1097 2471 1124 2501 εἱ
1137 2478 1234 2500 mores
1247 2478 1312 2499 esse
1326 2468 1367 2498 ad
1378 2465 1514 2498 morbum
1529 2465 1632 2496 Both.
1650 2464 1761 2497 Abest

298 2531 353 2559 ego
369 2520 411 2551 ab
428 2519 609 2558 nonnullis,
624 2518 723 2548 male.
741 2517 832 2547 Pei-l.
849 2516 901 2546 Ad
917 2514 1052 2546 morbum
1070 2522 1185 2544 omnes
1201 2511 1291 2551 apud
1322 2510 1430 2541 Boecl.
1445 2513 1481 2539 et
1503 2507 1547 2539 A.
1562 2507 1664 2547 magis
1676 2508 1762 2539 desi.

299 2564 442 2594 deratur
456 2563 487 2592 in
501 2563 540 2593 R.
553 2562 734 2592 Lirim—43
756 2561 795 2590 Et
814 2558 924 2589 merito
936 2559 1010 2588 adeo
1027 2557 1148 2588 desunt
1162 2555 1195 2586 iu
1210 2553 1325 2586 Guelf.
1341 2554 1460 2584 3.-44
1478 2551 1521 2582 Et
1535 2551 1587 2581 lex
1597 2549 1715 2582 Guelf.
1730 2554 1759 2582 1.

300 2606 399 2638 Both.
426 2604 541 2637 Guelf.
559 2608 590 2636 3.
615 2604 702 2635 Perl.
729 2603 799 2633 dari
824 2602 1010 2633 Both—45
1037 2598 1214 2632 Duxerein
1231 2602 1342 2637 textu,
1370 2604 1432 2638 pro
1451 2604 1482 2627 v.
1499 2594 1523 2627 1.
1543 2593 1672 2625 duxerit
1697 2594 1758 2627 Br.

299 2653 404 2681 vestro
419 2649 552 2688 impulsu
567 2647 673 2679 semel
689 2644 804 2678 Guelf.
821 2647 852 2676 3.
