1966 3302
490 235 803 267 PHonole
838 237 944 266 Aer.
980 236 1042 265 lv.
1077 236 1144 265 κο.
1180 235 1251 265 111.
1516 224 1601 267 992.

145 331 238 372 AN.
271 330 411 373 Satin'
431 330 496 371 illi
520 330 579 371 Di
604 335 708 371 sunt
729 330 942 383 propitii?
1004 329 1243 370 Gn.Nan1
1268 334 1336 373 sat
1360 330 1470 377 scio,

148 399 195 440 Si
217 402 261 440 tu
287 398 482 452 aliquam
501 402 670 451 partem
695 398 814 450 aequi
837 398 1027 451 bonique
1052 397 1238 447 dixeris,

146 466 212 508 Ut
233 471 303 508 est
323 467 397 508 ille
417 466 558 506 bonus
578 465 660 514 vir,
681 465 768 505 tria
787 478 875 504 non
898 465 1232 505 commutabitis

144 533 297 575 Verba
316 532 446 574 hodie
467 532 581 573 inter
597 545 695 573 vos.
755 531 844 572 DE.
878 530 991 581 Quis
1015 537 1056 573 te
1078 532 1209 572 istaec
1226 532 1364 585 jussit
1383 532 1537 586 loqui?

146 602 305 646 CHRE.
337 601 480 643 Immo
501 614 588 641 non
609 601 755 654 potuit
775 600 930 640 melius
951 601 1217 653 pervenirier
1545 597 1604 641 35

145 670 230 720 Eo,
251 682 341 723 quo
360 682 440 710 nos
461 669 676 709 volumus.
736 666 832 707 ΑΝ.
855 667 1012 708 Occidi
1032 669 1040 708 !
1100 666 1260 708 CHRE.
1285 667 1422 720 Perge
1443 668 1603 722 eloqui.

145 738 236 779 GE.
257 737 299 779 A
320 737 461 792 primo
480 737 613 777 homo
634 735 870 776 insanibat.
901 734 1060 775 CHRE.
1084 734 1221 785 Cedo,
1239 735 1346 789 quid
1368 736 1602 790 postulat?

146 856 217 888 AN.
242 857 367 888 Satisne
381 857 428 888 illi
444 856 627 888 Phormioni
643 856 703 887 Dii
726 859 798 887 sunt
816 855 982 894 faventes?
1027 856 1094 887 GE.
1119 856 1205 886 Nam
1218 855 1312 896 probe
1327 855 1403 895 scio,
1419 856 1448 886 si
1463 855 1607 896 aequitatz·

144 903 356 934 consentanea,
372 901 399 930 si
423 910 511 940 aequa
527 900 648 930 tantula
664 909 703 930 ea:
723 903 814 940 parte
836 899 1021 939 poposceris,
1046 909 1083 930 ne
1106 898 1233 929 minima
1249 899 1381 939 quidem,
1403 903 1435 929 nt
1451 900 1537 929 homo
1560 903 1606 930 est

145 943 303 983 >(equitati-*3
318 952 436 978 amam,
451 944 621 973 intercedet
635 942 797 973 altercatio
813 943 895 973 inter
909 953 959 973 cos
971 943 1071 973 hodie.
1118 942 1188 972 DE.
1215 942 1294 977 Quis
1310 942 1367 972 tibi
1380 942 1435 972 hoc
1449 942 1607 981 negotium

145 986 242 1023 dedit,
257 988 293 1016 ut
307 986 384 1016 talia
395 985 513 1017 diceres
523 984 539 1017 2²
582 985 650 1016 CH.
677 986 759 1015 Geta
774 988 856 1016 recte
864 985 945 1023 fecit
958 996 970 1021 ;
993 996 1048 1015 non
1064 985 1165 1024 potuit
1176 985 1359 1015 commodius
1375 985 1468 1025 loqui,
1482 986 1521 1015 ad
1536 995 1608 1015 con-

143 1029 329 1068 sequendum
344 1028 377 1059 id
391 1029 471 1068 quod
485 1028 633 1068 cupimus.
682 1029 751 1058 ΑΝ.
777 1028 878 1059 Perit.
917 1029 984 1059 CH.
1010 1028 1126 1067 Perge,
1141 1029 1286 1058 concinna
1299 1037 1483 1059 sermonem.
1535 1028 1604 1058 GE.

145 1071 190 1102 At
202 1072 303 1112 primo
318 1071 405 1102 homo
420 1071 516 1103 stulte
531 1071 607 1102 mihi
623 1072 812 1112 loquebatur.
860 1072 929 1103 CH.
952 1071 1015 1103 1354·
1040 1071 1128 1111 milii,
1155 1070 1230 1111 quid
1253 1071 1356 1111 petit?
1401 1070 1468 1101 GE.
1495 1070 1579 1106 Quid
1590 1070 1606 1103 ἶ)

752 1155 987 1166 eeeeeeeeeee

146 1220 214 1252 Ms.
227 1220 323 1261 Lips.
339 1226 375 1252 et
392 1221 513 1252 Boend.
530 1221 580 1252 tir
594 1221 700 1254 bonus.
724 1222 834 1253 West.
883 1223 927 1254 Ut
941 1223 992 1253 ille
1007 1225 1053 1253 est
1069 1222 1165 1253 bonus
1176 1222 1236 1253 vir.
1263 1222 1306 1253 Ο.
1325 1223 1346 1254 l.
1365 1232 1390 1254 s.
1406 1223 1542 1261 babent,
1563 1226 1607 1256 Ut

145 1268 192 1296 est
206 1263 271 1295 iue.
296 1264 353 1295 Fa.
399 1265 498 1296 CCC.
518 1269 553 1296 et
567 1265 654 1296 alter
672 1275 690 1296 e
711 1265 917 1303 Meadianis,
937 1266 978 1296 Ut
1001 1267 1053 1296 ille
1074 1269 1129 1296 est.
1155 1266 1254 1296 Bent.
1300 1266 1446 1297 Bothius
1462 1268 1543 1307 legit
1564 1269 1607 1300 Ut

145 1308 241 1338 bonus
256 1307 309 1338 ille
322 1310 371 1338 est
385 1308 531 1340 vin—35
556 1308 664 1339 Abest
687 1308 786 1338 Immo
802 1319 819 1338 a
837 1307 952 1339 Guelf.
969 1311 1088 1340 3.—36
1113 1309 1180 1340 CH.
1207 1309 1311 1347 Perge
1326 1310 1435 1349 eloqui.
1469 1310 1555 1342 Ha‘c
1573 1312 1607 1342 in

146 1349 246 1382 codd.
263 1349 466 1391 quibusdam
483 1351 692 1391 Demiphoni
711 1351 920 1389 tribuuntur,
934 1357 971 1382 ut
988 1356 1022 1383 et
1040 1352 1109 1389 illa,
1134 1353 1142 1368 ‘
1157 1351 1265 1391 Cedo,
1280 1352 1360 1392 quid
1381 1354 1555 1393 postu1a1‚’
1572 1360 1608 1386 et

146 1391 262 1431 §Dicss
284 1397 320 1424 et
342 1394 351 1410 ‘
365 1393 474 1427 Immo
492 1395 613 1424 malum
629 1394 764 1425 hercle:
791 1399 829 1425 ut
846 1394 928 1425 nibil
947 1395 1084 1434 pudet?
1114 1395 1213 1426 West.
1258 1395 1360 1434 Perge
1376 1396 1473 1436 eloqui
1490 1397 1608 1428 Demi·

172 1435 250 1466 boni
267 1435 388 1469 tribuit
403 1437 463 1467 ΒΥ.
488 1437 600 1477 Loqui,
618 1447 677 1477 pro
693 1437 793 1477 eloqui
809 1437 926 1468 Guelf.
941 1440 1056 1472 2.--37
1080 1437 1109 1468 Α
1126 1438 1236 1478 primo.
1262 1437 1376 1468 Proba
1393 1439 1507 1470 lectio.
1525 1441 1608 1472 Mss.

145 1445 196 1509 lil.
210 1479 267 1509 Tr.
285 1478 330 1510 G.
351 1480 429 1511 Wit.
446 1480 567 1511 Boend.
593 1479 641 1511 At
664 1480 775 1520 primo.
812 1480 927 1521 Atque
947 1482 993 1511 ita
1007 1480 1122 1511 fuerat
1140 1482 1174 1512 in
1191 1491 1256 1511 nno
1274 1481 1358 1512 Mss.
1376 1482 1609 1522 Lestiensium,

145 1520 206 1554 sed
224 1522 325 1552 litera
351 1526 365 1553 t
387 1522 420 1553 in
437 1526 471 1553 at
489 1528 609 1563 postea
626 1529 678 1554 est
696 1533 805 1554 erasa.
851 1524 918 1555 Sed
937 1529 972 1554 et
989 1524 1035 1554 ita
1051 1524 1230 1555 ediderunt
1253 1525 1472 1564 Pnlmannus,
1489 1527 1609 1557 Fabri-

146 1573 221 1603 nus‚
240 1564 309 1603 alii,
327 1570 404 1605 post
418 1565 494 1596 EA.
512 1566 677 1605 Venetas,
695 1572 729 1597 et
748 1565 890 1606 Argent.
935 1566 991 1597 Ita
1018 1572 1052 1597 et
1078 1567 1316 1598 Gambarellus
1333 1568 1483 1607 lig-ebat.
1512 1571 1608 1601 Wesl.

146 1607 269 1638 Boend.
284 1613 320 1638 et
337 1608 411 1639 ΕΡ.
427 1608 612 1640 insaniebat.
637 1609 720 1640 Wit.
740 1610 850 1641 Credo.
876 1610 984 1641 Idem.
1033 1610 1128 1647 Cedo,
1144 1611 1217 1651 qnid
1240 1611 1398 1650 postulat?
1431 1611 1519 1642 Haec
1540 1613 1609 1643 De-

146 1649 295 1688 miphoni
313 1651 471 1681 tribuunt
487 1651 591 1683 Bent.
608 1652 710 1682 Botli.
730 1652 823 1683 Perl.
841 1657 876 1683 et
895 1653 973 1692 ssip.
990 1663 1065 1693 qnae
1083 1655 1183 1684 etiam
1201 1663 1276 1684 cum
1295 1654 1421 1693 Delpb.
1434 1655 1480 1685 At
1494 1655 1605 1695 primo.

145 1695 230 1723 —38
255 1693 360 1728 Quid?
383 1694 533 1725 nimium:
556 1698 705 1734 quantum
719 1695 822 1726 libuit.
858 1696 912 1726 Ita
929 1696 1116 1735 distinguo,
1132 1701 1170 1726 ut
1188 1696 1448 1736 ἐμφατικώτερον.
1495 1699 1605 1729 Etiam

147 1735 248 1766 aliter
263 1736 344 1766 olim
359 1737 486 1767 lectum
504 1737 622 1768 videas
639 1747 658 1768 e
672 1739 824 1772 Donato,
841 1739 898 1778 qni
914 1744 1025 1769 tamen
1052 1739 1124 1778 ipse
1152 1746 1301 1770 nosti-ani
1331 1740 1510 1771 lectionem
1539 1749 1609 1772 tne-

147 1782 215 1809 tur.
258 1778 451 1810 Ludovicus
469 1780 601 1818 Carrio,
618 1780 707 1820 quod
730 1782 738 1797 ‘
757 1781 921 1821 quosdam
935 1781 943 1794 '
967 1781 1088 1812 fecisse
1107 1783 1263 1813 Donatus
1281 1782 1378 1821 dicit,
1391 1783 1454 1823 ipsi
1468 1785 1608 1816 Donato

146 1821 311 1856 tribuens⁸
324 1822 430 1862 legit:
455 1822 493 1853 C.
519 1823 628 1858 Quid?
662 1823 705 1854 G.
723 1823 866 1855 Nimium
880 1828 1040 1864 quantum.
1073 1825 1110 1855 C.
1127 1826 1306 1860 Quantum?
1327 1826 1387 1857 dic.
1422 1826 1465 1857 G.
1485 1827 1522 1858 Si
1538 1830 1608 1867 quis

145 1864 246 1896 daret.
290 1865 381 1895 Vide
409 1865 484 1906 ejus
507 1865 624 1906 Antiq.
643 1867 740 1896 Lect.
758 1866 988 1898 Commentar.
1008 1877 1046 1898 11.
1077 1878 1152 1907 cap.
1176 1871 1228 1899 13.
1257 1869 1425 1909 quomodo
1443 1875 1476 1900 et
1497 1871 1608 1912 Lipsio

146 1907 316 1947 placuisse
331 1907 426 1939 dicit.
473 1908 541 1938 Ms.
558 1910 642 1939 Wit.
658 1909 727 1940 GE.
746 1909 856 1944 Quid?
871 1910 1010 1941 nimium.
1044 1911 1111 1941 DE.
1132 1911 1290 1945 Quantum
1305 1912 1393 1942 libuit
1407 1925 1416 1942 :
1441 1915 1608 1954 quomodo

147 1959 166 1980 e
182 1950 338 1981 charisio
355 1951 441 1982 citat
455 1951 628 1982 Muretus.
674 1952 708 1982 Si
720 1952 883 1992 junctim,
899 1953 1028 1984 nimium
1045 1958 1192 1992 quantum
1210 1955 1315 1994 legas,
1332 1956 1460 1987 valebit
1478 1957 1606 1997 simpli-

147 1992 248 2031 citer,
262 1993 403 2030 nimium,
421 1994 485 2032 vel,
499 1994 698 2034 pernimium.
723 1995 832 2026 West.
879 1996 996 2026 Codex
1012 1998 1076 2027 900
1090 2006 1252 2028 annorum
1269 2001 1418 2037 quantum
1429 2001 1548 2037 volum
1573 2006 1609 2031 et

147 2035 239 2067 libuit
254 2045 317 2076 pro
334 2037 585 2067 varialectione
602 2038 692 2068 inter
706 2037 823 2070 lineas.
849 2038 939 2069 Hine
953 2039 1092 2078 colliges
1105 2044 1285 2081 utrumque
1303 2041 1498 2073 addititiam
1513 2053 1608 2074 esse:

153 2079 358 2119 Lege,qu0d
371 2079 443 2118 jam
461 2079 504 2109 ab
520 2079 595 2110 aliis
610 2085 812 2120 occupatum
830 2085 894 2120 est,
912 2082 955 2113 G.
975 2081 1084 2117 Quid?
1107 2083 1235 2114 nimium
1251 2088 1409 2124 quantum.
1446 2085 1482 2115 C.
1503 2086 1609 2121 Qumi-

151 2124 241 2153 tum?
262 2123 323 2153 dic.
363 2122 406 2153 G.
421 2121 528 2162 Siquis
539 2123 640 2153 duret.
683 2123 740 2153 Sic
758 2125 837 2154 olim
853 2124 993 2162 legebat
1009 2125 1127 2156 Celsus
1145 2126 1398 2157 Grammaticus
1416 2128 1504 2166 apud
1524 2130 1608 2160 Cha-

151 2163 270 2194 sisium
285 2174 317 2206 p.
333 2167 408 2196 185.
430 2167 440 2182 ‘
457 2165 599 2196 Nimium
614 2169 782 2205 quantum.-
803 2167 983 2197 Terentius
1000 2167 1034 2197 in
1052 2168 1269 2200 Phormione.
1314 2170 1380 2200 Ubi
1398 2170 1514 2201 Celsus
1533 2182 1610 2212 pro-

152 2207 311 2245 nuntiat;
335 2208 385 2238 uti
401 2207 553 2238 Immane
570 2214 747 2248 quantum,
763 2209 969 2240 Incredibile
987 2216 1161 2251 quantum.
1208 2213 1307 2243 Licet
1328 2213 1464 2252 quidam
1491 2215 1538 2245 sic
1563 2216 1610 2245 le-

156 2255 250 2288 gant,
267 2251 391 2291 inquit,
415 2256 454 2281 ut
477 2251 486 2268 ‘
503 2251 640 2281 nimium
655 2251 664 2264 ⁷
689 2261 806 2282 servus
830 2252 934 2292 dicat,
959 2255 968 2270 ‘
984 2254 1167 2293 quantum’
1190 2264 1270 2285 vero
1293 2264 1414 2286 senes:
1451 2257 1507 2287 sed
1533 2267 1609 2288 sen-

151 2293 299 2324 *tentiam
313 2303 378 2323 non
395 2294 618 2332 intelligunt!
642 2294 739 2325 Bent.
796 2295 902 2329 Quid?
924 2296 1052 2326 nimium
1067 2300 1236 2336 quantum?
1260 2297 1324 2329 DE.
1344 2299 1524 2334 Quantum?
1546 2303 1609 2332 (lic.

154 2335 259 2367 Both.
287 2336 426 2367 Nimium
441 2340 590 2377 qnantum
605 2336 696 2368 libuit
712 2338 751 2368 Z.
769 2337 862 2368 Perl.
879 2339 934 2378 qui
952 2344 1061 2371 notat.
1086 2341 1095 2356 ‘
1113 2340 1190 2370 Far.
1207 2340 1261 2371 ed.
1276 2350 1371 2372 more
1387 2343 1608 2382 suojunetini

154 2377 462 2420 nimium-quantum,
475 2379 538 2411 hoc
551 2385 616 2419 est,
629 2380 773 2411 immane
789 2386 963 2421 quantum.
1000 2381 1125 2414 Probe.
1160 2383 1268 2415 Varie·
1279 2389 1392 2415 tamen
1410 2385 1610 2418 dividuntur

807 2471 951 2504 NOTAE

201 2535 240 2564 31
256 2532 360 2565 Satin'
374 2534 422 2565 illi
435 2534 717 2576 Diisuntpropitii
728 2535 758 2577 1²]
777 2536 853 2568 Hoc
951 2541 991 2569 33
1041 2539 1115 2569 Tria
1144 2549 1203 2570 non
1231 2541 1455 2571 commutabitis
1491 2542 1607 2582 Verbo]

157 2588 226 2622 est,
251 2584 387 2615 Satisne,
406 2590 520 2615 mente
548 2595 650 2616 sanus
677 2591 751 2618 est:
777 2597 853 2618 nam
908 2590 1023 2620 Verba
1037 2595 1248 2622 commutare
1271 2596 1323 2621 est
1340 2592 1487 2633 colloqui
1503 2597 1537 2623 et
1560 2593 1608 2623 in-

157 2635 279 2676 quibus
295 2640 430 2666 veteres
446 2635 569 2666 bonam
593 2641 740 2667 mentem
757 2642 852 2677 opta-
908 2644 962 2670 ter
978 2650 1014 2670 se
1030 2640 1211 2671 disserere.
1236 2641 1558 2674 Noster'rerentius
1576 2644 1607 2674 in

157 2685 252 2725 bant,
268 2687 318 2718 bis
344 2687 436 2718 Deos
454 2687 628 2727 ‘propitios
644 2697 716 2718 esse
734 2698 852 2729 preca·
908 2689 1059 2721 Andria:
1098 2690 1106 2707 ‘
1123 2690 1304 2731 Nunquam
1344 2691 1442 2723 bodie
1493 2697 1607 2724 tecum

150 2736 301 2769 bantur:
324 2744 446 2770 contra
470 2739 591 2781 quibus
617 2740 736 2771 malam
760 2750 851 2772 men-
907 2745 1192 2772 commutaturum
1230 2747 1363 2783 patrem
1396 2753 1496 2775 unum
1533 2754 1607 2775 esse

151 2791 232 2827 tem,
249 2788 340 2821 Deos
356 2789 472 2822 iratos.
637 2801 641 2806 ·
908 2791 1070 2822 verbum?
