1966 3302
532 232 845 265 PHoRMioNIS
878 235 988 266 ACT.
1022 238 1064 267 v.
1098 239 1167 270 sc.
1202 242 1265 270 vr.
1516 235 1628 277 10:27

174 322 376 378 Denique
397 338 480 378 ego
500 326 666 369 missus
688 341 802 378 sum,
835 332 879 370 te
900 334 948 372 ut
967 334 1246 386 requirerem,
1279 339 1411 390 atque
1434 337 1629 382 adduce-

343 406 447 434 rem.

171 457 267 500 AN.
291 459 411 511 Quin
432 474 534 514 ergo
550 476 654 517 rape
674 477 770 506 me:
803 466 909 520 quid
931 469 1117 508 cessas?
1178 468 1266 511 GE.
1293 470 1474 513 Fecero.
1534 472 1627 514 AN.

347 526 386 567 Ο
409 529 468 569 mi
489 528 717 580 Phormio,

169 591 303 635 Vale.
375 594 533 638 PHOR.
568 596 695 646 Vale,
735 597 950 653 Antipho:
993 603 1122 651 bene,
1156 604 1215 644 ita
1248 617 1316 644 me
1354 606 1413 645 Di
1453 612 1597 649 ament
1617 610 1625 649 l

341 661 534 704 factum:
567 663 759 716 gaudeo,

167 726 357 769 Tantam
377 729 596 772 fortunam
619 732 673 772 de
695 733 939 786 improviso
959 747 1058 776 esse
1083 737 1149 777 his
1172 737 1338 780 datam.

167 793 580 839 Summaveludendi
602 800 786 840 occasio
809 800 865 841 'st
886 802 993 841 mihi
1015 815 1128 843 nunc
1151 817 1295 855 senes,
1569 814 1625 852 45

166 860 226 901 Et
248 862 468 905 Phaedriae
492 877 644 906 curam
667 866 856 907 adimere
880 870 1180 921 argentariam,

161 1000 198 1031 Ιιὶ
213 1004 419 1037 memiseruat
433 1010 463 1037 te
475 1010 509 1037 ut
524 1006 683 1039 inventum
698 1009 738 1039 ad
753 1018 786 1039 se
799 1010 992 1041 adducerem.
1038 1011 1106 1042 ΑΝ.
1133 1012 1230 1043 [nimo
1244 1012 1335 1050 aufer
1350 1024 1396 1045 me
1410 1019 1527 1048 tecum.-
1549 1019 1622 1057 quid

163 1047 317 1077 moraris?
348 1047 414 1080 GE.
440 1050 472 1080 F
472 1050 648 1082 estinemus.
674 1051 742 1082 ΑΝ.
763 1053 791 1082 Ο
808 1053 850 1084 mi
875 1053 1038 1092 Phormio,
1054 1056 1132 1086 vale.
1171 1056 1240 1087 ΡΗ.
1261 1056 1348 1096 Vale,
1365 1058 1503 1098 Antipho
1516 1072 1524 1091 .·
1549 1061 1622 1091 hene

154 1086 292 1128 sactum,
308 1089 353 1120 ita
369 1101 414 1121 me
433 1092 493 1122 Dii
509 1097 621 1131 ament,
634 1096 756 1132 gaudeo
782 1098 900 1126 taniam
913 1096 1106 1134 felicitatem
1128 1102 1252 1137 repente
1278 1100 1323 1129 eis
1340 1099 1505 1137 fortunam
1521 1103 1622 1134 immi-

159 1129 247 1163 sisse.
293 1132 454 1165 Praeclara
471 1145 550 1166 nunc
563 1145 594 1166 se
610 1137 687 1167 milei
702 1138 757 1168 dat
771 1139 890 1168 occasio
901 1148 956 1178 per
970 1140 1069 1170 lusam
1084 1141 1257 1182 decipiendi
1270 1151 1367 1183 senes,
1380 1147 1457 1176 etue
1470 1145 1621 1177 Plzcedria

775 1243 1015 1257 NN‘NJNO‘

159 1335 347 1367 pronomen
362 1337 417 1363 se‚·
433 1337 549 1360 omnes
565 1337 647 1360 vero
661 1330 788 1362 habent
803 1331 886 1370 dari,
905 1342 966 1372 pro
980 1333 1076 1364 dare:
1099 1333 1159 1365 sed
1177 1342 1293 1365 versus
1310 1344 1375 1366 non
1392 1340 1538 1377 constat,
1556 1339 1619 1369 uisi

159 1370 252 1410 legas
269 1379 330 1410 pro
345 1370 506 1408 habendae,
520 1372 715 1411 adhibeam,
741 1374 830 1414 quod
857 1374 890 1405 in
907 1376 1006 1407 Bem.
1021 1382 1092 1408 est:
1118 1386 1183 1418 qua
1199 1377 1348 1409 lectione
1366 1378 1524 1419 admissa,
1542 1382 1620 1413 lice-

158 1412 222 1451 bit,
239 1412 370 1453 opinor,
387 1423 561 1454 exponere
577 1416 767 1455 adhibendae,
783 1426 845 1457 pro
868 1418 1035 1449 liabendae:
1059 1419 1148 1451 sicut
1166 1419 1309 1451 dicimus
1331 1422 1339 1437 ‘
1353 1421 1511 1453 adamare
1524 1423 1532 1435 ’
1559 1434 1618 1463 pro

158 1455 294 1486 ‘amare
305 1455 328 1494 ;’
351 1456 572 1496 ‘adliaerere‚’
596 1468 657 1498 pro
680 1461 690 1476 ⁴
703 1459 858 1499 haerere‚’
882 1466 918 1491 et
944 1461 1087 1493 similia:
1113 1467 1172 1493 aut
1188 1463 1378 1502 adhibeam,
1395 1465 1618 1505 asciscendae,

157 1498 385 1539 adjungendae
406 1500 440 1530 in
457 1501 727 1534 matrimonium:
752 1503 794 1534 ad
823 1503 880 1534 lias
902 1513 970 1534 non
987 1514 1069 1536 sane
1087 1507 1241 1546 vulgatas
1256 1505 1353 1547 hujus
1372 1507 1467 1538 verbi
1483 1511 1617 1550 exposi-

156 1540 268 1572 tiones
291 1541 386 1581 cogit
409 1552 463 1573 me
493 1545 680 1575 auctoritas
707 1549 777 1576 tam
798 1546 925 1577 vetusti
949 1546 1040 1586 libri,
1064 1558 1140 1579 cum
1168 1558 1281 1579 versus
1304 1551 1512 1582 necessitate
1539 1562 1619 1584 con-

150 1584 286 1624 juncta.
315 1584 371 1615 Fa.
417 1585 506 1616 Illud
522 1586 716 1626 adhibendae,
732 1589 822 1629 quod
842 1590 937 1620 Bem.
954 1590 1107 1630 exhibet,
1129 1597 1357 1622 commentum
1374 1597 1428 1624 est
1444 1602 1618 1627 correcto-

155 1627 216 1665 ris,
239 1627 296 1667 qui
314 1637 445 1659 versum
461 1634 614 1660 ruentem
629 1631 678 1661 sic
693 1629 816 1662 fulcire
834 1632 950 1662 voluit.
995 1633 1149 1671 Rectius,
1166 1635 1223 1674 qui
1238 1645 1270 1666 se
1286 1635 1492 1668 addiderunt
1507 1649 1515 1675 ;
1539 1648 1615 1669 nam

154 1670 277 1708 nostri,
301 1669 408 1701 tribus
423 1672 670 1703 recentioribus
686 1674 855 1714 exceptis,
878 1683 993 1705 onmes
1008 1677 1082 1707 dare
1097 1676 1238 1708 habent.
1286 1678 1437 1718 Repone,
1460 1681 1516 1711 Ait
1535 1685 1616 1713 uter-

155 1722 212 1753 que
224 1712 283 1743 tibi
294 1716 482 1753 potestatem
497 1714 561 1753 ejus
575 1715 706 1746 habendi
719 1726 751 1746 se
766 1718 853 1748 clare.
877 1717 929 1748 Ex
945 1717 1120 1757 habendise,
1137 1726 1252 1750 natum
1268 1724 1322 1751 est
1338 1721 1496 1752 lmbendae.
1513 1723 1615 1756 Bent.

155 1764 256 1796 quem
272 1755 426 1797 sequitur
437 1757 541 1788 Both.
555 1762 590 1788 at
607 1758 776 1789 Faernum
794 1760 873 1799 Bip.
889 1770 920 1790 se
936 1760 1033 1792 abest
1046 1771 1065 1792 a
1077 1761 1118 1792 G.
1131 1762 1230 1793 Witt.
1249 1763 1320 1794 ΕΡ.
1336 1764 1394 1794 Br.
1405 1765 1477 1795 dari
1492 1766 1616 1798 omisso

152 1807 186 1828 se
202 1798 320 1828 ssoend.
347 1803 382 1829 et
409 1799 493 1830 editi
516 1799 749 1840 quidam—41
774 1802 893 1842 Vides,
916 1806 954 1833 ut
978 1813 1083 1843 prave
1108 1810 1250 1835 acuatur
1278 1806 1311 1835 in
1339 1807 1457 1837 ultima
1484 1809 1616 1840 Missas.

153 1840 290 1872 Deinde
303 1841 411 1872 nostri
428 1841 575 1873 universi
591 1843 720 1875 addunt
736 1845 808 1876 Em.
855 1845 1014 1885 Repone,
1043 1847 1186 1886 Denique
1211 1858 1267 1886 ego
1293 1858 1361 1878 sam
1381 1850 1504 1889 missas,
1526 1855 1556 1882 te
1580 1856 1615 1883 ut

152 1883 339 1923 requirerem
364 1887 457 1924 atque
482 1886 674 1917 adducerem.
720 1886 790 1919 AN.
823 1888 891 1919 Em.
915 1888 1102 1920 Bent.—42
1128 1890 1211 1920 Hem
1228 1890 1304 1930 quin
1319 1901 1392 1929 erga
1417 1902 1490 1932 rope
1506 1903 1552 1924 me
1569 1894 1613 1926 G.

153 1925 274 1957 Boend.
287 1926 386 1958 Witt.
400 1926 472 1957 ΕΡ.
486 1927 575 1968 quod
595 1938 659 1959 nec
675 1938 789 1961 versus
804 1939 868 1960 nee
884 1940 1001 1962 sensus
1016 1931 1204 1962 desiderat.
1234 1933 1330 1964 [fest.
1377 1933 1466 1974 Rape
1482 1946 1527 1965 me
1544 1947 1615 1977 rape

154 1968 277 1999 omisso
289 1968 399 2007 fecero
417 1970 517 2001 Both.
564 1970 649 2002 Hem
676 1971 772 2003 Beiu.
800 1982 867 2003 non
883 1973 1009 2012 habet;
1033 1975 1123 2015 quod
1139 1984 1203 2006 nec
1221 1976 1332 2006 versui
1350 1985 1412 2007 nee
1428 1979 1540 2009 sensui
1561 1985 1614 2010 est

151 2010 394 2042 necessarium.
417 2012 472 2042 Fa.
502 2012 581 2043 Non
598 2013 694 2054 hujus
708 2015 803 2046 initio
818 2017 981 2047 convenit
999 2017 1080 2054 Em;
1096 2017 1168 2057 sed,
1184 2021 1222 2047 ut
1236 2016 1308 2049 fere
1325 2028 1475 2059 semper,
1491 2022 1614 2061 prioris

152 2052 212 2083 fini
236 2059 291 2084 est
313 2054 563 2093 apponendum.
609 2056 770 2088 Ceterum
788 2068 887 2089 versu
909 2066 1089 2099 sequente,
1116 2070 1176 2099 pro
1195 2060 1322 2091 Gaudeo
1337 2061 1426 2101 Guy.
1445 2063 1613 2095 Plaudite.-

153 2100 189 2126 et
208 2105 326 2127 scenas
351 2101 536 2136 sequentes
561 2099 693 2138 spurias
721 2109 793 2131 esse
821 2103 1042 2140 pronuntiat;
1063 2103 1312 2142 neminemque,
1337 2103 1497 2143 Siquidem
1519 2116 1614 2138 samis

143 2137 262 2178 fuerit,
287 2149 306 2169 a
329 2148 364 2169 se
391 2139 620 2170 dissensui-um
647 2146 757 2181 putat.
803 2143 978 2174 Credasne
998 2145 1085 2176 hunc
1109 2145 1278 2176 hominem
1296 2155 1386 2176 sanae
1406 2153 1476 2178 tum
1492 2149 1613 2180 mentis

151 2180 270 2221 fuisse,
293 2191 371 2213 cum
395 2182 469 2212 haec
494 2181 667 2214 effutit-et?
699 2188 794 2215 certe
821 2186 863 2216 ad
886 2185 1068 2226 Anticyras
1098 2187 1300 2228 relegandus
1327 2193 1399 2219 tum
1427 2195 1520 2228 e1·at;
1545 2201 1611 2222 nou

151 2232 241 2254 nunc
257 2224 464 2264 argumentis
482 2224 693 2258 refutandus.
739 2227 832 2258 Nihil
853 2228 885 2258 in
905 2233 979 2260 toto
995 2229 1157 2260 Terentio
1173 2231 1393 2271 sequentibus
1410 2234 1522 2264 scenis
1541 2236 1612 2274 pul-

151 2266 274 2306 chrius,
297 2267 486 2306 venustius,
502 2268 674 2308 urbanius,
691 2270 876 2304 moratiusz
899 2272 970 2302 sine
988 2272 1110 2312 quibus
1128 2273 1261 2314 reliqua
1277 2272 1406 2312 fabula,
1431 2285 1507 2316 quae
1529 2277 1611 2308 nulli

150 2308 255 2348 cedit,
270 2318 313 2339 ex
327 2307 460 2349 fulgore
476 2310 510 2341 in
527 2310 657 2342 fumum
674 2313 795 2343 exiret.
820 2313 1005 2345 Bona—43
1019 2315 1151 2346 Factum
1164 2316 1300 2356 gaudeo]
1326 2316 1393 2347 Hic
1408 2318 1545 2357 quidam
1562 2318 1613 2350 fa-

151 2351 246 2382 ciunt
260 2351 363 2382 finem
390 2352 486 2393 hujus
510 2353 653 2392 Scenae3
676 2354 737 2386 sed
763 2365 882 2395 parum
911 2362 1085 2396 accurate,
1106 2358 1315 2389 observante
1349 2360 1460 2392 Rivio.
1506 2362 1610 2394 Varie

151 2398 264 2425 autem
279 2394 353 2425 haec
370 2395 529 2435 leguntur
545 2402 581 2428 et
594 2396 850 2437 distinguuntur
865 2410 871 2428 :
897 2399 997 2438 Bene,
1014 2401 1059 2431 ita
1075 2411 1123 2432 me
1139 2402 1185 2431 Di
1199 2405 1314 2437 ament,
1328 2402 1465 2439 factum,
1480 2406 1612 2445 gaudeo,

149 2439 271 2468 tautam
274 2437 439 2474 fortunam
454 2439 493 2469 de
504 2439 669 2478 improviso
687 2450 751 2471 esse
766 2440 814 2471 his
827 2442 943 2472 datam.
989 2443 1046 2481 Et,
1061 2443 1161 2479 Bene,
1177 2443 1223 2473 ita
1238 2454 1284 2474 me
1300 2444 1347 2475 Di
1362 2450 1476 2476 ament.
1484 2447 1610 2484 jactum

145 2480 280 2519 gaudeo,
294 2482 426 2513 tantam.
471 2482 528 2517 Et,
550 2482 635 2521 Vale,
648 2483 800 2523 Antipho,
826 2483 909 2515 bene.
937 2486 983 2515 ita
1000 2496 1045 2516 me
1059 2486 1107 2516 Di
1122 2490 1238 2525 arment,
1251 2486 1377 2524 sactum
1389 2490 1522 2530 gaudeo⁷
1540 2493 1609 2521 tan-

147 2524 226 2552 tam.
271 2522 450 2554 Quomodo
466 2529 501 2555 et
518 2524 710 2566 Christoplr.
729 2526 883 2565 Colerus,
901 2528 1010 2565 Epist.
1027 2537 1077 2558 vr.
1117 2529 1288 2569 Denique,
1311 2530 1404 2565 Bene,
1430 2531 1474 2561 ita
1500 2542 1546 2563 me
1563 2533 1611 2564 Di

149 2563 275 2596 ament!
287 2565 411 2603 sactum
425 2567 554 2605 gaudeo.
569 2570 688 2599 tantam
696 2568 860 2605 fortunam
875 2571 912 2601 de
926 2570 1091 2610 improviso
1107 2581 1172 2601 esse
1187 2571 1235 2601 liis
1248 2572 1377 2603 datam!
1402 2573 1469 2605 ΜΞ.
1486 2575 1610 2606 Boend.

148 2606 249 2642 Bene,
264 2608 311 2639 ita
325 2617 374 2638 me
388 2609 434 2639 Di
450 2613 564 2647 ament,
581 2609 717 2648 factum.
743 2615 773 2642 et
795 2614 928 2651 gaudeo.
951 2614 1058 2644 West.
1106 2613 1158 2644 Ad
1181 2623 1298 2644 vocem
1315 2616 1454 2655 Antipho
1472 2625 1608 2649 scenam

149 2649 280 2681 claudit
294 2650 374 2691 Bip.
391 2651 567 2690 adgaudeo
584 2653 683 2684 Beut.
704 2654 799 2685 Perl.
817 2662 852 2685 at
869 2664 1004 2686 scenam
1023 2657 1225 2687 continuant
1252 2657 1359 2688 Zeun.
1383 2659 1485 2689 Both.
1504 2660 1608 2690 nr.-

149 2693 189 2721 45
214 2691 323 2724 Codd.
341 2693 477 2734 quidam
496 2696 634 2726 ludendi.
647 2697 755 2727 W‘est.
805 2698 899 2728 Nunc
915 2698 1010 2729 delet
1027 2700 1083 2729 ΒΓ.
1101 2705 1136 2729 at
1152 2708 1253 2729 voces
1273 2702 1319 2730 ita
1336 2699 1471 2732 ordinat
1488 2702 1607 2734 Guelf.

149 2735 180 2764 3.
217 2734 272 2766 Su.
287 2745 348 2766 occ.
364 2740 408 2767 cst
425 2747 465 2768 m.
484 2748 514 2767 η.
531 2738 569 2768 el.
585 2742 738 2769 sein—48
762 2739 847 2770 Nam
864 2741 938 2770 item
955 2742 984 2770 ll.
999 2752 1029 2771 a.
1048 2741 1090 2771 mi
1108 2746 1140 2771 ut
1168 2742 1267 2772 nom.
1286 2747 1320 2773 et
1337 2752 1417 2774 sane
1442 2745 1517 2775 mihi
1546 2755 1608 2785 pro

149 2776 194 2815 gl.
211 2777 375 2810 exhibent
392 2779 451 2810 ΒΥ.
467 2779 550 2811 GM.
580 2780 755 2820 Argentum
773 2782 870 2813 deest
888 2784 919 2813 in
935 2784 991 2814 ΒΥ.
1020 2784 1063 2815 0.
1081 2785 1101 2815 l.
1121 2794 1144 2815 s·
1162 2784 1206 2815 ita
1225 2788 1256 2815 a!
1271 2786 1375 2825 (ialam
1391 2790 1437 2816 est
1454 2788 1610 2825 ing-racis.-
