1966 3302
292 180 377 223 85ss
787 189 826 217 P.
859 185 1101 217 TEREN'rll
1138 186 1253 216 Arm

295 285 423 327 PAM.
457 283 646 325 Omnem
684 294 776 323 rem
810 282 923 331 scio,
961 286 1009 322 ut
1045 281 1102 321 sit
1134 284 1280 334 gesta:
1325 279 1571 321 adveniens
1601 278 1752 322 audivi

470 363 634 392 omma.

297 420 384 461 LA.
414 417 489 460 At.
513 419 625 458 istos
656 414 832 457 invidos
864 415 926 457 Di
954 414 1166 469 perdant!
1196 414 1273 468 qui
1302 414 1400 456 haec
1431 414 1616 456 libenter
1646 425 1756 456 nun-

469 486 596 526 tiant.

299 555 431 596 PAM.
463 552 559 605 Ego
580 563 650 592 me
673 550 769 591 scio
793 550 983 598 cavisse,
1006 563 1060 591 ne
1079 550 1175 591 ulla
1192 550 1347 591 merito
1368 549 1633 591 contumelia
1698 548 1756 591 20

301 621 422 663 Fieri
444 633 471 661 a
495 619 620 660 vobis
641 621 828 671 posset:
859 618 993 672 idque
1013 618 1052 658 si
1072 630 1185 658 nunc
1207 630 1444 658 memorare
1463 617 1535 658 hic
1556 617 1708 666 velim,

303 688 452 739 Quam
474 686 597 728 fideli
618 686 766 727 animo
786 688 829 726 et
848 685 1037 738 benigno
1058 685 1104 725 in
1125 684 1249 725 illam
1270 689 1314 725 et
1336 684 1542 725 clementi
1561 683 1639 733 fui,

302 755 424 797 Vere
445 767 630 808 possum
647 767 658 806 ;
688 754 734 794 ni
753 757 797 794 te
818 766 875 795 ex
894 754 997 806 ipsa
1018 752 1117 793 haec
1137 753 1278 805 magis
1297 752 1430 793 velim
1449 751 1717 803 resciscere3

305 824 514 875 Namque
536 834 588 862 eo
608 825 741 874 pacto
761 833 970 861 maxume
991 819 1108 872 apud
1129 824 1172 860 te
1192 832 1289 860 meo
1310 820 1393 860 erit
1411 819 1584 872 ingenio
1603 818 1732 869 fides,

308 891 421 933 Cum
442 889 536 939 illa,
557 901 658 943 quae
680 901 796 928 nune
818 888 862 928 in
882 901 952 928 me
975 888 1128 941 iniqua
1149 892 1233 936 est,
1255 900 1386 941 aequa
1407 887 1462 928 de
1483 901 1551 928 me
1573 886 1763 929 dixerit:

309 960 471 1012 Neque
491 969 592 997 mea
612 955 746 1008 culpa
765 955 850 995 hoc
872 955 1109 996 discidium
1131 955 1350 1006 evenisse,
1366 954 1412 995 id
1433 959 1571 996 testor
1591 954 1736 996 Deos!

310 1026 397 1068 Sed
421 1023 600 1078 quando
624 1036 727 1063 sese
749 1035 847 1063 esse
869 1022 1094 1075 indignam
1115 1021 1297 1076 deputat
1315 1022 1448 1063 matri
1467 1035 1592 1072 meae,
1707 1021 1765 1064 27

309 1155 459 1186 remittet.
505 1154 574 1185 PH.
602 1155 695 1185 Certe
719 1162 774 1192 ego
800 1153 972 1184 remittam.
1016 1152 1083 1183 ΡΑ.
1111 1153 1242 1185 Omnem
1265 1154 1312 1185 rei
1332 1154 1440 1185 seriem
1455 1153 1566 1186 rescivi
1581 1153 1713 1194 qualiter
1725 1151 1770 1183 sit

309 1202 487 1238 gestmcum
498 1197 674 1228 advenirem
686 1208 697 1228 .·
709 1198 802 1237 paulo
813 1200 886 1227 ante
898 1196 1004 1227 audivi
1012 1196 1126 1235 omnia,
1143 1196 1308 1236 quaefacta
1322 1201 1404 1228 sunt.
1430 1198 1492 1228 LA.
1508 1195 1556 1228 At
1566 1197 1642 1227 istos
1654 1204 1770 1235 garru-

312 1245 366 1280 los,
380 1241 434 1282 qui
456 1240 624 1271 com-mdia>
639 1242 669 1270 et
692 1239 791 1271 amori
804 1239 968 1278 conjugum
982 1239 1134 1275 invident,
1149 1240 1210 1270 Dii
1234 1241 1376 1280 perdant,
1391 1240 1444 1280 qui
1457 1240 1523 1271 haec
1539 1249 1606 1280 quae
1619 1237 1772 1270 audivisti

313 1288 378 1316 tam
403 1283 512 1324 cupide
536 1283 687 1321 referunt.
733 1282 799 1314 ΡΑ.
822 1283 892 1321 Ego
908 1282 970 1313 scio
995 1291 1042 1312 me
1065 1283 1169 1313 sedulo
1184 1292 1317 1322 curasse,
1336 1293 1373 1313 ne
1387 1283 1546 1323 quicquam
1563 1281 1640 1313 mihi
1655 1291 1674 1312 a
1687 1280 1772 1312 vobis

314 1327 529 1358 contumeliose
543 1325 726 1366 exprobrari
749 1328 851 1365 posset
864 1325 975 1355 merito
989 1334 1075 1356 meo:
1099 1325 1190 1365 idque
1204 1325 1232 1356 si
1247 1335 1327 1356 nunc
1342 1326 1393 1357 hic
1407 1326 1539 1356 recitare
1561 1325 1665 1363 velim,
1679 1333 1771 1364 quam

305 1371 399 1412 fideli
413 1378 528 1409 amore,
542 1372 570 1400 et
586 1368 676 1400 suavi
694 1369 910 1399 Philumenam
915 1367 1022 1408 filium
1044 1370 1142 1404 tuam,
1161 1368 1327 1409 Phidippe,
1345 1372 1524 1408 prosecutus
1544 1378 1622 1407 sum,
1645 1377 1713 1398 vere
1735 1366 1772 1397 id

314 1414 445 1444 recitare
468 1421 589 1452 possum
600 1422 613 1448 ,·
641 1411 705 1442 nisi
728 1411 833 1451 potius
855 1411 946 1441 velim
972 1414 1003 1441 te
1027 1420 1065 1441 ex
1090 1410 1157 1448 ejus
1181 1420 1234 1442 ore
1256 1421 1292 1442 ea
1313 1411 1431 1442 discere
1442 1422 1452 1441 .·
1484 1418 1613 1451 namque
1625 1419 1658 1441 eo
1674 1410 1775 1447 modo,

315 1456 418 1495 magis
431 1456 536 1486 credes
550 1464 597 1485 me
612 1454 670 1485 tali
685 1463 748 1484 esse
761 1453 900 1492 ingenio,
915 1454 998 1494 quati
1015 1463 1061 1483 me
1076 1463 1141 1484 esse
1156 1452 1215 1483 tibi
1229 1454 1307 1492 dico,
1321 1464 1390 1484 cum
1404 1454 1590 1485 Philumena
1605 1453 1684 1492 ipsa,
1703 1461 1772 1492 quae

317 1499 456 1538 iniquum
481 1507 555 1536 erga
577 1507 624 1527 me
649 1506 681 1527 se
700 1496 810 1535 gessit,
829 1506 917 1536 aequa
937 1497 975 1526 de
996 1506 1043 1527 me
1059 1496 1118 1526 tibi
1131 1496 1371 1536 praedicaverit.-
1394 1506 1488 1536 neque
1503 1506 1551 1527 me
1566 1505 1688 1526 causam
1702 1494 1774 1525 huic

317 1541 451 1573 divortio
462 1540 642 1580 praehuisse,
659 1539 745 1570 Deos
759 1542 853 1571 testes
867 1540 989 1570 advoco.
1023 1539 1084 1569 Sed
1100 1539 1343 1579 quandoquidem
1357 1538 1489 1579 seipsum
1503 1538 1663 1570 existimat
1678 1536 1774 1576 tanti,

931 1637 1167 1650 OO‘NOOOOON

322 1716 388 1737 eam
412 1704 579 1745 Bip.—18
605 1704 720 1736 Omnia
739 1706 826 1736 modo
849 1705 916 1736 Ms.
933 1705 976 1737 R.
1000 1705 1096 1737 Lind.
1118 1710 1154 1736 et
1178 1706 1187 1722 ‘
1201 1706 1286 1737 Mss.
1312 1704 1450 1737 omnes)
1474 1705 1572 1736 Boecl.
1591 1707 1626 1735 et
1647 1702 1696 1734 sic
1713 1702 1777 1735 ΒΓ.

323 1758 456 1781 necnon
471 1749 480 1765 ‘
492 1748 576 1779 Mss.
588 1748 733 1788 plusculi
750 1757 826 1778 cum
844 1747 946 1779 editis
959 1755 1036 1789 post
1053 1748 1137 1780 EP.'
1158 1749 1258 1781 West.
1280 1753 1288 1766 ‘
1300 1749 1420 1779 Nostri
1436 1746 1581 1778 universi
1597 1747 1632 1777 in
1644 1745 1712 1776 fine
1723 1745 1779 1776 ad.

324 1793 410 1823 dunt
423 1792 509 1823 modo
521 1801 531 1821 .·
555 1795 590 1821 et
603 1791 636 1821 in
654 1799 721 1821 uno
739 1790 846 1830 Regio
862 1790 958 1822 deest
973 1791 1099 1828 onmia,-
1123 1796 1161 1823 ut
1176 1792 1210 1822 in
1225 1791 1427 1833 quibusdam
1445 1790 1488 1821 G.
1506 1789 1666 1820 Fabricii.
1710 1789 1778 1819 Re-

325 1845 426 1876 pone,
440 1832 546 1865 audivi
561 1834 658 1864 modo.
703 1834 774 1864 Cur
796 1833 885 1864 enim
910 1833 1016 1864 addat
1041 1834 1162 1871 onmia,-
1187 1844 1263 1864 cum
1283 1834 1355 1874 jam
1383 1834 1511 1864 dixerit
1537 1833 1668 1862 Omnem
1682 1829 1780 1862 rem2’

327 1879 430 1909 Bent.
449 1882 484 1908 et
501 1877 549 1907 sic
568 1876 670 1907 Both.
688 1876 783 1907 Per-1.
832 1876 957 1907 Omnia.
994 1877 1080 1908 LAc.
1097 1878 1142 1908 Ac
1162 1876 1166 1919 Ι
1188 1877 1283 1908 Istos.
1307 1877 1474 1916 Bip.——19
1497 1877 1601 1915 Atque
1624 1872 1743 1905 Guelf.
1757 1875 1778 1903 3

326 1921 373 1952 At
389 1920 481 1951 delet
495 1919 596 1950 Both.
620 1918 750 1956 tacite3
773 1919 921 1950 nuntiant
939 1929 957 1949 e
982 1929 1033 1959 pr.
1052 1929 1095 1950 m.
1112 1929 1154 1950 ex
1172 1919 1304 1951 emend.
1327 1918 1515 1950 annuntiant
1538 1919 1686 1948 Bru—2⁰
1708 1915 1781 1949 Scio

325 1973 374 1995 me
390 1964 487 1994 Bem.
505 1967 540 1993 et
556 1962 732 1993 Donatus:
757 1961 814 1992 sed
834 1962 1009 1993 venustius
1028 1961 1174 1996 videtur,
1194 1962 1281 2002 quod
1298 1962 1330 1992 in
1349 1961 1423 1992 aliis
1438 1960 1592 1992 omnibus
1606 1959 1702 1990 libris
1716 1963 1783 1997 est,

326 2017 374 2038 me
388 2006 460 2037 scio.
487 2005 542 2036 Fa.
585 2004 642 2036 Sic
659 2008 694 2034 et
710 2013 794 2034 unus
810 2009 928 2035 noster
944 2010 1110 2043 vetustus,
1124 2005 1187 2036 scio
1202 2015 1269 2036 me.-
1292 2004 1413 2044 reliqui
1428 2014 1476 2035 me
1490 2003 1565 2035 scio.
1588 2003 1780 2034 Bent.—21

328 2049 430 2081 Nobis
448 2049 530 2079 Mss.
546 2047 625 2089 duo,
642 2051 677 2078 et
693 2056 770 2077 mox
786 2056 1032 2078 commemorare.
1056 2047 1163 2078 Boecl.
1187 2053 1222 2078 et
1237 2047 1323 2078 nobis
1344 2047 1394 2077 M.
1409 2046 1557 2078 Tru—22
1583 2046 1627 2077 Et
1653 2044 1785 2084 benigno

328 2092 454 2123 desunt
471 2093 502 2122 in
528 2090 600 2122 ΕΡ.
617 2090 764 2120 Bru—23
788 2090 895 2121 Parvi
912 2090 1046 2130 quidem
1062 2090 1125 2121 hoc
1142 2089 1262 2129 refert,
1284 2099 1400 2120 omnes
1422 2093 1533 2121 tamen
1559 2089 1581 2120 1.
1608 2098 1636 2119 s.
1659 2095 1784 2128 possum

328 2135 467 2166 habent.
491 2134 551 2165 Fa.
597 2132 654 2164 Sic
672 2137 705 2162 et
722 2133 829 2163 nostri
846 2142 963 2164 omnes
975 2143 1109 2172 possum.
1135 2133 1236 2164 Bent.
1276 2133 1405 2164 Omnes
1421 2133 1505 2163 Mss.
1518 2141 1652 2172 possum.
1674 2129 1784 2161 ssoecl.

329 2178 451 2208 Possim
464 2176 567 2207 Both.
593 2176 602 2192 ‘
614 2174 668 2206 ΑΙ.
684 2175 808 2215 possim.
821 2175 930 2206 male.'
946 2176 1033 2207 Perl.
1051 2186 1127 2205 mox
1139 2177 1148 2193 ‘
1165 2176 1208 2206 V.
1224 2176 1262 2206 C.
1279 2175 1342 2206 nisi
1353 2185 1393 2206 ex
1404 2174 1495 2214 ipsa!
1517 2174 1614 2205 Lind.
1636 2177 1644 2190 ‘
1656 2172 1783 2204 Nisiex

329 2221 395 2261 ipsa
411 2224 441 2251 te
456 2220 508 2250 hec
524 2218 625 2258 magis
639 2218 715 2250 velis
730 2218 798 2248 Ms.
816 2228 916 2257 unus,
933 2219 1020 2249 alter
1037 2229 1092 2249 nec
1107 2221 1142 2249 tu
1156 2228 1196 2249 ex
1210 2219 1278 2258 ipsa
1299 2218 1352 2248 hec
1374 2218 1476 2256 magis
1491 2217 1578 2254 velis,
1599 2216 1783 2255 Argentor.

331 2264 365 2294 ni
381 2266 416 2293 tu
431 2272 471 2294 ex
485 2262 553 2302 ipsa
567 2262 620 2293 hec
635 2261 737 2300 magis
749 2260 849 2291 vetis?
865 2261 971 2292 Boecl.
994 2261 1066 2292 Hoc
1081 2260 1186 2292 malim
1202 2259 1320 2292 Guelf.
1339 2263 1368 2291 l.
1391 2260 1424 2290 id
1441 2260 1473 2290 in
1491 2260 1567 2290 loco
1584 2258 1705 2289 deraso
1722 2266 1785 2298 pro

332 2306 397 2336 hoec
414 2304 528 2336 Guelf.
545 2306 662 2336 2.-25
688 2302 850 2334 Meliores
866 2309 900 2335 et
917 2304 1031 2344 plures
1045 2304 1153 2335 nostri
1170 2304 1306 2334 meliore
1321 2303 1440 2334 ordine
1455 2302 1488 2333 in
1503 2311 1550 2332 me
1563 2311 1654 2332 nunc.
1680 2300 1784 2332 Bent.

333 2353 370 2379 et
387 2348 435 2378 sic
451 2357 565 2378 omnes
583 2347 666 2379 Mss.
683 2346 772 2384 apud
790 2346 899 2378 Boecl.
933 2347 967 2377 in
988 2356 1035 2377 me
1059 2347 1165 2386 iniqua
1190 2356 1270 2377 nunc
1294 2349 1339 2377 est
1363 2345 1553 2376 Rom—26
1577 2342 1786 2375 Collocanda

335 2396 413 2422 sunt
428 2390 545 2427 verba,
569 2394 607 2420 ut
629 2389 662 2419 in
689 2389 787 2419 Beni.
803 2390 882 2420 Vat.
901 2389 980 2420 Bas.
996 2398 1036 2420 ac
1052 2389 1146 2420 Vict.
1163 2394 1198 2420 et
1221 2389 1372 2427 Donato,
1397 2388 1506 2427 Neque
1530 2395 1598 2417 mea
1617 2386 1706 2426 culpa
1728 2385 1785 2416 hoc

334 2434 499 2464 discidium
514 2432 662 2471 evenisse,
685 2432 717 2462 id
732 2434 829 2462 testor
842 2433 924 2462 deos.
952 2432 1010 2462 Fa.
1054 2432 1125 2471 Sic,
1149 2441 1215 2462 uno
1233 2436 1390 2470 excepto,
1410 2430 1518 2460 nostri
1535 2438 1661 2460 omnes·
1686 2428 1785 2459 Bent.

337 2476 429 2507 Olim
454 2476 534 2513 fuit,
557 2479 595 2505 ut
622 2474 770 2509 videtur,
792 2475 881 2514 culpa
905 2474 962 2504 hoc
986 2474 1121 2505 evenisse
1146 2474 1402 2504 dissidium—27
1427 2471 1595 2503 Addimus
1611 2481 1653 2502 ex
1669 2479 1701 2500 ο.
1718 2471 1742 2500 l.
1759 2479 1786 2501 s.

337 2519 473 2550 verbum
489 2528 565 2556 esse,
589 2517 652 2548 hoc
668 2516 781 2555 modo,
795 2526 860 2548 sese
874 2527 949 2556 esse,
973 2521 1056 2547 utet
1075 2517 1226 2557 postulat
1244 2525 1371 2546 versus.
1395 2524 1475 2545 sane
1490 2514 1524 2544 in
1538 2515 1634 2545 ssem.
1649 2513 1788 2552 legitur,

337 2571 403 2602 quoe
415 2562 582 2596 concedat;
598 2560 678 2590 lIcet
694 2562 730 2590 et
745 2558 778 2589 in
795 2569 835 2591 eo
853 2569 988 2600 quoque
1005 2558 1089 2590 libro
1103 2560 1195 2599 prius
1211 2564 1302 2589 esset
1318 2558 1390 2594 cui;
1407 2557 1467 2588 sed
1483 2566 1551 2596 quoe
1567 2556 1668 2587 etiam
1682 2555 1787 2586 Ubal-

339 2604 417 2634 diuo
435 2602 633 2633 Bandinello
649 2602 822 2643 placebat.
845 2611 905 2632 nos
925 2606 1036 2632 tamen
1054 2602 1226 2642 antiquam
1243 2601 1426 2631 lectionem
1442 2609 1505 2630 non
1523 2603 1702 2629 mutamus.
1726 2597 1788 2629 Fa.

339 2645 458 2677 Nostri
482 2645 635 2685 plerique
659 2654 723 2675 sese
738 2654 810 2675 esse.
854 2645 950 2676 Unus
967 2649 1079 2674 tamen
1097 2643 1324 2675 Academicus
1340 2653 1403 2673 non
1419 2642 1521 2673 habet
1535 2651 1610 2673 sese.
1656 2640 1751 2671 Unus
1767 2648 1787 2670 e

340 2688 546 2725 Meadianis,
569 2686 622 2717 Set
648 2688 767 2726 quando
781 2697 844 2718 esse
859 2687 1020 2726 indignam
1033 2697 1066 2718 se
1080 2688 1148 2727 dep.
1196 2686 1233 2717 ln
1249 2686 1358 2716 altero
1376 2694 1474 2715 versu
1490 2693 1550 2724 pro
1569 2683 1630 2715 Cui
1650 2681 1788 2714 Bembi-

339 2740 403 2763 nus
425 2740 444 2761 a
469 2739 569 2760 manu
595 2729 746 2760 secunda
770 2730 858 2765 φησι».
904 2731 993 2771 Lege
1010 2734 1046 2761 et
1061 2729 1247 2770 distingue,
1269 2728 1325 2760 Set
1338 2729 1457 2771 quando
1471 2737 1534 2760 esse
1547 2727 1711 2767 indignam
1724 2733 1790 2757 seu
