1966 3302
440 246 858 276 HuAU'roNTmoR.
893 247 1000 278 AOT.
1029 246 1077 276 ιι.
1113 247 1179 277 sc.
1205 247 1276 277 111.
1508 238 1592 279 579

142 341 283 383 Tuam
305 340 496 382 amicam
516 341 649 394 hujus
669 355 780 383 esse.
842 340 979 382 CmT.
1011 341 1224 383 Pulchre:
1258 341 1367 383 cedo
1396 342 1499 395 quid
1521 342 1591 383 hic

312 409 445 450 faciet
466 422 545 448 sua
558 410 577 449 ’ἰ

142 474 214 516 An
234 489 290 517 ea
311 488 483 529 quoque
496 475 664 517 dicetur
679 475 825 529 hujus,
840 476 877 515 si
893 489 978 516 una
992 477 1089 517 haec
1106 476 1308 517 dedecori
1328 481 1392 517 est
1409 480 1591 530 parum?

144 542 227 583 SY.
258 542 401 583 Immo
424 542 480 583 ad
502 547 622 584 tuam
648 551 830 583 matrem
865 543 1121 584 abducetur.
1184 542 1321 584 Cffl'r.
1367 543 1488 594 Quid
1510 546 1593 585 eo?

314 610 398 651 SY.
429 608 716 662 Longum'st,
737 608 952 663 Clitipho,

145 676 194 717 Si
232 678 311 718 tibi
345 690 528 718 narrem.
590 677 894 727 Quamobrem
928 677 974 718 id
1013 677 1193 728 faciam,
1213 691 1320 719 vera
1342 691 1480 719 causa
1512 685 1594 719 cst.

315 743 449 785 CLIT.
483 745 667 786 Fabulae
686 745 695 785 !
1540 749 1599 788 95

145 810 269 852 Nihil
290 812 399 853 satis
419 812 530 853 firmi
551 813 694 862 video,
716 813 997 866 quamobrem
1019 813 1224 868 accipere
1252 814 1363 855 hunc
1392 815 1497 856 mihi
1520 828 1596 856 ex-

312 890 461 943 pediat
480 896 662 933 metum.

144 958 228 1000 SY.
260 957 410 999 Mane.
471 958 633 1000 Habeo
671 957 805 1008 aliud,
846 959 884 999 si
921 957 1041 999 istud
1082 959 1270 1009 metuis;
1313 959 1430 1012 quod
1465 960 1595 1001 ambo

312 1025 615 1067 confiteamini

145 1094 248 1135 Sine
284 1094 451 1147 periclo
489 1107 601 1135 esse.
663 1094 804 1135 Cnl'r.
857 1093 1145 1148 Huiusmodi,
1183 1093 1386 1143 obsecro,
1429 1095 1598 1148 aliquid

314 1162 468 1214 reperi.
529 1162 613 1202 SY.
647 1161 874 1202 Maxume.

149 1229 228 1270 [bo
263 1230 437 1270 obviam
475 1229 605 1271 hinc:
636 1229 782 1270 dicam
819 1232 866 1269 ut
899 1233 1172 1269 revortantur
1201 1228 1398 1269 domum.
1461 1229 1596 1270 Cur„

316 1296 462 1338 Hem!

143 1416 228 1447 istud
242 1420 328 1448 tuum
343 1416 524 1450 consilinm?
560 1418 620 1449 SY.
641 1418 810 1455 Fingemus
825 1417 1013 1449 Bacchidem
1029 1426 1094 1448 esse
1109 1416 1238 1447 amicam
1257 1417 1384 1447 Clinice.
1425 1416 1485 1447 CL.
1510 1417 1599 1448 Belle

143 1459 232 1491 dicis.
278 1460 363 1496 Quid
376 1471 448 1491 vero
464 1462 511 1492 rei
525 1465 597 1500 aget
615 1461 663 1491 hic
678 1459 867 1500 Antiphila?
912 1460 963 1490 Au
988 1471 1023 1490 ea
1046 1470 1162 1500 quoque
1184 1460 1304 1490 dicetur
1326 1469 1390 1490 esse
1416 1460 1513 1490 nmz'cu
1535 1461 1599 1490 Cli-

143 1501 215 1538 nioe,
237 1502 267 1533 si
290 1503 354 1534 lm’c
377 1514 438 1534 una
464 1515 525 1534 non
549 1504 627 1535 sutis
645 1503 740 1544 cffvt
761 1504 790 1534 ei
814 1503 981 1540 dedecoris,
1004 1506 1032 1532 et
1054 1504 1156 1541 magis
1175 1503 1260 1533 decet
1281 1512 1348 1532 eum
1367 1502 1475 1533 habere
1501 1501 1599 1534 duas?

144 1545 206 1576 SY.
229 1545 293 1577 Sed
314 1547 442 1577 ducetur
462 1546 628 1587 Antiphila
651 1548 691 1577 ud
718 1547 894 1577 Sostratum
916 1549 1045 1576 matrem
1068 1549 1172 1581 tuum;
1193 1555 1253 1575 non
1269 1545 1318 1575 hic
1332 1545 1478 1576 manebit.
1525 1546 1599 1576 CLI.

147 1587 232 1623 Quid
241 1592 317 1624 tum,
325 1590 352 1619 si
363 1590 403 1620 ad
416 1589 589 1620 Sostratam
603 1593 731 1620 matrem
744 1587 897 1621 ducetur?
922 1589 985 1619 SY.
1008 1589 1036 1618 Ο
1057 1588 1205 1628 Clitipho,
1221 1588 1375 1627 prolixior
1386 1598 1484 1619 sermo
1499 1592 1557 1626 est,
1572 1589 1600 1619 si

142 1631 219 1661 mila·
231 1632 391 1662 dicendum
401 1632 443 1663 sit
460 1632 528 1670 tibi,
541 1642 595 1662 cur
610 1633 788 1670 idfacz'am:
803 1642 863 1662 uon
883 1631 1041 1669 sinejitsta
1056 1641 1148 1660 causa
1164 1632 1273 1661 suadeo
1284 1634 1317 1660 ut
1327 1631 1489 1671 Antiphila
1506 1633 1599 1661 dedu—

144 1677 231 1703 catur
246 1675 286 1704 ud
300 1678 429 1705 matrem
443 1678 539 1706 tuam.
586 1675 662 1706 CLI.
687 1674 767 1705 Sunt
787 1684 900 1713 uugoe3
922 1673 1001 1704 nihil
1022 1674 1130 1704 stabile
1144 1673 1222 1703 satis
1237 1674 1270 1703 in
1290 1676 1342 1703 tuo
1358 1674 1485 1703 consilio
1502 1674 1598 1713 video,

140 1719 268 1756 propter
291 1718 368 1756 quod
388 1718 430 1748 sit
455 1717 533 1748 milvi
555 1718 631 1748 utile
652 1718 729 1748 hunc
755 1718 896 1748 timorem
917 1716 1030 1754 subire,
1052 1719 1087 1746 ut
1106 1717 1206 1746 amica
1225 1726 1291 1747 mea
1311 1716 1354 1746 sit
1369 1718 1449 1756 apud
1466 1721 1598 1756 patrem.

143 1758 205 1790 SY.
230 1759 339 1797 Mane,
355 1760 428 1790 andi
444 1761 521 1800 quod
536 1760 679 1791 dicturus
699 1771 780 1799 sum,
802 1760 864 1790 scio
880 1760 964 1790 aliud
979 1759 1150 1799 consilium,
1168 1759 1195 1789 si
1211 1759 1295 1789 istud
1308 1759 1416 1796 times‚·
1439 1761 1519 1798 quod
1533 1761 1600 1800 qui-

144 1802 212 1832 dem
227 1801 313 1832 umbo
328 1803 533 1844 confiteamini
548 1813 658 1843 empers
673 1813 736 1834 esse
758 1803 899 1843 periculi.
945 1802 1022 1833 CLI.
1051 1802 1150 1840 Rogo,
1172 1803 1317 1839 excogita
1340 1802 1402 1833 tale
1427 1803 1600 1837 consilinm,

144 1845 233 1883 quale
245 1845 334 1876 dicis.
378 1846 440 1877 Sv.
465 1845 707 1878 Libentissime.-
729 1845 778 1877 ibo
793 1845 913 1876 obvium
928 1844 991 1876 illis
1005 1844 1204 1876 mulieribus.-
1226 1845 1326 1875 dicam
1343 1845 1387 1876 eis
1409 1849 1444 1876 ut
1463 1845 1497 1876 iu
1520 1847 1600 1876 oedes

755 1967 989 1980 ooeoaeneeeoe

144 2031 244 2062 Bodl.
256 2032 365 2071 Hujus
377 2041 441 2064 esse
456 2033 600 2072 amicam,
617 2043 659 2064 ex
675 2034 800 2074 glossa.
830 2034 928 2065 West.
973 2034 982 2051 ‘
1001 2033 1098 2063 Tuam
1114 2032 1245 2063 amicam
1262 2031 1353 2070 hujus
1370 2039 1435 2062 esse
1451 2030 1597 2061 amicam.

145 2073 261 2115 Aliqui
278 2075 361 2106 libb.
379 2085 444 2106 non
471 2076 597 2107 habent
619 2077 762 2116 amicum,
789 2076 854 2107 nisi
877 2077 982 2107 semel
1007 2076 1039 2106 in
1056 2076 1224 2115 principio
1243 2086 1250 2103 ε
1276 2084 1350 2114 quae
1375 2073 1548 2113 geminata
1566 2078 1600 2104 et

145 2116 323 2156 superfluit
337 2119 461 2156 sensui,
486 2123 522 2150 et
545 2119 689 2159 impedit
714 2119 872 2149 versum!
888 2120 948 2150 Fa.
995 2119 1004 2135 ‘
1018 2118 1129 2150 Abest
1143 2116 1305 2156 [amicam]
1325 2117 1366 2147 ab
1384 2126 1449 2147 uno
1466 2126 1507 2146 ex
1525 2126 1599 2145 nos-

146 2161 208 2190 tris
222 2166 258 2190 et
273 2160 317 2191 ab
338 2160 418 2192 edd.
442 2160 541 2192 vett.’
565 2162 663 2193 Bent.
709 2163 794 2196 Quid
819 2162 868 2193 lzic
882 2171 969 2192 suam
993 2161 1129 2201 prosae.
1144 2170 1201 2191 sua
1225 2159 1342 2191 Guelf.
1367 2162 1485 2190 2.-93
1512 2159 1600 2189 Eune

144 2212 258 2243 quoque
279 2203 469 2235 Bothe—94
494 2203 588 2234 Libri
611 2203 751 2245 qnidam
775 2204 895 2244 scripti
922 2210 957 2234 et
984 2203 1152 2244 impressi,
1175 2204 1350 2233 deducetur.
1391 2203 1498 2233 West.
1544 2201 1600 2232 Ita

145 2253 280 2286 quoque
296 2246 478 2286 legendum
493 2250 610 2277 monet
635 2247 738 2278 Bent.
785 2246 929 2278 Bothius
954 2246 1072 2285 habet,
1096 2246 1195 2276 Immo
1209 2247 1248 2276 ad
1266 2249 1394 2276 matrem
1419 2246 1597 2275 deducetur.

144 2290 228 2318 —05
253 2288 398 2319 Secutus
414 2299 486 2320 sum
504 2289 757 2320 distinctionem
774 2290 813 2320 F.
837 2289 996 2320 Fabricii.
1013 2289 1118 2328 Vulg.
1138 2289 1176 2318 C.
1203 2287 1241 2319 Si
1257 2288 1314 2319 tibi
1338 2298 1472 2323 narrem,
1496 2297 1600 2327 quam-

145 2330 248 2361 obrem
261 2332 296 2361 id
312 2331 450 2368 faciam:
474 2342 549 2363 vera
577 2341 669 2362 causa
694 2335 751 2363 est.
776 2333 884 2363 VVest.
928 2332 1113 2372 Vulgatam
1137 2331 1393 2362 distinctionem
1412 2334 1600 2370 sequuntur

144 2373 246 2404 Bent.
262 2374 341 2414 Bip.
363 2375 452 2406 Perl.
470 2375 509 2406 Z.
535 2375 723 2406 Rom—97
739 2375 843 2406 Bent.
860 2375 1009 2415 reponit,
1030 2376 1057 2405 sz'
1071 2377 1129 2405 iste
1145 2377 1190 2404 est
1213 2377 1331 2404 metus.-
1357 2372 1494 2409 frustra,
1509 2381 1600 2403 cens.

145 2416 311 2457 Bip.—9s
336 2417 420 2447 Mss.
443 2418 601 2458 plusculi,
629 2418 821 2457 Istiusmodi,
838 2427 950 2458 quoeso.
974 2418 1083 2448 West.
1129 2417 1137 2433 ‘
1152 2417 1253 2455 Vulg.
1277 2416 1462 2455 hujusmodi,
1484 2415 1599 2445 invitis

145 2460 270 2490 nostris
299 2459 456 2490 omnibus
489 2465 524 2491 et
555 2460 863 2498 Lindenbrogiano,
892 2460 960 2501 qui,
984 2460 1176 2498 istiusmodi,
1206 2459 1297 2499 quod
1336 2458 1603 2494 contemnentis,

146 2501 299 2543 adeoque
316 2504 429 2532 verius
439 2502 471 2533 h.
485 2504 507 2534 1.
535 2503 657 2533 Versui
672 2503 838 2534 timebant
853 2502 1006 2534 librarii!
1018 2503 1114 2533 Both.
1131 2503 1140 2519 ‘
1155 2503 1235 2532 Par.
1252 2512 1302 2542 pr.
1315 2511 1387 2532 var.
1401 2500 1600 2531 istiusmodi!

144 2542 329 2576 Fert—99
352 2545 436 2575 Mss.
467 2545 602 2586 quidam
628 2550 662 2576 et
688 2545 772 2577 editi
791 2550 925 2576 veteres
948 2544 1093 2577 fortasse
1121 2544 1259 2584 rectius,
1278 2545 1306 2575 I.
1323 2555 1351 2574 ο.
1367 2544 1425 2574 his.
1449 2543 1598 2576 Quidam

146 2586 176 2618 I.
202 2597 230 2619 ο.
257 2587 349 2618 huic.-
372 2588 472 2618 dicam
494 2598 526 2619 u.
551 2591 728 2619 revertatur
745 2590 776 2619 d.
800 2588 910 2620 west.
956 2590 964 2605 ‘
984 2588 1072 2619 Hinc
1096 2588 1250 2627 ineptum
1275 2588 1330 2618 hic
1353 2592 1426 2617 est:
1453 2587 1540 2616 unde
1566 2587 1600 2617 in

147 2639 212 2661 uno
237 2639 280 2660 ex
303 2630 440 2670 nostris,
458 2634 493 2661 et
521 2630 554 2660 in
579 2630 658 2662 edd.
689 2635 774 2662 vett.
800 2636 854 2662 est
877 2631 936 2662 Izz's.
982 2631 1050 2662 Sed
1068 2631 1177 2661 adhuc
1201 2631 1308 2669 magis
1336 2630 1490 2669 ineptum
1516 2627 1598 2659 illud

145 2676 352 2703 revertantur.
402 2673 542 2713 Repone
567 2673 596 2704 Ι.
613 2683 641 2704 ο.
663 2673 759 2710 huic‚·
781 2674 813 2704 d.
829 2684 861 2705 u.
886 2677 1064 2704 reum-tatur
1083 2675 1114 2704 d.
1140 2673 1218 2703 Hoc
1236 2672 1439 2713 jamdudum
1465 2681 1600 2702 correx-

147 2725 262 2746 eram:
285 2725 374 2746 nunc
391 2720 503 2746 autem
528 2716 562 2746 in
580 2716 688 2747 altero
704 2726 744 2746 ex
761 2716 955 2747 Meadianis
976 2717 1066 2746 clare
1091 2720 1125 2747 et
1143 2716 1214 2746 sine
1239 2716 1344 2746 litura
1369 2715 1417 2746 sic
1434 2714 1599 2752 scriptum

147 2757 305 2798 reperio?
326 2759 422 2790 Bent.
444 2761 452 2776 ⁶
470 2759 673 2790 Rectissime
686 2759 789 2791 Bent.
807 2769 824 2790 e
841 2759 926 2790 Mss.
942 2759 1026 2799 legit
1042 2759 1071 2789 Ι.
1087 2769 1114 2790 ο.
1126 2758 1278 2798 huic‚i.e.
1291 2756 1482 2789 Bacchidi)
1497 2756 1539 2787 R.
1553 2756 1598 2788 D,
