1966 3302
294 243 380 286 738
790 251 829 279 P.
862 246 1105 279 TERuN'rn
1140 246 1256 276 arm

297 350 382 391 ΞΥ.
413 348 558 391 Rideo
595 348 736 387 hunc:
787 345 975 398 primum
1011 342 1074 384 ait
1108 355 1155 383 se
1192 340 1330 382 scire:
1377 339 1416 380 is
1450 336 1575 379 solus
1611 333 1753 376 nescit

471 416 632 458 omnia.

297 486 391 527 DE.
424 484 556 525 Nunc
574 481 732 523 redeo:
765 479 804 520 si
824 479 934 521 forte
957 479 1092 519 frater
1111 476 1304 526 redierit,
1327 475 1440 516 viso.
1501 471 1585 514 CT.
1607 470 1731 524 Syre,

298 552 510 600 Obsecro,
528 549 645 599 vide,
676 561 732 589 ne
762 547 836 588 ille
865 546 951 588 huc
985 558 1166 606 prorsus
1196 557 1244 586 se
1279 543 1432 584 irruat.
1491 541 1575 582 SY.
1606 539 1752 580 Etiam

470 618 623 661 taces?
1022 604 1062 613 “”
1698 606 1754 647 11

299 688 395 742 Ego
418 687 606 729 cavebo,
665 684 749 726 CT.
781 682 1023 737 Nunquam
1043 680 1186 723 hercle
1212 678 1346 721 hodie
1380 689 1462 731 ego
1490 676 1604 718 istuc
1636 687 1754 716 com-

470 754 642 794 mittam
664 751 744 793 tibi
762 764 774 802 ;

299 823 421 866 Nam
441 834 510 862 me
537 821 629 875 jam
661 819 708 860 in
741 818 899 860 cellam
928 817 1126 870 aliquam
1150 828 1252 858 cum
1284 815 1359 856 illa
1386 811 1677 855 concludam:
1707 808 1756 851 id

470 888 738 930 tutissimum
762 886 828 927 'st.

301 959 387 1000 SY.
418 955 534 1009 Age,
555 960 703 996 tamen
724 967 806 1007 ego
824 953 939 994 hunc
960 952 1192 994 amovebo.
1253 950 1343 992 DE.
1375 948 1464 990 Sed
1484 960 1641 989 eccum
1662 958 1758 988 sce-

474 1024 659 1077 lem-Qum
680 1021 865 1075 Syrum!
1517 1015 1547 1022 ““
1710 1006 1719 1009 ”

302 1094 386 1135 SY.
421 1092 538 1141 Non,
566 1090 731 1140 hercle,
754 1081 836 1130 'liic
867 1087 1043 1142 quidem
1066 1087 1221 1128 durare
1242 1085 1492 1139 quisquam,
1526 1082 1567 1124 si
1589 1082 1662 1148 gif
1692 1080 1757 1130 fit,

474 1160 639 1212 potest.
845 1172 897 1214 Α,
1702 1148 1760 1189 15

304 1226 426 1268 Scire
448 1224 651 1279 equidem
674 1223 793 1274 volo,
824 1215 932 1277 qu'ot
965 1222 1071 1263 mihi
1106 1221 1191 1263 sint
1223 1220 1418 1262 domini:
1451 1231 1552 1274 quae
1573 1217 1673 1260 haec
1693 1219 1761 1257 est

476 1293 689 1333 miseria?
748 1339 770 1346 „

304 1362 396 1404 DE.
433 1360 557 1411 Quid
589 1360 662 1400 ille
683 1358 865 1412 gannit?
900 1356 1004 1412 quid
1027 1356 1152 1398 volt?
1185 1355 1289 1410 quid
1312 1355 1396 1406 ais,
1424 1355 1540 1395 bone
1558 1354 1659 1396 vir?
1692 1356 1762 1395 est

353 1437 357 1439 ’
473 1428 610 1470 frater
631 1426 783 1467 domi‘?

304 1540 399 1570 Hunc
414 1538 567 1569 hominem
582 1537 712 1568 ridiculo
739 1537 833 1568 habeo
846 1547 855 1567 .·
877 1537 1012 1577 affirmat
1024 1545 1056 1567 se
1070 1535 1151 1567 scire
1163 1535 1310 1576 primum,
1324 1543 1393 1565 cum
1407 1533 1488 1565 solus
1504 1532 1606 1564 omnia
1626 1532 1762 1572 ignoret.

306 1584 400 1614 Nunc
415 1585 555 1612 revertor
571 1581 693 1611 visurus
715 1580 742 1610 si
754 1579 862 1616 frater
877 1580 965 1617 sorte
990 1577 1255 1616 ret-ersusfuerit.
1301 1577 1361 1609 CT.
1386 1576 1479 1617 Syre,
1494 1586 1579 1616 cave,
1590 1585 1710 1616 precor,
1725 1585 1763 1606 ne

300 1629 393 1666 pater
408 1626 465 1656 Ιιιιε
477 1628 561 1654 recta
576 1633 700 1664 prorsus
715 1632 782 1654 cum
795 1623 913 1663 impetu
929 1632 960 1652 se
974 1622 1104 1660 inferat.
1150 1623 1210 1652 SY.
1234 1621 1361 1659 Taceas,
1373 1629 1428 1659 ego
1440 1619 1559 1650 cavelm.
1603 1618 1669 1651 CT.
1695 1617 1762 1650 Per

308 1669 475 1699 Herculem
491 1667 615 1697 minime
640 1666 730 1697 hodie
753 1665 831 1696 hanc
857 1675 921 1695 rem
935 1664 1212 1696 administrandam
1228 1664 1285 1694 tibi
1302 1663 1451 1694 mandabo
1465 1673 1475 1693 .·
1497 1671 1570 1692 nam
1585 1661 1655 1700 jam
1670 1672 1717 1693 me
1729 1661 1764 1692 in

303 1712 379 1742 cella
404 1710 521 1750 atiqua,
536 1719 604 1740 cum
629 1709 686 1739 illa
703 1710 805 1749 puella
820 1709 992 1739 conclusum
1007 1708 1182 1738 occultabo.-
1207 1707 1237 1737 id
1253 1706 1442 1738 tutissimum
1457 1708 1514 1737 est.
1560 1705 1620 1736 SY.
1645 1704 1712 1736 Fac
1726 1707 1763 1735 ut

303 1755 439 1791 videtur,
455 1757 557 1784 tamen
574 1753 652 1783 hunc
668 1752 807 1782 «moliar.
853 1751 922 1781 DE.
946 1751 1009 1781 Sed
1025 1761 1091 1781 ecce
1104 1750 1306 1791 flagitiosum
1331 1749 1458 1789 Syrum.
1498 1749 1560 1779 SY.
1583 1747 1649 1778 Per
1674 1746 1761 1778 Her-

305 1798 402 1828 culem
417 1797 520 1827 nullus
531 1796 692 1836 quisquam
705 1795 754 1825 hic
767 1803 957 1833 permanere,
967 1794 995 1824 si
1009 1793 1054 1824 ita
1070 1793 1215 1834 consuefit
1231 1792 1297 1831 agi,
1312 1792 1429 1822 diutius
1441 1794 1551 1831 potest.
1587 1789 1681 1821 Certe
1695 1791 1762 1820 volo

305 1839 515 1880 certior-fieri,
531 1842 602 1879 quot
618 1837 756 1868 dominos
770 1837 884 1867 habeo:
898 1847 966 1876 quoe
983 1840 1027 1867 est
1038 1837 1102 1867 leoec
1118 1836 1309 1874 inj'elicz'tas?
1352 1835 1421 1865 DE.
1449 1834 1533 1868 Quid
1549 1833 1601 1863 ille
1613 1833 1768 1871 ganniens

307 1883 407 1914 dicit?
429 1882 502 1922 quid
515 1880 641 1921 garrit!
666 1880 741 1921 quid
754 1880 812 1911 tihi
825 1883 883 1921 est,
901 1880 975 1911 bone
987 1877 1063 1911 vir?
1085 1878 1285 1916 estnefrater
1299 1876 1405 1908 domi?
1443 1878 1504 1907 SY.
1531 1875 1616 1911 Quid
1631 1879 1676 1916 tu,
1684 1875 1763 1916 proh

922 1971 1158 1986 oeteneeeaeaee

309 2032 341 2074 p.
358 2042 429 2064 var.
453 2035 553 2073 porto.
600 2030 711 2062 Abest
728 2030 774 2072 fit
797 2039 816 2060 a
832 2028 946 2061 Guelf.
961 2031 992 2059 2.
1019 2028 1169 2059 Perl.—-9
1193 2025 1384 2066 Distinguit
1401 2025 1571 2066 Guyetus‚
1585 2034 1619 2056 se
1632 2025 1722 2065 scire,
1738 2025 1766 2056 is

306 2075 386 2107 solus
401 2075 510 2114 nescit,
527 2075 638 2105 omnia.
683 2074 822 2104 Scilicet
844 2073 922 2114 quia
947 2071 1084 2102 dixerat
1107 2071 1240 2101 Demea
1272 2069 1428 2100 ‘Primus
1455 2068 1603 2099 rescisco
1629 2067 1764 2100 omnia.’

308 2119 418 2160 quue
434 2118 577 2149 miratur
590 2117 747 2157 Guyetus
765 2125 830 2146 non
848 2115 1048 2146 observasse
1064 2113 1248 2144 Donatum.
1294 2113 1420 2143 Mirum
1438 2116 1552 2142 autem
1568 2120 1636 2141 non
1651 2111 1766 2142 obser-

308 2171 407 2192 vasse
425 2161 612 2201 Guyetum‚
630 2168 762 2190 omnem
779 2157 953 2198 emphasin
970 2166 1044 2188 esse
1060 2156 1092 2186 iu
1106 2157 1153 2195 τῷ
1167 2161 1174 2174 ¹
1185 2155 1297 2192 scire:
1313 2160 1348 2186 et
1362 2155 1371 2171 ‘
1383 2155 1515 2186 nescire
1525 2153 1543 2193 ς’
1559 2159 1663 2194 atque
1680 2153 1766 2185 adeo

308 2203 346 2237 τὸ
360 2207 368 2221 ⁴
381 2204 494 2235 omnia
507 2202 516 2216 '
540 2202 581 2234 ad
601 2203 692 2243 prius
711 2201 851 2233 verbum
866 2210 940 2231 esse
958 2198 1237 2230 subaudiendum.
1266 2198 1366 2230 lVest.
1415 2199 1546 2228 Demea
1562 2201 1616 2228 ter
1631 2196 1767 2228 dixerat

309 2247 430 2279 eodem
459 2251 616 2282 accentu,
644 2244 802 2276 ‘Primus
832 2244 964 2283 seutio‚'
989 2244 997 2259 ‘
1018 2242 1153 2273 Primus
1179 2240 1350 2277 rescisco,'
1384 2243 1392 2256 ¹
1411 2239 1547 2271 Primus
1578 2238 1768 2271 obnuntio.’

311 2289 401 2323 Quid
426 2289 531 2329 Syrus
546 2289 556 2319 ἓ
581 2288 726 2319 Primum
742 2288 788 2317 uit
801 2296 832 2317 se
847 2286 936 2317 scire.
982 2285 1041 2316 Ita
1056 2285 1224 2325 depressit
1241 2285 1384 2315 Primum
1408 2284 1441 2314 in
1457 2281 1578 2321 Thesi;
1601 2287 1651 2321 ut,
1675 2282 1766 2324 quod

310 2333 402 2364 elate
418 2331 598 2362 dicendum
615 2336 716 2367 esset,
736 2330 791 2360 vix
816 2333 931 2369 posset
954 2328 1119 2359 exaudiri.
1164 2327 1216 2358 Tu
1241 2337 1380 2367 repone,
1406 2327 1505 2357 Rideo
1526 2326 1628 2356 hunc.-
1649 2334 1682 2355 se
1700 2325 1768 2366 pri-

310 2385 393 2408 mum
408 2374 454 2406 ait
470 2374 565 2404 scire:
591 2373 619 2403 2'3
645 2373 727 2404 solus
753 2372 850 2403 nescit
873 2372 987 2402 omnia.
1031 2370 1099 2401 Sed
1118 2370 1231 2401 nescio
1248 2379 1290 2400 an
1306 2369 1485 2410 legendum
1503 2368 1559 2406 sit,
1584 2367 1630 2399 uit
1650 2367 1769 2408 primus

308 2419 400 2449 scire.
445 2417 626 2447 Mutarunt
652 2415 742 2446 forte
766 2415 948 2454 Magistri;
973 2423 1014 2444 ne
1031 2414 1230 2445 Soloecismo
1247 2413 1381 2445 scilicet
1397 2411 1580 2452 discipulos
1597 2410 1767 2442 insuesce-

311 2467 400 2492 rent.
424 2460 521 2492 Bene.
560 2458 602 2489 Se
615 2459 749 2499 primum
762 2459 809 2490 ait
823 2457 902 2488 scire
919 2457 979 2487 dat
996 2456 1100 2487 Both.
1136 2457 1246 2488 Notat
1261 2456 1372 2496 glossa
1388 2454 1423 2485 in
1439 2455 1499 2485 Br.
1515 2458 1594 2495 post
1613 2453 1623 2470 ‘
1635 2453 1768 2484 omnia’

310 2504 412 2536 aliter
427 2502 531 2542 pungi
548 2510 609 2541 per
631 2502 880 2539 interrog.--IO
906 2500 1018 2531 Frater
1038 2498 1126 2537 forte
1151 2499 1336 2530 Both.—ll
1363 2498 1438 2529 Non
1462 2500 1546 2528 taces
1561 2494 1678 2528 Guelf.
1694 2498 1770 2528 2.—

312 2549 352 2577 13
375 2546 451 2577 Jam
477 2545 575 2575 abest
591 2553 610 2576 a
626 2544 669 2575 G.
685 2543 777 2584 [Br.]
795 2543 866 2574 ET.
883 2543 965 2575 EM.
987 2543 1082 2573 West.
1124 2546 1132 2560 ‘
1147 2542 1274 2573 Cellam
1288 2540 1296 2554 ’
1319 2540 1374 2572 hic
1402 2540 1435 2570 iu
1457 2539 1556 2570 Thesi
1581 2538 1767 2578 delitescit,

311 2588 402 2630 quod
426 2588 570 2618 maxime
595 2585 833 2626 proferendum
851 2589 936 2616 erat.
982 2585 1104 2616 Nullus
1122 2594 1164 2615 ex
1181 2583 1354 2615 codicibus
1372 2583 1498 2614 nostris
1513 2581 1668 2622 agnoscit
1683 2581 1769 2612 illud

304 2633 386 2671 jum.
423 2631 512 2668 Lege
529 2629 650 2668 igitur:
668 2629 753 2659 Νίινη
768 2638 814 2659 me
831 2628 863 2658 in
878 2627 1018 2658 cellulam
1033 2628 1176 2668 aliquam.
1200 2627 1302 2658 Bent.
1333 2627 1409 2657 Jam
1424 2625 1548 2665 legitur
1562 2624 1595 2654 in
1612 2624 1654 2655 Β.
1671 2623 1770 2656 Both.
1823 2658 1831 2662 Ἀ

313 2674 372 2714 qui
393 2672 453 2703 dat
471 2672 553 2702 Nam
570 2681 616 2701 me
629 2671 700 2709 jam
724 2671 825 2710 aliquo
847 2670 880 2700 z'n
905 2671 1012 2700 cellam.
1026 2680 1094 2700 cum
1110 2671 1165 2701 illa
1178 2680 1206 2701 ο.
1251 2669 1443 2699 Bentleium
1461 2667 1614 2707 sequitur
1631 2666 1770 2698 Peri.—

314 2719 352 2747 15
379 2714 490 2746 Nimis
514 2716 591 2745 laxo
618 2722 717 2743 socco
745 2713 874 2743 incedit
894 2712 949 2743 hic
969 2713 1166 2744 versiculus.
1212 2712 1364 2751 Repone,
1382 2710 1452 2742 Νόη
1467 2710 1567 2740 hercle
1582 2709 1632 2739 hic
1646 2709 1768 2750 quidem

310 2758 492 2801 perdurare.
540 2756 671 2787 Nonius
699 2760 823 2792 tamen,
840 2765 870 2785 v.
887 2755 1032 2794 Durum,
1053 2757 1167 2786 durare
1180 2754 1259 2785 hinc
1275 2755 1370 2785 citat.
1394 2754 1487 2784 Bent.
1534 2752 1664 2783 Novam
1690 2753 1769 2784 sce-

313 2810 390 2833 nam
419 2800 462 2832 ab
487 2800 550 2831 hoc
580 2808 681 2830 versu
708 2798 831 2839 incipit
854 2798 1019 2838 Bip.—-16
1040 2798 1123 2829 Sunt
1148 2796 1264 2829 Guelf.
1286 2799 1402 2829 2.-17
1430 2796 1545 2827 (ὶαννὸτ
1570 2794 1639 2826 alii.
1668 2795 1768 2827 West.
