1966 3302
312 172 396 214 858
810 185 849 215 P.
883 184 1124 215 TERENTH
1158 185 1276 216 ΛΡΜ

314 276 441 319 PAM.
474 277 647 328 Quibus
667 278 742 319 iris
761 278 973 332 impulsus
993 293 1104 336 nunc
1125 280 1171 320 in
1192 281 1313 322 illam
1334 280 1510 336 iniquos
1532 282 1673 324 siem?
1705 283 1764 324 35

313 344 429 395 Quae
449 358 674 398 nun-quam
695 345 936 399 quicquam
958 359 1061 399 erga
1081 360 1152 388 me
1174 349 1429 390 commerita
1449 348 1519 399 'st,
1538 354 1681 404 pater,

313 410 445 461 Quod
465 412 622 453 nollem
639 426 651 464 3
686 417 727 453 et
749 425 884 466 saepe,
907 414 1029 466 quod
1050 414 1225 465 vellem,
1245 416 1449 458 meritam
1465 417 1577 458 scio.

312 477 532 533 Amoque,
554 486 597 521 et
616 480 767 530 laudo,
787 486 832 521 et
852 481 1131 522 vehementer
1151 482 1353 525 desidero
1371 497 1382 535 ;

314 546 432 587 Nam
453 547 591 587 fuisse
612 560 712 601 erga
731 561 800 589 me
823 549 931 590 miro
952 549 1141 602 ingenio,
1162 556 1374 604 expertus
1396 564 1493 593 sum
1511 564 1523 603 ;

312 613 476 667 Illique
496 620 675 669 exopto,
697 621 746 657 ut
764 616 974 670 reliquam
995 617 1133 658 vitam
1154 618 1301 672 exigat
1708 619 1765 660 40

314 681 428 722 Cum
449 695 502 723 eo
525 683 635 734 viro,
655 697 723 724 me
745 685 820 737 qui
843 684 899 724 sit
917 684 1203 736 fortunatior;

313 748 685 803 Quandoquidem
704 751 823 792 illam
845 765 871 793 a
891 765 961 793 me
984 752 1188 794 distrahit
1209 754 1464 795 necessitas.
1698 726 1752 786 *i*

312 815 461 858 Pam.
492 817 595 859 Tibi
616 819 661 860 id
683 820 728 860 in
749 833 880 861 manu
901 824 982 871 est,
1002 835 1055 862 ne
1073 821 1165 862 fiat.
1224 822 1311 863 LA.
1343 821 1392 862 Si
1413 835 1548 863 sanus
1569 824 1676 873 sies,
1728 788 1736 819 ξ

311 883 341 925 J
345 885 430 927 ube
450 886 574 927 illam
595 887 747 928 redire.
808 888 938 930 PAM.
972 889 1076 931 Non
1097 894 1166 931 est
1185 889 1432 940 consilium,
1452 894 1592 944 pater.

313 951 474 994 Matris
494 955 668 996 servibo
690 956 951 997 commodis.
1012 956 1099 997 LA.
1131 955 1235 1007 Quo
1257 956 1386 997 abis?
1416 970 1565 1010 mane3
1706 959 1766 999 45

312 1019 464 1072 Mane,
494 1023 701 1076 inquam:
734 1037 822 1078 quo
859 1024 989 1065 abis?
1062 1024 1209 1066 PHID.
1242 1024 1358 1075 Quae
1394 1023 1492 1065 haec
1528 1029 1600 1076 est
1630 1026 1765 1079 perti-

481 1090 647 1131 nacia'?

312 1155 398 1196 LA.
429 1156 597 1208 Dixin’‚
620 1157 859 1212 Phidippe,
890 1157 1004 1200 hanc
1022 1171 1115 1199 rem
1138 1170 1252 1212 aegre
1274 1158 1466 1201 laturum
1486 1172 1582 1200 esse
1603 1160 1735 1200 eum‘?

312 1222 613 1274 Quamobrem
632 1231 674 1267 te
694 1227 893 1278 orabam,
915 1226 1054 1268 filiam
1077 1230 1126 1268 ut
1144 1227 1408 1268 remitteres.

307 1336 415 1376 pulsus
424 1345 505 1367 nunc
519 1346 566 1368 me
576 1346 652 1376 erga
666 1347 732 1369 eam
744 1337 849 1379 inique
861 1336 979 1378 agam?
994 1349 1062 1379 quoe
1075 1347 1228 1378 nunquam
1241 1338 1402 1379 quicquam
1411 1336 1487 1368 mali
1501 1345 1576 1376 erga
1584 1346 1632 1368 me
1641 1346 1768 1369 comme-

310 1379 389 1416 ruit,
413 1389 507 1419 neque
533 1380 685 1411 commisit
712 1382 792 1421 quod
817 1381 894 1412 milii
919 1382 1093 1422 displiceat,
1113 1385 1144 1413 et
1165 1391 1246 1422 soepe
1270 1382 1308 1412 de
1328 1391 1375 1411 me
1391 1381 1463 1411 bene
1479 1381 1620 1411 meritam
1641 1389 1715 1420 esse,
1737 1385 1767 1412 et

308 1422 508 1462 jrroestitz‘sse,
525 1425 604 1463 quod
617 1424 764 1463 placeret,
776 1424 809 1454 in
824 1425 970 1455 memoria
990 1425 1104 1455 habeo:
1128 1433 1266 1464 amoque,
1282 1426 1312 1455 et
1337 1424 1439 1462 laudo,
1460 1426 1491 1454 et
1512 1423 1576 1461 ejus
1596 1423 1768 1454 retinenda:

310 1465 462 1495 desiderio
488 1468 610 1497 teneor.-
632 1476 704 1497 nam
725 1467 879 1505 singulari
900 1471 932 1498 et
953 1467 1087 1508 mirifica
1109 1467 1230 1506 ingenii
1252 1465 1497 1505 mansuetudine,
1521 1469 1552 1496 et
1574 1465 1768 1505 benignitate

310 1517 387 1547 erga
414 1518 460 1539 me
488 1518 575 1539 usam
599 1519 662 1540 esse
687 1513 833 1549 expertus
853 1520 931 1550 sum,
952 1510 1058 1550 illique
1081 1519 1120 1541 ex
1144 1510 1245 1540 animo
1267 1513 1347 1550 opto,
1366 1512 1402 1540 ut
1424 1508 1556 1549 reliquos
1580 1509 1655 1539 υἱέα»
1675 1518 1769 1539 annos

312 1551 455 1581 traducat
468 1560 536 1582 cum
559 1562 592 1582 eo
609 1552 734 1588 marito,
748 1552 800 1593 qui
816 1563 862 1584 nze
876 1552 1068 1592 sitselicior,
1083 1552 1235 1593 siquidem
1249 1553 1336 1583 illam
1351 1563 1369 1583 a
1384 1561 1431 1582 me
1446 1550 1568 1582 divellit
1592 1551 1769 1587 necessitas.

311 1593 385 1623 PH.
410 1594 450 1623 In
467 1597 519 1625 tua
536 1598 692 1634 potestate
706 1599 765 1633 est,
781 1599 816 1626 ut
832 1606 893 1626 non
909 1595 1087 1626 divellatur.
1132 1596 1195 1626 LA.
1220 1595 1258 1626 Si
1272 1595 1353 1626 satis
1377 1604 1463 1625 sanoe
1486 1593 1598 1624 mentis
1613 1603 1654 1630 e3,
1663 1593 1721 1632 fac
1733 1597 1769 1624 ut

311 1637 489 1668 reducatur.
537 1638 603 1668 ΡΛ.
631 1638 701 1668 Non
716 1638 763 1669 ita
778 1639 855 1669 mihi
869 1639 1015 1679 proposui
1023 1638 1143 1676 facere,
1159 1639 1213 1669 sed
1227 1638 1332 1678 potius
1345 1636 1457 1668 matris
1472 1637 1628 1667 commoda
1641 1636 1769 1668 sectari.>

311 1678 377 1709 LA.
404 1679 473 1714 Quo
485 1679 553 1710 abis
566 1678 582 1711 ?
601 1690 701 1716 mane,
727 1691 829 1717 mane.
848 1681 986 1721 inquam,
1003 1691 1060 1721 quo
1075 1681 1166 1712 abis?
1210 1681 1281 1711 ΡΗ.
1310 1681 1389 1715 Quae
1403 1683 1449 1710 est
1464 1679 1530 1709 hoec
1545 1678 1659 1710 mentis
1673 1679 1769 1710 obsti-

312 1722 421 1752 natio?
466 1723 530 1753 LA.
554 1723 666 1753 Nonne
691 1734 763 1755 vere
788 1724 847 1754 tibi
860 1725 942 1760 dixi,
963 1724 1127 1764 Phidippe,
1143 1725 1305 1754 molestum
1327 1726 1358 1753 et
1373 1721 1574 1761 aegrumfore
1591 1722 1770 1762 Pamphilo,

312 1765 341 1795 si
365 1765 497 1797 resciret
521 1765 741 1797 Philumenam
764 1768 805 1797 ad
827 1777 880 1798 vos
895 1777 935 1797 ex
950 1767 1068 1798 aeclibus
1082 1767 1200 1797 nostris
1217 1767 1263 1797 ita
1279 1766 1474 1796 discessisse:
1495 1764 1690 1804 quamobrem
1703 1774 1723 1794 a
1739 1767 1769 1795 te

307 1808 461 1847 petebam,
485 1811 521 1839 ut
526 1808 634 1850 filiam
648 1811 688 1840 ad
704 1820 759 1840 nos
774 1811 962 1845 remitteres,
978 1813 1142 1850 antequam
1156 1810 1208 1840 ille
1223 1809 1379 1841 rediisset.
1425 1808 1495 1838 ΡΗ.
1519 1808 1583 1838 Per
1597 1807 1769 1848 Pollucem,

922 1905 979 1916 ”e
985 1904 1158 1916 wo

311 1973 396 2003 -34
420 1971 520 2002 Plane
535 1971 663 2002 insistas
679 1971 769 2012 Guy.
793 1972 803 1989 ‘
815 1981 921 2012 prave
934 1976 969 2002 et
984 1971 1176 2012 planissimo
1193 1969 1330 2001 errore?
1352 1968 1540 2001 West.-35
1565 1967 1634 2000 Hic
1650 1977 1766 2000 versus

306 2015 403 2054 justo
418 2015 552 2054 longior
568 2020 633 2053 est,
649 2019 686 2045 ut
702 2014 810 2055 quivis
835 2015 934 2045 metri
957 2017 1087 2054 peritus
1115 2013 1230 2045 statim
1253 2013 1378 2044 videat.
1421 2011 1507 2042 Inde
1524 2016 1588 2050 est,
1605 2011 1694 2052 quod
1711 2021 1768 2043 ve-

313 2058 474 2088 terrimus
491 2061 605 2087 noster
622 2067 696 2088 cuni
714 2058 820 2089 tribus
838 2057 911 2088 aliis
921 2058 1084 2096 habeant,
1096 2056 1216 2092 Quibus
1229 2056 1288 2087 iris
1301 2057 1418 2096 pulsus.
1463 2054 1541 2085 Hoc
1555 2054 1642 2084 enim
1659 2054 1768 2095 quivis

313 2105 486 2132 corrector
503 2104 651 2140 poterat.
696 2100 763 2131 Sed
781 2100 979 2138 notandum,
1003 2101 1037 2131 in
1062 2099 1282 2139 responsione
1309 2106 1444 2136 semper
1460 2096 1578 2128 eadem
1596 2097 1701 2128 verba
1714 2107 1768 2128 re-

311 2144 385 2183 peti
402 2148 436 2173 et
450 2147 596 2174 accentu
613 2151 745 2184 quoque
759 2143 891 2174 eodem.
937 2143 1016 2174 Non
1032 2142 1168 2173 credam
1182 2141 1287 2181 igitur
1301 2141 1442 2181 inpulsus
1457 2140 1506 2170 ira
1521 2140 1645 2170 mutari
1661 2140 1718 2171 hie
1734 2139 1769 2170 in

311 2187 371 2217 iris
392 2187 509 2226 pulsus.
556 2186 711 2226 Repone,
730 2186 817 2221 Quid
831 2196 888 2225 ego
902 2185 951 2217 ira
966 2186 1113 2226 impulsus
1128 2195 1207 2215 nunc
1230 2183 1265 2215 in
1290 2183 1376 2213 illam
1399 2182 1521 2223 iniquos
1546 2181 1632 2214 sim?
1666 2182 1770 2214 Bent.

316 2229 436 2265 Quibus
451 2228 510 2259 iris
524 2238 603 2259 nunc
628 2228 744 2269 iniquis
768 2229 891 2268 iniquus
912 2229 987 2260 siem
1011 2229 1113 2260 Both.
1156 2227 1263 2268 pulsus
1288 2224 1404 2258 Guelf.
1421 2228 1450 2256 l.
1492 2225 1616 2265 iniquus
1631 2224 1728 2256 abest
1750 2234 1770 2256 a

313 2271 430 2304 Guelf.
448 2274 568 2303 3.-36
593 2271 696 2306 Quam
718 2281 873 2311 nunquam
895 2280 971 2311 erga
996 2282 1042 2302 me
1069 2271 1233 2312 quidquam
1258 2268 1478 2307 commeritum,
1500 2272 1591 2307 pater
1623 2267 1771 2298 Both.—

313 2318 353 2346 37
380 2315 424 2345 Et
439 2324 521 2354 saepe
534 2315 679 2345 meritam
693 2316 770 2354 quod
782 2315 888 2345 vellem
902 2315 965 2345 scio
979 2315 1064 2345 Mss.
1079 2323 1206 2345 omnes.
1229 2313 1329 2343 Boecl.
1354 2316 1389 2341 et
1403 2311 1451 2341 sic
1469 2309 1511 2346 A,
1526 2310 1565 2347 C,
1584 2309 1643 2340 Br.
1687 2311 1769 2340 Sen-

314 2358 373 2397 tis,
386 2358 520 2397 opinor,
535 2357 642 2387 rellem
658 2358 691 2387 in
706 2358 825 2388 ultima
846 2358 934 2388 male
951 2357 1028 2388 acui
1046 2357 1079 2387 in
1097 2355 1178 2387 sede
1195 2354 1317 2385 media.
1363 2352 1548 2392 Suppetias
1563 2351 1680 2383 ferunt
1693 2361 1769 2383 nos-

314 2401 359 2431 tri
374 2405 408 2431 et
425 2400 582 2431 meliores
598 2405 633 2430 et
650 2409 790 2430 numero
807 2400 933 2440 plures,
951 2400 1040 2435 Quod
1055 2400 1214 2438 nollem,et
1231 2406 1311 2436 saepe
1326 2396 1468 2426 meritum
1484 2395 1562 2435 quod
1577 2395 1687 2426 vellem
1696 2395 1771 2426 scio.

313 2444 416 2474 Bent.
433 2452 532 2483 quem
550 2443 703 2482 sequitur
719 2442 814 2473 Perl.
834 2443 925 2478 Quod
939 2443 1059 2481 nollem,
1071 2451 1152 2481 soepe
1166 2440 1321 2478 meritam,
1332 2439 1411 2478 quod
1425 2438 1533 2468 vellem
1548 2437 1610 2467 scio
1625 2440 1655 2468 et
1667 2437 1769 2469 Both.

314 2488 399 2516 —38
425 2488 501 2516 Amo
527 2485 717 2516 vehementer
739 2486 886 2525 laudaque
902 2488 933 2516 et
947 2485 1086 2516 desidero
1112 2483 1212 2515 Both.
1257 2483 1336 2513 Amo
1352 2481 1423 2511 sine
1439 2490 1496 2520 que
1520 2479 1698 2511 He1.-40.
1726 2482 1768 2511 41

315 2528 439 2566 Emigat
451 2538 519 2558 cum
533 2538 565 2558 eo
579 2529 676 2559 vitam
690 2527 757 2558 viro
771 2527 886 2559 Guelf.
902 2531 1018 2559 3.-41
1036 2528 1085 2558 Eo
1100 2536 1168 2557 cum
1180 2524 1282 2556 Both.
1296 2523 1413 2555 tacite.
1429 2532 1497 2553 eum
1509 2532 1541 2552 eo
1553 2522 1613 2553 ΒΓ.
1625 2520 1770 2554 fortasse

314 2576 473 2610 typorum
491 2573 701 2602 errata—43
730 2571 799 2601 Tibi
814 2571 847 2601 id
861 2569 979 2601 Guelf.
996 2573 1028 2600 3.
1058 2569 1095 2600 Si
1119 2579 1212 2600 sanus
1236 2567 1315 2598 satis
1339 2567 1399 2596 sies
1422 2574 1538 2596 omnes
1554 2564 1643 2603 apud
1656 2565 1770 2612 'Boech

316 2614 415 2643 Bodl.
433 2612 534 2650 A‚.C‚
551 2618 585 2643 et
601 2618 608 2630 ‘
623 2614 666 2644 V.
686 2614 735 2644 C?
752 2614 846 2644 Lina.
861 2614 920 2644 ΒΓ.
945 2613 973 2643 si
984 2622 1076 2643 sanus
1088 2622 1118 2643 es
1133 2612 1210 2642 satis
1224 2608 1346 2640 Boend.
1363 2609 1456 2640 Junt.
1475 2607 1516 2638 B.
1535 2606 1613 2637 Hel.
1633 2616 1662 2637 ει
1677 2616 1770 2639 sanus

314 2655 393 2686 satis
409 2654 510 2685 Both.
525 2656 557 2685 in
575 2656 677 2693 notis,
693 2657 727 2686 in
745 2661 842 2687 textu
861 2656 889 2686 si
904 2665 996 2686 sanus
1009 2655 1168 2686 sies.-44
1192 2653 1285 2684 Illam
1299 2651 1429 2682 omittit
1444 2649 1631 2681 Rom—45
1659 2649 1770 2680 Consi-

316 2699 368 2727 liis
382 2696 497 2728 Guelf.
513 2700 629 2728 3.--16
655 2698 723 2733 Quo
739 2700 829 2729 vadis
845 2698 955 2729 Codd.
970 2698 1106 2739 quidam
1123 2702 1158 2728 et
1173 2695 1341 2736 impressi.
1369 2693 1554 2725 West.-—48
1580 2692 1690 2739 Tecmn
1701 2701 1770 2740 ora7

319 2741 388 2772 bam
409 2740 444 2771 in
466 2740 560 2771 libris
588 2739 785 2781 quibusdam
803 2747 867 2774 est.
896 2742 990 2773 West.
1036 2741 1131 2773 Beni.
1149 2739 1256 2781 fllium
1277 2741 1313 2769 ut
1338 2737 1521 2769 remitteres.
1544 2734 1605 2766 Fa.
1649 2734 1770 2766 Nostri
