1966 3302
309 206 395 250 818
809 216 849 245 P.
883 214 1126 244 TERENTH
1163 214 1280 245 AFR!

313 318 495 371 AEgram
517 327 618 357 esse
638 313 850 356 simulant
869 313 1113 355 mulierem.
1176 312 1345 354 Nostra
1366 311 1488 353 illico

311 386 356 429 It
376 385 521 427 visere
541 383 599 425 ad
619 395 746 424 eam:
777 381 959 424 admisit
980 393 1126 422 nemo.
1187 379 1292 421 Hoc
1315 379 1390 421 ubi
1412 392 1549 420 senex

312 452 534 501 Rescivit,
553 450 645 491 heri
664 463 721 491 ea
741 463 878 491 causa
898 463 994 490 rure
1013 449 1099 489 huc
1122 447 1302 489 advenit
1321 461 1331 488 ε
1696 446 1779 487 115

312 522 494 563 Patrem
516 517 725 560 continuo
747 517 951 559 convenit
973 516 1267 557 Philumenae.

316 589 439 641 Quid
462 587 634 641 egerint
652 587 765 628 inter
787 599 849 636 se,
869 584 1063 626 nondum
1084 585 1218 625 etiam
1241 584 1334 624 scio
1352 596 1364 634 ;

318 657 427 699 Nisi
447 668 554 697 sane
575 668 694 696 curae
713 657 795 705 est,
818 666 1032 708 quorsum
1054 655 1310 694 eventurum
1330 650 1415 692 hoc
1438 649 1536 691 siet.

316 724 475 768 Habes
496 735 672 767 omnem
691 735 808 764 rem:
837 712 1033 777 §Efg‘ffm
1056 734 1146 775 quo
1167 720 1287 774 coepi
1307 719 1391 760 hoc
1413 719 1512 760 iter.

314 795 463 838 PHIL.
496 792 555 834 Et
589 791 769 846 quidem
795 804 904 845 ego:
935 804 1035 832 nam
1070 789 1283 832 constitui
1318 802 1420 830 cum
1452 786 1646 842 quodam
1677 786 1780 828 hos-

474 860 566 915 pite
1689 855 1778 896 120

315 929 394 971 Me
414 942 517 971 esse
539 928 666 970 illum
687 931 1020 968 conventuram.
1080 926 1207 967 PAR.
1238 925 1300 967 Di
1320 927 1497 966 vortant
1516 923 1634 965 bene

316 998 454 1050 Quod
475 996 603 1051 agas!
665 995 811 1046 Pam.
842 994 976 1037 Vale.
1037 993 1162 1035 PAR.
1195 993 1255 1034 Et
1276 998 1326 1034 tu
1346 994 1457 1034 bene
1481 991 1594 1043 vale,
1629 990 1781 1033 Philo-

489 1066 614 1107 tium.

313 1166 474 1200 mulierem
487 1164 644 1197 detineri:
665 1166 774 1195 nostra
790 1163 864 1195 hera
885 1160 1030 1194 Sostrata
1044 1162 1154 1193 statim
1165 1162 1192 1193 it
1208 1171 1275 1193 eam
1289 1161 1400 1200 visum,
1414 1160 1516 1192 nullus
1535 1159 1619 1192 intro
1634 1158 1727 1191 duxit
1742 1160 1783 1191 ad

314 1210 546 1243 Philumenam.
591 1207 664 1239 Hoc
686 1210 850 1248 postquam
870 1215 966 1237 senex
988 1205 1107 1236 Laches
1121 1204 1290 1244 inaudivit,
1306 1203 1373 1237 heri
1389 1203 1426 1234 ob
1440 1204 1519 1234 hanc
1533 1212 1656 1235 causam
1671 1212 1687 1234 e
1699 1212 1782 1243 prce-

314 1255 366 1285 dio
381 1254 439 1284 huc
453 1251 613 1291 remeavit,
625 1253 747 1291 patrem
762 1249 906 1281 continuo
922 1249 1116 1280 Pliilumenae
1142 1248 1332 1289 Phidippum
1347 1246 1428 1278 adit.
1475 1247 1561 1283 Quid
1574 1244 1621 1278 rei
1636 1246 1719 1277 inter
1732 1255 1784 1277 eos

314 1301 417 1329 actum
429 1295 474 1327 sit
488 1295 588 1326 adhuc
602 1294 713 1333 ignoro
732 1303 743 1325 .·
758 1296 876 1334 praeter
894 1301 985 1333 quam
999 1293 1078 1332 quod
1098 1292 1188 1322 valde
1210 1292 1350 1322 solicitus
1371 1299 1439 1321 sum
1454 1293 1484 1321 et
1499 1299 1572 1321 curo
1585 1288 1679 1327 scire,
1694 1298 1783 1329 quem

315 1343 458 1372 eventum
481 1339 547 1369 hoec
571 1347 621 1368 res
645 1336 793 1368 habitura
817 1336 870 1368 sit.
916 1335 1011 1366 Nunc
1029 1335 1176 1375 accepisti
1200 1344 1238 1365 ex
1265 1335 1321 1365 hac
1347 1333 1541 1372 narratione,
1569 1333 1649 1372 quod
1675 1331 1784 1363 audire

311 1383 435 1425 petisti.
482 1382 656 1422 Persequar
670 1380 732 1411 iter
747 1380 901 1420 inceptum
915 1379 955 1409 ad
976 1381 1112 1419 portum.
1158 1378 1230 1409 ΡΗ.
1256 1378 1300 1408 Et
1316 1387 1391 1408 sane
1413 1386 1470 1414 ego
1485 1384 1600 1416 quoque
1611 1386 1625 1413 ,·
1646 1384 1719 1406 nam
1733 1375 1782 1405 in-

316 1427 387 1458 dixi
411 1425 535 1456 cuidam
557 1423 694 1455 amatori
717 1424 844 1454 advenae
859 1426 988 1462 tempus,
1006 1431 1064 1461 quo
1078 1422 1119 1452 ad
1133 1421 1221 1452 illum
1236 1421 1384 1452 venirem.
1430 1419 1497 1450 ΡΑ.
1522 1418 1582 1451 Dii
1595 1418 1692 1450 velint
1710 1417 1784 1449 bene

316 1469 450 1507 evenire,
474 1468 616 1506 feliciter
637 1467 756 1507 cedere,
778 1465 922 1507 quicquid
943 1467 1055 1496 actura
1082 1463 1139 1496 sis.
1199 1463 1272 1495 PH.
1308 1464 1394 1496 Vale.
1438 1462 1507 1494 ΡΛ.
1533 1463 1579 1493 Et
1610 1464 1646 1493 lu
1666 1470 1783 1502 quoque

318 1511 505 1545 Philotium.

934 1560 1058 1574 .“‘O·O‘
1063 1560 1181 1573 “1on

316 1633 384 1662 lum
406 1628 611 1660 Per1.-112
639 1626 820 1659 Accersivit
844 1635 929 1658 unus
957 1626 1028 1658 ΜΞ.
1051 1635 1070 1657 e
1093 1625 1203 1657 Boecl.
1230 1623 1383 1656 accersita
1408 1627 1456 1655 est
1482 1621 1666 1663 Argentor.
1691 1621 1783 1663 apud

318 1673 428 1705 ssoecl,
474 1671 635 1712 ‘Aliquot
651 1680 694 1701 ex
711 1669 847 1710 nostris,
860 1669 1026 1701 accersivit
1038 1679 1051 1706 ;
1074 1668 1153 1699 inde
1171 1678 1214 1699 ex
1230 1667 1412 1708 scripturae
1429 1665 1651 1698 similitudine
1666 1667 1783 1696 na'tum

316 1719 490 1749 accersunt.
536 1713 603 1745 Sed
628 1718 723 1745 recte
750 1713 817 1745 duo
845 1722 888 1744 ex
918 1712 1042 1744 nostris
1066 1710 1224 1743 accersit!
1257 1711 1358 1742 Bent.
1384 1719 1486 1752 quem
1511 1709 1667 1750 sequitur
1680 1708 1784 1739 Both.

318 1760 522 1792 Perl.-114
550 1757 660 1789 Visere
681 1766 748 1788 eam
771 1756 805 1787 in
822 1760 935 1792 textu,
960 1760 996 1787 at
1010 1756 1051 1786 ad
1065 1765 1132 1786 eam
1147 1764 1210 1795 pro
1227 1764 1298 1784 var.
1314 1754 1396 1784 lect.
1413 1754 1473 1784 ΒΥ.
1500 1752 1595 1784 citat
1618 1752 1652 1784 h.
1666 1751 1689 1782 l.
1707 1751 1784 1782 Ma-

318 1803 415 1835 crob.
439 1802 494 1843 (p.
519 1803 594 1832 744.
619 1799 673 1831 ed.
691 1798 802 1841 Lips.)
824 1799 1031 1830 Lina—115
1056 1798 1107 1829 De
1132 1808 1207 1829 rure
1231 1798 1412 1829 EP.—118
1438 1797 1532 1826 Curoe
1553 1794 1632 1826 mihi
1653 1797 1699 1825 est
1715 1794 1784 1825 duo

319 1847 404 1878 Mss.
420 1846 520 1877 Boecl.
537 1849 571 1875 et
590 1844 662 1874 ΕΡ.
677 1843 747 1874 ‘alii
764 1842 876 1874 Codd.
891 1851 977 1873 curce
991 1843 1070 1873 scire
1085 1841 1163 1872 mihi
1177 1839 1248 1872 est!
1264 1840 1373 1871 West.
1409 1839 1453 1870 Et
1469 1847 1551 1869 sane
1567 1837 1645 1868 mihi
1661 1846 1721 1877 pro
1739 1837 1784 1877 gi.

319 1890 379 1922 ΒΓ.
394 1888 473 1920 mihi
486 1888 549 1919 siet
566 1886 684 1919 Guelf.
699 1889 728 1918 2.
744 1886 800 1916 hoc
815 1885 848 1916 in
864 1885 1068 1927 quibusdam
1085 1884 1170 1915 Mss.
1186 1888 1223 1915 et
1239 1881 1412 1923 impressis
1435 1891 1502 1913 non
1518 1881 1655 1921 legitur.
1682 1880 1783 1912 West.

319 1935 428 1964 ——119
460 1932 601 1970 Pergam
623 1940 680 1969 ego
710 1927 828 1961 Guelf.
857 1931 999 1960 3.—120
1024 1927 1179 1967 Equidem
1204 1927 1264 1957 ΒΥ.
1295 1925 1457 1956 coustituit
1488 1924 1672 1956 EP.—122
1698 1923 1786 1958 Quid

320 1977 407 2008 GM.
423 1974 556 2006 vitiose.
580 1974 665 2005 Peri.
700 1973 856 2003 Parmeno
873 1976 951 2012 post
963 1971 1030 2002 vale
1047 1969 1163 2002 Guelf.
1179 1972 1212 2001 2.
1231 1969 1239 1986 ‘
1254 1969 1317 2000 Ph.
1333 1969 1407 1999 bene
1423 1968 1489 1999 vale
1503 1967 1571 2000 ΜΒ.
1589 1966 1687 2008 Lips.
1703 1969 1734 1997 et
1750 1969 1785 1997 tu

317 2019 406 2062 bene,
422 2017 595 2050 Philotium
608 2015 731 2048 Boend.
749 2015 822 2047 ΕΡ.
838 2015 871 2046 In
888 2014 961 2046 aliis
977 2018 1008 2046 et
1024 2017 1059 2046 tu
1074 2014 1148 2045 bene
1164 2014 1233 2044 vale
1251 2011 1414 2043 Philotis!
1437 2011 1546 2044 West.

740 2285 945 2328 AGTUS
979 2284 1045 2327 II.
1108 2281 1310 2325 SCENA
1347 2281 1387 2323 Ι,

783 2407 991 2438 LACHES·
1043 2403 1305 2436 SOS'PRATA
1315 2424 1324 2434 .

326 2480 414 2521 LA.
447 2479 553 2523 PRO
587 2477 733 2520 Deum
763 2480 898 2529 atque
930 2474 1156 2516 hominum
1189 2470 1347 2512 fidem!
1379 2468 1497 2524 quod
1524 2469 1610 2510 hoc
1647 2478 1784 2520 genus

496 2547 591 2588 est‘?
624 2558 724 2600 quae
745 2544 842 2585 haec
864 2547 933 2584 est
952 2541 1199 2606 conjuratio
1217 2540 1236 2580 ‘l

370 2658 432 2687 LA.
457 2656 545 2686 Proh
562 2655 679 2696 Deum,
706 2658 796 2695 atque
811 2653 968 2685 hominum
973 2652 1073 2694 fidem
1085 2651 1100 2684 l
1129 2652 1220 2692 quale
1235 2654 1279 2681 est
1296 2650 1350 2681 hoc
1362 2657 1462 2688 genus
1481 2643 1666 2678 mulierum?
1688 2643 1788 2686 qualis

936 2737 1180 2749 ‘ructet-evoe·

370 2800 384 2827 1
413 2796 459 2827 Ο.
484 2796 507 2827 l.
530 2805 557 2826 s.
582 2798 619 2825 et
647 2794 803 2825 Donatus
831 2794 980 2834 geminat
1007 2793 1144 2824 verbum
1171 2795 1229 2826 est,
1255 2801 1323 2831 quae
1349 2791 1415 2821 hoec
1430 2792 1476 2820 est
1492 2786 1675 2825 conjuratio.
1722 2785 1783 2817 Est
