1966 3302
507 219 820 253 PHORMIONIS
853 220 963 251 AcT.
986 219 1062 250 111.
1093 219 1161 250 sc.
1185 220 1238 250 11.
1514 207 1601 248 975

148 319 380 375 Numquid
400 319 471 361 hic
492 318 718 360 confecit?
781 316 915 358 PHAE.
938 315 1164 359 Hiccine‘?
1186 314 1303 370 quod
1324 313 1455 355 homo
1474 313 1601 355 inhu-

320 388 630 429 inanissimus:

148 457 429 511 Pamphilam
459 467 601 496 meam
629 452 843 495 vendidit.
903 451 994 493 GE.
1028 451 1187 503 Quid?
1220 450 1447 494 vendidit?
1509 449 1603 491 AN.

319 523 455 565 Ain’?
488 522 718 564 vendidit?
1545 518 1604 560 525

148 593 285 634 PHAE.
317 591 541 634 Vendidit.
607 591 698 633 Do.
731 588 879 641 Quam
911 587 1136 641 indignum
1167 587 1366 630 facinus!
1398 587 1607 629 ancillam

321 673 408 702 aere
429 666 590 701 emtam
613 671 709 701 suo.

147 727 285 770 PHAE.
305 727 500 782 Nequeo
522 739 722 776 exorare,
744 728 795 766 ut
813 737 884 767 me
903 729 1097 775 maneat,
1114 728 1158 767 et
1178 737 1279 766 cum
1300 724 1377 766 illo
1399 727 1449 765 ut
1465 726 1606 765 mutet

322 795 467 846 fidem,

149 863 365 906 Triduum
394 863 492 913 hoc,
524 863 630 904 dum
664 861 725 912 id,
761 861 880 916 quod
915 866 986 903 est
1032 860 1318 915 promissum,
1354 860 1410 901 ab
1451 859 1608 901 amicis

322 934 547 983 argentum
579 929 745 971 aufero.

153 999 202 1040 Si
221 1003 312 1039 tum
332 1011 420 1039 non
441 997 616 1047 dedero,
632 1010 761 1038 unam
782 1002 1000 1050 praeterea
1020 998 1173 1039 herram
1195 1010 1250 1037 ne
1271 999 1482 1051 oppertus
1505 996 1607 1037 sies.

154 1066 243 1108 Do.
275 1066 512 1108 Obtundis.
571 1065 667 1107 AN.
700 1065 841 1106 Haud
859 1065 1038 1118 longum
1058 1070 1126 1107 est
1145 1065 1206 1116 id,
1235 1065 1356 1119 quod
1377 1068 1489 1116 orat,
1512 1064 1607 1106 Do·

324 1135 415 1177 rio:
447 1139 621 1185 exoret,
644 1133 767 1176 sine:
1522 1169 1525 1171 ,
1551 1131 1610 1173 30

153 1286 191 1308 ne
215 1284 325 1316 parum
351 1278 381 1306 te
407 1275 545 1306 lenonem
571 1277 713 1316 praestes.
762 1274 853 1310 Quod
881 1284 953 1305 vero
979 1273 1137 1313 negotium
1167 1273 1217 1305 Ῐιίσ
1241 1273 1341 1305 Dorio
1359 1272 1516 1314 perfecit?
1539 1271 1613 1304 ΡΗ.

154 1319 290 1351 Hiccine
315 1318 388 1360 quid
409 1319 555 1357 gesserit,
578 1317 720 1359 qaoeris‘!
740 1320 819 1358 quod
846 1317 932 1348 homo
959 1318 1191 1349 crudelissimus
1220 1317 1317 1357 possit
1329 1317 1460 1355 facere.-
1484 1317 1615 1348 amicum

152 1371 252 1393 meam
266 1361 465 1402 Pamphilam
481 1362 629 1392 vendidit.
675 1361 741 1392 GE.
768 1360 875 1396 Quid?
898 1361 1062 1391 vendidit?
1106 1360 1174 1392 AN.
1200 1359 1315 1392 Itane?
1335 1360 1499 1391 vendidit?
1542 1359 1616 1391 ΡΗ.

159 1405 318 1436 Vendidit.
365 1406 437 1436 Do.
464 1405 565 1440 Quam
580 1405 664 1435 istud
686 1406 808 1443 grande
828 1404 924 1434 scelus
947 1408 992 1436 est
1009 1404 1139 1441 scilicet,
1160 1403 1332 1434 Dorionem
1349 1403 1524 1434 vendidisse
1550 1411 1615 1433 ser—

154 1458 237 1488 vum,
252 1458 343 1489 quam
356 1447 485 1488 pecunia
500 1457 555 1478 sua
572 1447 776 1488 acquisierit?
820 1446 892 1478 Pu.
918 1447 991 1478 Non
1007 1457 1128 1486 possum
1143 1447 1181 1477 ab
1193 1456 1225 1477 eo
1238 1447 1418 1486 impetrare,
1434 1449 1467 1476 ut
1485 1447 1538 1476 hos
1553 1449 1618 1476 tres

154 1491 222 1522 dies
237 1494 376 1532 expectet
392 1500 452 1530 me,
467 1494 499 1521 et
505 1490 605 1531 fidem
611 1491 711 1528 fallat
728 1491 884 1521 discedens
899 1500 917 1520 α
933 1491 1122 1529 venditione,
1145 1491 1218 1521 dum
1231 1490 1361 1530 pecunia
1386 1489 1464 1520 mihi
1485 1488 1524 1519 ab
1538 1489 1617 1519 ami-

153 1534 198 1565 cis
210 1538 398 1566 numeretur.
445 1533 483 1564 Si
499 1537 565 1564 tum
581 1544 640 1564 non
656 1534 766 1564 dedero
781 1543 819 1564 ne
835 1533 925 1563 unius
940 1534 1061 1574 quidem
1077 1533 1162 1563 lior-ce
1181 1533 1318 1574 spatium
1342 1533 1521 1572 opperiatur
1534 1541 1616 1572 μνω-

154 1580 252 1608 terea.
298 1578 368 1609 Do.
391 1576 531 1608 Dicendo
547 1577 639 1608 toties
651 1578 757 1608 eadem
770 1576 928 1607 cerebrum
943 1577 1065 1608 excutis
1081 1576 1169 1608 ιιιὶΙιὶ.
1214 1575 1286 1608 AN.
1310 1576 1471 1607 Modicum
1495 1578 1614 1615 tempus

763 1682 1010 1694 ‘ewam

157 1764 272 1792 vocat.
301 1759 490 1791 West.—24
517 1760 675 1801 Numquid
691 1760 741 1791 hic
755 1758 910 1798 confecit?
946 1759 1038 1790 Libri
1068 1759 1204 1800 quidam
1222 1758 1327 1789 verba
1349 1757 1424 1788 baec
1441 1757 1542 1789 Getae
1560 1758 1620 1789 tri-

157 1804 278 1834 buunt.
323 1803 442 1833 Malim
467 1808 606 1835 autem:
631 1805 715 1834 Nam
742 1804 815 1844 quid
840 1803 889 1833 hic
910 1800 1070 1841 confecit?
1096 1803 1144 1833 uti
1171 1802 1355 1833 ediderunt
1383 1800 1504 1840 Aldus,
1529 1802 1620 1834 Mur.

157 1846 332 1877 Heinsius.
364 1846 552 1877 Idam—25
591 1846 663 1877 ΕΡ.
701 1847 799 1884 Quid,
829 1845 1006 1878 Plioedria?
1036 1846 1179 1877 vendidit
1189 1848 1288 1877 ?—26
1325 1844 1374 1875 M.
1406 1848 1519 1875 emtam
1546 1854 1622 1876 meo.

158 1889 280 1920 Boend.
302 1893 339 1920 et
363 1889 436 1920 EA.
460 1889 605 1920 ancillam
620 1899 718 1920 meum
733 1893 844 1920 emtam
860 1900 922 1920 oere
947 1899 1021 1920 meo.
1046 1889 1156 1919 West.
1204 1889 1278 1919 Meo
1301 1887 1418 1919 Guelf.
1444 1891 1474 1919 l.
1501 1888 1621 1919 2.-27

162 1933 205 1963 Ut
221 1942 268 1963 me
282 1935 416 1963 maneat.
451 1932 534 1963 Mss.
552 1931 652 1963 Bodl.
677 1931 720 1963 G.
747 1933 869 1964 Boend.
895 1937 930 1963 et
954 1932 1026 1963 ΕΡ.
1053 1935 1088 1962 ut
1109 1934 1244 1962 maneat.
1269 1931 1377 1962 west.
1426 1930 1505 1961 Cum
1518 1930 1571 1961 illo
1586 1934 1622 1962 ut

158 1975 375 2017 mutetfidem.
408 1974 496 2006 Haec
513 1975 652 2016 Gnyeto
678 1985 742 2006 nec
766 1975 912 2016 OEdipus
936 1975 1111 2015 intelligit,
1125 1974 1251 2011 legenti
1269 1985 1277 2005 :
1304 1975 1429 2014 Nequeo
1445 1983 1574 2005 exorare
1587 1977 1623 2005 ut

158 2028 206 2049 me
220 2021 362 2053 maneat‚·
385 2027 419 2049 eo
432 2028 503 2048 cum
516 2021 549 2048 ut
565 2029 603 2049 ize
618 2022 715 2049 mutet
730 2018 832 2060 fidem
859 2019 1010 2049 Triduum
1032 2018 1097 2049 hoc.
1145 2017 1292 2050 Quando
1313 2021 1322 2035 ‘
1336 2027 1376 2048 eo
1401 2027 1488 2051 cum,
1515 2021 1554 2048 ut
1579 2026 1623 2048 ne

159 2065 271 2092 mutet
297 2059 419 2092 fidem'
442 2065 577 2100 noiant,
598 2065 608 2078 ‘
622 2071 662 2091 ea
690 2061 903 2100 conditione,
924 2066 964 2092 ut
991 2065 1060 2092 stet
1087 2060 1285 2102 promissis!
1331 2059 1440 2091 Addit
1457 2064 1572 2091 autem
1588 2060 1624 2090 iu

158 2104 276 2144 glossis
290 2103 427 2135 ineditis
442 2115 449 2133 ε
472 2104 481 2120 ‘
498 2104 651 2135 Primum
667 2102 706 2134 τὸ
720 2113 754 2135 eo
770 2104 803 2135 in
819 2105 873 2136 illo
886 2109 1067 2144 mutatum,
1081 2105 1183 2135 metri
1204 2103 1416 2135 sustentandi
1433 2113 1547 2134 causa.
1581 2103 1624 2133 Τὸ

159 2148 198 2179 Μ
215 2147 350 2179 enimin
364 2156 433 2178 cum
447 2146 526 2177 elidi
541 2152 720 2187 putarunt,
741 2147 832 2188 quod
850 2148 916 2187 hic,
941 2153 1027 2179 utet
1044 2148 1124 2178 alibi
1144 2152 1314 2178 servatum
1333 2150 1395 2178 est.
1443 2146 1571 2177 Postea
1585 2146 1624 2176 τὸ

158 2194 189 2222 et
202 2190 369 2228 additum,
385 2195 423 2221 et
436 2189 473 2220 τὸ
489 2200 526 2221 ne
541 2196 728 2221 exemtum.
763 2191 813 2220 Ex
832 2191 971 2231 vulgata
984 2191 1133 2222 lectione
1150 2191 1241 2221 nulla
1258 2189 1431 2220 sententia
1447 2189 1536 2220 bona
1552 2189 1625 2220 erui

160 2238 299 2274 potest;
323 2233 426 2264 immo
450 2234 623 2264 sententia
644 2233 792 2264 auctoris
817 2233 999 2265 sententiae
1027 2234 1209 2264 conti-aria.
1255 2233 1391 2263 Plirasis
1417 2238 1531 2263 autem
1555 2233 1624 2268 ina,

159 2287 230 2308 cum
244 2286 291 2316 eo,
313 2285 389 2316 quae
406 2275 588 2316 significat,
614 2286 654 2307 ea
670 2275 881 2317 conditione,
907 2277 1008 2316 vulgo
1025 2276 1157 2315 ignota,
1181 2276 1379 2307 mutationis
1405 2284 1510 2306 causa
1533 2274 1625 2307 su’rt!

161 2319 261 2350 Idem.
305 2319 345 2350 F.
370 2319 408 2350 F.
431 2319 485 2349 illo
499 2329 568 2350 cum
583 2323 619 2350 ut
634 2322 732 2350 mutet
747 2319 870 2359 fidem.-
894 2325 932 2350 ut
958 2320 1002 2350 sit
1024 2319 1214 2360 &vaarpooih
1237 2328 1278 2349 ne
1305 2328 1421 2349 versus
1438 2318 1625 2350 claudicet.

162 2362 262 2394 Idem.
308 2362 436 2402 Nequeo
451 2371 581 2393 exorare
595 2365 628 2392 ut
644 2365 778 2392 maneat.
810 2362 851 2392 In
876 2362 973 2393 Beni.
999 2368 1064 2401 est,
1084 2366 1119 2393 ut
1141 2372 1188 2393 me
1204 2366 1346 2393 nument:
1372 2362 1418 2392 ita
1435 2361 1537 2392 etiam
1553 2365 1624 2392 tro-

163 2405 281 2436 clinico
297 2405 492 2445 postulante
506 2416 514 2436 :
540 2405 683 2445 conjicio
698 2409 734 2436 et
748 2405 780 2435 in
794 2405 848 2438 Vi.
862 2404 966 2436 fuisse
980 2415 1041 2445 me,
1058 2406 1117 2436 sed
1137 2410 1213 2446 post
1228 2408 1349 2436 maneat
1361 2415 1371 2435 .·
1389 2409 1518 2435 tantum
1535 2405 1625 2436 enim

161 2448 229 2480 loci
245 2448 278 2479 in
295 2457 410 2478 rasura
427 2453 539 2479 vacat.
564 2448 624 2480 Fa.
670 2447 700 2479 A
717 2449 844 2479 nostris
861 2448 959 2479 abest
974 2458 1042 2486 me;
1065 2448 1126 2479 nisi
1144 2448 1234 2488 quod
1251 2457 1334 2478 unus
1350 2451 1471 2478 rnaneat
1489 2457 1547 2486 me,
1563 2457 1625 2487 pro

164 2501 212 2522 me
224 2493 358 2522 maneat.
380 2490 485 2522 Bent.
520 2490 547 2521 A
564 2491 649 2522 GM.
668 2495 704 2522 et
719 2491 780 2523 ΒΓ.
792 2490 831 2521 τὸ
845 2501 892 2522 me
902 2492 1012 2523 abest.
1051 2492 1197 2522 Camillo
1212 2491 1414 2531 mutetfidem
1430 2491 1531 2521 Botli.
1545 2491 1624 2532 Bip.

164 2534 226 2565 Illo
240 2536 359 2565 camut
374 2533 458 2571 m.f.
473 2533 686 2573 nemu-28
702 2535 771 2565 Ms.
790 2535 881 2575 Lips.
900 2535 981 2566 Wit.
995 2535 1114 2565 ssoend.
1131 2534 1240 2575 afflero.
1256 2534 1364 2564 West.
1389 2534 1444 2564 Ita
1462 2539 1495 2564 et
1508 2532 1627 2566 Guelf.

166 2580 198 2608 l.
213 2579 332 2608 2.—29
348 2576 596 2617 Reponendum
611 2584 726 2608 monet
741 2577 843 2608 Bent.
858 2582 1004 2618 oppertus
1017 2579 1099 2615 siet;
1116 2585 1152 2608 ut
1169 2583 1248 2608 ante
1263 2579 1272 2595 ⁴
1288 2576 1447 2611 maneat?
1471 2580 1479 2594 ⁶
1494 2579 1627 2608 mutet:

166 2622 253 2651 —30
276 2619 350 2651 ΕΡ.
373 2625 409 2650 et
433 2619 589 2660 quaedam
616 2620 689 2650 aliae
714 2626 870 2658 vetustae,
899 2621 1054 2652 Obtunde.
1101 2620 1196 2651 Idem
1223 2629 1264 2650 ex
1293 2619 1392 2651 codd.
1409 2620 1473 2651 Vi:
1486 2626 1522 2650 et
1545 2620 1626 2652 Bas.

166 2663 282 2693 laudat
308 2661 471 2693 Faernus.
499 2662 599 2694 W'est.
647 2662 802 2693 Obtumle.
846 2662 914 2694 AN.
944 2664 1034 2694 Huut
1060 2663 1217 2702 longumst
1241 2663 1275 2693 id
1301 2663 1379 2702 quod
1405 2666 1486 2698 orat,
1513 2663 1628 2702 Dorio,

165 2709 274 2736 exoret
287 2705 363 2737 sine.
405 2705 464 2735 Sic
478 2714 498 2735 a
511 2704 663 2736 Faenio:
688 2706 747 2735 sed
764 2704 893 2736 fallitur
910 2706 960 2736 vir
976 2706 1137 2746 optimus,
1161 2715 1236 2737 cum
1254 2705 1425 2736 existimat
1442 2706 1505 2736 hoc
1523 2712 1626 2746 pacto

167 2748 389 2779 Trocliaicum
403 2747 498 2780 fieri..
534 2749 543 2764 ‘
557 2747 658 2788 Quod
671 2747 679 2760 '
703 2748 784 2779 elidi
800 2748 931 2789 nequit,
948 2753 984 2779 et
1005 2750 1014 2765 ‘
1030 2748 1194 2780 Obtunde
1206 2748 1213 2761 ’
1236 2749 1264 2778 si
1282 2749 1423 2788 primam
1441 2754 1553 2787 acuat,
1578 2749 1626 2779 in-

169 2796 268 2831 grato
289 2790 424 2822 modulo
447 2800 563 2822 aurem
582 2791 751 2823 vulnerat.
796 2792 952 2833 Repono,
976 2792 1119 2834 Optume.
1153 2791 1223 2824 ΑΝ.
1250 2791 1341 2824 Haut
1365 2793 1522 2831 tongumst
1546 2792 1627 2832 quod
