1966 3302
493 238 836 269 ADELPHORUM
871 238 979 266 Ac'r.
1004 238 1053 265 ιι.
1087 237 1153 266 sc.
1187 237 1240 265 11.
1502 226 1586 266 699

143 335 267 377 Nihil
287 340 380 385 est3
411 333 628 374 refrixerit
645 346 740 373 res:
771 344 886 372 nunc
905 331 1078 371 demum
1095 331 1247 370 venis?
1533 329 1589 370 25

142 403 230 445 Cur
248 403 437 456 passus?
469 401 544 441 ubi
563 402 689 441 eras?
723 405 773 440 ut
790 400 849 440 sit
869 399 1009 439 satius
1029 397 1226 451 perdere,

142 469 286 520 Quam
309 475 383 510 aut
404 469 473 509 hic
494 481 609 508 nunc
627 480 800 508 manere
820 471 909 507 tam
930 465 1022 515 diu,
1043 470 1119 506 aut
1140 470 1228 522 ἵξῃ)
1250 464 1465 517 persequi.

139 538 224 579 SY.
254 537 284 579 J
288 550 412 578 amne
434 536 695 576 enumerasti
714 535 775 584 id,
797 533 915 588 quod
937 534 992 574 ad
1013 538 1055 573 te
1077 533 1315 574 rediturum
1338 533 1500 585 putes?

142 604 258 645 SAN.
277 585 494 645 ΐωοίηθ
533 603 609 643 illo
643 602 820 656 dignum
851 601 937 642 'st'l
970 600 1153 641 hoccine
1186 600 1380 652 incipere
1418 599 1589 639 AEschi-

312 684 416 710 num
433 671 450 710 ‘l

144 740 230 781 Per
251 739 583 792 oppressionem
602 741 651 777 ut
670 736 783 777 hanc
805 736 911 776 mihi
933 735 1102 789 eripere
1124 735 1347 789 postulet?
1533 733 1590 774 30

141 806 225 848 SY.
257 806 481 865 Lapascit.
542 804 689 845 Unum
710 804 794 845 hoc
813 803 957 844 habeo
976 817 986 844 :
1018 803 1135 852 vide,
1157 803 1195 843 si
1215 803 1322 843 satis
1343 802 1510 856 placet:

91 871 103 891 ·'
144 874 306 915 Potius
328 863 459 927 quam
478 873 634 914 venias
657 872 703 911 in
723 871 984 924 periculum,
1005 870 1190 920 Sannio,

146 941 378 991 Servesne,
399 954 454 982 an
474 940 628 995 perdas
649 946 806 989 totum,
827 939 1054 980 dividuum
1074 939 1171 979 face
1190 951 1200 979 :

142 1009 290 1058 Minas
312 1008 465 1050 decem
486 1008 687 1064 corradet
707 1008 928 1050 alicunde.
988 1007 1106 1047 SAN.
1139 1005 1229 1047 Hei
1249 1004 1353 1044 mihi
1371 1004 1379 1044 !

1604 562 1642 607 *i*

527 1064 604 1073 M

142 1150 203 1180 ago
213 1151 224 1171 .·
245 1140 300 1172 ubi
314 1141 401 1172 illinc
415 1141 548 1179 rediero,
560 1141 642 1172 nihil
650 1144 694 1172 est
705 1141 901 1180 sperandum,
912 1141 1054 1171 voluntas
1065 1138 1212 1169 debitoris
1223 1137 1387 1168 imminuta
1402 1137 1474 1176 erit,
1487 1140 1517 1167 et
1527 1139 1593 1167 tar-

143 1185 185 1214 da
199 1184 239 1213 ad
250 1185 425 1215 solvendum
437 1195 449 1221 ;
471 1184 564 1222 dicet,
574 1185 646 1224 quid
660 1184 780 1214 tardius
791 1182 897 1216 redis?
919 1194 999 1214 nunc
1010 1182 1127 1213 occasio
1137 1181 1212 1212 mihi
1223 1190 1283 1211 non
1298 1184 1356 1219 est,
1369 1190 1424 1210 our
1435 1189 1544 1220 passus
1558 1189 1592 1210 es

142 1230 172 1257 to:
184 1229 271 1257 tanto
281 1230 413 1266 tempore
427 1227 580 1257 absentem
591 1236 654 1258 esse
665 1237 677 1264 ,·
692 1226 745 1257 ubi
757 1236 836 1264 eras,
846 1228 964 1267 quando
973 1230 1104 1266 paratus
1112 1234 1197 1255 eram
1211 1224 1269 1255 tibi
1280 1223 1438 1264 pecuniam
1451 1232 1591 1253 numera-

141 1279 187 1307 re,
203 1279 283 1301 nunc
295 1269 523 1307 mihifacultas
536 1279 596 1300 non
611 1273 668 1301 est.
716 1269 805 1300 Talia
820 1269 954 1309 objiciet,
968 1270 1042 1300 adeo
1058 1272 1093 1298 ut
1114 1267 1223 1298 melius
1243 1267 1286 1297 sit
1297 1267 1426 1307 perdere
1440 1266 1591 1304 debitum,

141 1322 231 1352 quam
245 1316 299 1344 aut
319 1313 369 1344 hic
391 1314 507 1344 morari
520 1316 584 1344 tam
597 1313 663 1352 diu,
677 1313 750 1343 dum
767 1313 828 1343 iter
843 1323 902 1343 non
920 1311 1007 1350 facio
1026 1313 1186 1353 Cyprum;
1207 1313 1261 1341 aut
1286 1313 1445 1349 postquam
1460 1308 1592 1345 rediero,

138 1357 298 1395 pecuniam
326 1360 442 1396 petere.
486 1356 547 1387 SY.
576 1356 688 1386 Jamne
715 1358 813 1387 tecum
840 1354 1036 1394 computasti,
1064 1355 1143 1394 quod
1172 1353 1308 1392 recipere
1337 1352 1424 1383 debes
1448 1351 1594 1390 argenti?

140 1398 199 1429 SA.
222 1397 332 1429 Hocne
353 1399 439 1429 decet
455 1398 635 1430 AEschinum
651 1397 784 1435 facere?
806 1399 899 1429 hocne
913 1397 1067 1437 aggredi?
1089 1400 1123 1427 ut
1137 1406 1193 1437 per
1211 1396 1277 1426 vim
1292 1405 1339 1426 me
1352 1395 1496 1434 cogendo,
1512 1394 1592 1424 hanc

141 1440 219 1471 milii
239 1442 346 1473 tollere
361 1440 511 1473 conetur?
548 1441 608 1472 SY.
634 1441 738 1472 Natat
753 1441 868 1472 animo.
917 1442 1020 1472 Unum
1030 1440 1086 1470 hoc
1101 1439 1205 1473 habeo,
1217 1438 1277 1469 tibi
1291 1439 1370 1478 qnod
1384 1438 1496 1474 dicam,
1510 1437 1592 1467 San-

143 1484 216 1516 m‘o:
237 1484 408 1522 considera,
422 1485 451 1515 si
467 1484 500 1515 id
514 1484 591 1515 satis
603 1484 662 1515 tibi
674 1487 802 1523 gratum
814 1487 870 1522 est,
878 1484 982 1524 potius
992 1493 1081 1524 quam
1092 1483 1126 1513 z'n
1139 1481 1308 1522 pericnlum
1318 1484 1415 1512 totum
1428 1479 1594 1510 amittendi

139 1525 270 1558 incidas.
313 1527 493 1558 Dimidium
509 1527 606 1567 pretii
632 1537 689 1567 pro
713 1527 828 1567 puella,
853 1527 885 1558 id
910 1530 968 1565 est,
982 1528 1085 1557 decem
1103 1525 1202 1555 minas
1226 1524 1259 1555 z'n
1282 1524 1452 1564 praesentia
1466 1523 1569 1562 accipe
1582 1534 1592 1551 :

144 1569 223 1600 hanc
242 1579 391 1602 summam
411 1570 586 1610 corrogabit
602 1569 639 1600 ab
654 1570 773 1607 amicis,
788 1572 836 1601 vel
851 1569 988 1611 conficiet
1002 1570 1163 1600 alicunde.
1208 1568 1269 1599 SA.
1294 1566 1361 1598 Hei
1378 1565 1478 1597 mihi!
1499 1567 1594 1596 etiam

748 1665 985 1678 “mamb“

144 1729 265 1761 Nostri
289 1729 424 1761 codices
438 1729 600 1769 universi,
614 1730 766 1761 omittam.
812 1729 967 1769 Repone,
985 1729 1080 1760 Nunc
1093 1728 1121 1759 si
1136 1729 1191 1759 hoc
1204 1728 1357 1766 omittam,
1371 1737 1406 1758 ac
1421 1730 1488 1757 lum
1501 1736 1594 1765 agam

144 1772 197 1803 ubi
206 1772 293 1803 illinc
305 1773 447 1810 rediero5
470 1773 565 1804 Nihil
579 1776 634 1804 est.
680 1773 737 1804 Ita
758 1781 860 1812 supra
876 1781 923 1803 vs.
941 1775 992 1803 18.
1036 1773 1045 1789 ⁴
1063 1771 1128 1802 Ubi
1146 1772 1238 1802 illinc
1263 1780 1363 1811 spero
1381 1770 1521 1801 redieris
1544 1774 1594 1799 ta-

143 1824 235 1855 men,
249 1815 314 1846 hoc
330 1818 433 1856 ages.’
476 1817 623 1855 Egregia
645 1821 739 1846 certe
768 1814 985 1853 emendati03
1009 1815 1068 1845 sed
1086 1824 1152 1846 nou
1170 1819 1297 1845 nostra.
1343 1813 1444 1844 Fama
1462 1817 1594 1843 tantum

145 1857 188 1888 ad
214 1867 268 1889 me
292 1859 446 1899 pertulit,
468 1859 581 1890 nescio
599 1869 697 1899 quem
715 1859 764 1888 sic
792 1857 991 1888 correxisse.
1014 1858 1108 1888 Beni.
1158 1857 1312 1888 Omittam
1336 1866 1372 1886 ac
1388 1860 1463 1886 tum.
1488 1856 1592 1886 Both.

147 1901 300 1932 Omittam
316 1901 376 1933 Bc.
418 1901 465 1932 Ac
481 1905 546 1932 tum
558 1902 637 1942 Bip.
684 1902 723 1932 In
740 1901 865 1941 Delph.
882 1908 932 1931 est
947 1901 1064 1939 omitto,
1076 1902 1127 1931 nbi
1135 1901 1222 1931 illinc
1233 1900 1365 1939 rediero,
1373 1903 1476 1929 actum
1489 1908 1597 1937 agam,

145 1943 239 1974 Nihil
261 1947 317 1976 est.
361 1945 476 1975 Actum
489 1944 569 1983 agit.
615 1945 732 1975 Ducta
747 1943 892 1974 formula
909 1954 925 1973 a
937 1944 1089 1984 judiciis,
1105 1943 1163 1974 ubi
1180 1943 1269 1984 quod
1285 1941 1593 1983 semeljudicatum

144 1992 200 2017 est
213 1985 342 2018 frustra
358 1987 481 2018 iterum
499 1988 623 2027 agitur,
638 1987 672 2018 in
701 1987 837 2017 Phorm.
855 1995 896 2018 11.
912 1989 943 2017 3.
960 1989 1014 2017 72.
1060 1987 1184 2027 Neque
1200 1985 1285 2016 adeo
1302 1985 1369 2016 dici
1386 1989 1499 2025 potest
1514 1985 1523 2000 ‘
1540 1993 1596 2014 ac-

144 2033 216 2060 tum
230 2039 331 2070 agere
346 2029 354 2043 '
373 2030 414 2061 de
430 2039 470 2061 eo
487 2031 543 2071 qui
560 2030 641 2061 nihil
658 2030 746 2070 agit:
772 2039 869 2070 quam
887 2028 1120 2060 difficultatem
1138 2029 1229 2060 tollit
1244 2029 1382 2068 elegans
1400 2027 1461 2058 viri
1471 2026 1596 2057 doctis-

145 2071 222 2102 simi
251 2072 442 2104 emendatio
469 2073 610 2104 laudata
637 2073 804 2103 Bentleio.
835 2073 879 2103 R.
896 2073 941 2103 D.
992 2073 1145 2103 Omittam
1171 2070 1286 2103 Guelf.
1303 2074 1334 2102 2.
1357 2073 1471 2102 3.-27
1498 2069 1596 2100 Idem

144 2114 235 2146 liber
247 2114 378 2156 [Rem]
392 2121 426 2146 et
442 2116 569 2156 aliquot
584 2115 652 2156 alii,
669 2117 770 2151 Quam
784 2119 836 2146 aut
858 2125 939 2146 nunc
954 2125 1094 2146 manere:
1117 2115 1174 2145 alii
1185 2120 1220 2146 et
1237 2115 1406 2152 Donatus,
1423 2114 1525 2149 Quam
1540 2115 1595 2142 aut

143 2156 195 2188 liic
215 2167 357 2189 manere.-
378 2158 429 2189 his
454 2158 586 2189 duobus
606 2158 716 2190 modis
743 2162 810 2189 stat
839 2168 968 2196 versus,
997 2159 1095 2189 aliter
1123 2157 1320 2198 impeditus.
1344 2157 1405 2187 Fa.
1451 2156 1526 2186 Duo
1553 2165 1596 2186 ex

145 2201 284 2240 nostris,
299 2204 354 2232 aut
379 2201 430 2231 hic
454 2211 596 2233 manere.-
619 2201 741 2239 ceteri‚
766 2204 821 2231 aut
849 2201 920 2231 hinc
942 2210 1022 2231 nunc
1037 2209 1171 2231 manere.
1216 2200 1281 2230 Hic
1297 2200 1433 2240 placet;
1455 2207 1535 2237 non,
1557 2203 1596 2229 ut

146 2242 299 2274 Faernus
323 2243 431 2283 dedit,
446 2254 537 2275 nunc.
557 2245 658 2276 Bent.
684 2244 741 2285 qui
760 2244 838 2274 iude
855 2244 913 2274 dat
931 2244 1031 2279 Quam
1047 2246 1101 2273 aut
1115 2243 1165 2273 hic
1178 2252 1312 2274 manere.
1358 2242 1414 2273 Ita
1430 2246 1465 2273 et
1481 2240 1598 2272 Guelf.

145 2287 176 2316 3.
205 2285 286 2325 Bip.
307 2285 433 2327 Delph.
481 2287 582 2322 Quam
596 2291 650 2318 aut
666 2297 746 2318 nunc
761 2296 801 2316 m.
825 2287 864 2317 Z.
891 2286 1080 2317 Boin—28
1105 2286 1144 2317 Id
1160 2287 1322 2317 omittunt
1345 2286 1404 2315 ΒΥ.
1427 2285 1530 2315 Bent.
1558 2284 1597 2315 Z.

146 2329 176 2359 Δ
192 2331 225 2360 te
238 2329 299 2360 ΒΓ.
315 2329 531 2370 improbante
545 2330 636 2361 Perl.
654 2329 798 2361 Bothius
814 2329 898 2367 legit
912 2330 1025 2360 Jamne
1040 2328 1237 2367 enumerasti,
1246 2330 1286 2359 ad
1300 2332 1331 2360 te
1345 2329 1425 2368 quod
1440 2338 1467 2358 r.
1481 2329 1599 2367 p.-29

146 2370 226 2402 Non
242 2373 412 2410 convenit,
428 2379 466 2404 ut
481 2374 514 2404 in
529 2373 646 2404 eodem
663 2372 830 2404 versiculo
848 2371 969 2403 Hocine
984 2372 1124 2412 primam
1142 2372 1318 2412 corripiat,
1333 2370 1456 2401 deinde
1474 2369 1598 2409 produ-

147 2419 214 2445 cat.
257 2415 351 2455 Lege
377 2415 490 2455 igitur,
506 2416 628 2447 Hocine
654 2416 706 2446 illo
728 2413 910 2454 dignumst?
934 2415 1041 2445 hocine
1055 2416 1209 2454 inceptare
1232 2414 1435 2446 AEschinmm
1475 2413 1596 2453 Neque

146 2457 249 2487 aliter
262 2458 342 2488 olim
369 2458 547 2497 Donatus;
571 2464 609 2489 ut
631 2469 672 2489 ex
696 2459 768 2499 ejus
790 2459 900 2488 verbis
926 2459 1120 2498 conjectare
1142 2458 1247 2488 licet:
1270 2460 1279 2474 ‘
1297 2457 1400 2490 Quasi
1417 2457 1458 2486 de
1475 2465 1597 2495 magno

146 2498 300 2530 facinore
317 2500 426 2539 dixit;
450 2506 486 2531 ut
503 2502 536 2531 in
552 2501 675 2532 Heaut.
692 2503 811 2542 (111.3.
829 2500 900 2539 39.)
927 2501 935 2516 ‘
953 2501 1039 2539 Vah,
1055 2500 1129 2536 vide
1148 2500 1236 2540 quod
1254 2500 1406 2539 inceptet
1423 2498 1599 2530 facinus.''

148 2542 331 2574 Rem—30
347 2544 491 2574 Versum
509 2544 597 2574 hunc
614 2544 705 2584 Guy.
724 2544 862 2574 exulare
873 2543 986 2583 jubet.
1013 2543 1113 2575 lVest.
1158 2543 1260 2582 Vulg.
1279 2543 1344 2573 Per
1360 2541 1597 2582 oppressionem,

147 2583 277 2616 frustra
297 2594 500 2626 exasperato
517 2596 624 2617 versu.
669 2587 765 2618 Both.
781 2587 839 2627 qui
856 2586 960 2626 igitur
976 2585 1036 2616 dat
1056 2585 1258 2626 Oppressione
1272 2587 1306 2616 ut
1315 2585 1492 2615 hana—31
1518 2584 1597 2614 Pal-

148 2629 272 2658 rnerius
296 2637 355 2668 pro
371 2639 465 2660 unum
489 2629 544 2660 hoc
569 2629 674 2669 habeo,
691 2630 771 2668 legit
794 2628 894 2659 virum
920 2629 975 2658 hoc
991 2628 1095 2667 liabeo,
1112 2628 1152 2658 ad
1185 2628 1301 2658 Plaut.
1328 2627 1404 2658 Cas.
1427 2636 1468 2658 11.
1495 2629 1525 2658 8.
1545 2628 1599 2658 34.

153 2670 246 2701 West.
291 2671 393 2703 Both.
417 2672 445 2702 si
471 2675 521 2702 sat
545 2672 656 2712 placet.
704 2673 759 2702 Br.
782 2672 853 2702 vide
875 2671 902 2701 si
926 2671 1124 2710 placen—33
1155 2671 1236 2701 Mss.
1262 2670 1410 2711 quidam,
1433 2670 1598 2700 dimidium

146 2711 310 2747 saca—34
333 2715 389 2745 Ita
417 2715 591 2755 distinguo
622 2715 708 2745 hunc
737 2715 858 2744 locum.
903 2713 943 2744 In
975 2713 1171 2754 quibusdam
1207 2714 1290 2744 Mss.
1320 2712 1369 2743 ita
1398 2713 1597 2743 ordinantur

150 2764 273 2788 voces:
297 2757 405 2788 Minas
417 2759 560 2789 cor-radet
582 2758 722 2788 alicunde
742 2758 854 2787 decem.
878 2757 985 2787 west.
1034 2757 1133 2787 Both.
1158 2756 1273 2787 Decem
1296 2755 1493 2786 minas—35
1521 2756 1597 2785 Non

149 2796 373 2841 interrogant,
389 2810 498 2842 neque
514 2806 590 2842 post
614 2800 623 2817 ‘
636 2799 756 2831 miser'
774 2809 882 2842 neque
900 2804 977 2841 post
993 2803 1000 2817 ⁸
1016 2799 1123 2839 niliil,'
1140 2799 1173 2831 in
1196 2809 1244 2831 vs.
1259 2799 1427 2840 sequenti,
1441 2798 1499 2829 Br.
1518 2798 1597 2839 Bip.
