1966 3302
634 192 847 222 HEGYRAE
879 192 988 222 Acr.
1014 193 1056 222 ν.
1090 192 1158 223 sc.
1182 193 1212 221 1.
1545 184 1629 225 889

180 285 275 331 Sed?
293 286 398 339 quid
419 286 533 328 istuc
554 288 649 328 est?
702 287 790 330 LA.
813 287 962 328 Meum
982 293 1185 342 receptas
1205 287 1341 329 filium
1359 287 1415 329 ad
1435 291 1476 329 te
1493 288 1626 329 Pam-

348 354 527 407 philum.
589 354 707 395 BAC.
738 354 838 395 Ah!

179 421 264 461 LA.
296 421 400 462 Sine
436 420 596 462 dicam.
658 421 857 463 Uxorem
891 422 1001 462 hanc
1037 423 1161 476 prius
1184 435 1318 477 quam
1350 423 1493 473 duxit,
1523 436 1625 465 vos-

345 491 456 528 trum
479 501 673 530 amorem
693 490 871 544 pertuli.

178 553 311 596 Mane
322 568 339 596 ·:
371 555 564 596 nondum
585 557 717 598 etiam
738 557 833 599 dixi
858 558 922 608 id,
944 558 1065 611 quod
1101 559 1235 600 volui.
1296 558 1388 600 Hic
1408 571 1520 600 nunc
1541 571 1625 600 ux-

347 635 466 663 orem
487 623 644 665 habet:

177 687 340 739 Quaere
359 690 492 730 alium
514 690 595 731 tibi
624 692 817 732 amicum
849 690 1095 742 firmiorem,
1130 692 1231 733 dum
1266 698 1440 747 tempus
1472 705 1626 735 consu-

345 758 461 799 lendi
483 765 552 799 est
566 771 578 782 ·

176 823 292 866 Nam
313 838 452 879 neque
473 826 548 866 ille
565 790 644 866 boc
666 826 814 866 animo
836 826 917 883 erit
937 831 1124 878 aetatem,
1141 841 1280 882 neque
1302 830 1380 882 pol
1402 837 1448 871 tu
1471 831 1625 872 eadem

343 894 455 934 istac
478 898 629 934 aetate.
1569 899 1625 939 20

178 954 299 1000 Bac.
332 959 445 1010 Quis
477 961 520 1001 id
547 961 645 1002 ait?
707 961 792 1002 LA.
827 962 1003 1003 Socrus.
1063 963 1182 1004 BAO.
1214 963 1379 1005 Mene?
1439 964 1526 1006 LA.
1559 965 1624 1007 Te

344 1029 513 1081 ipsam:
544 1034 587 1070 et
606 1028 740 1070 filiam
762 1030 948 1071 abduxit
969 1044 1094 1072 suam
1112 1045 1123 1083 3

173 1133 250 1164 mihi
264 1136 449 1167 commodum
465 1137 630 1167 attulerit:
653 1139 706 1167 sed
720 1137 793 1176 quid
808 1137 890 1168 istud
906 1141 962 1178 est,
977 1139 1055 1178 quod
1072 1139 1147 1170 milii
1162 1139 1248 1179 cupis
1262 1140 1383 1171 dicere?
1429 1141 1491 1171 LA.
1514 1140 1623 1172 Eleum

162 1176 361 1216 frequentius
373 1179 483 1220 recipis
499 1181 580 1218 apud
595 1183 625 1210 te
630 1179 739 1220 filium
756 1181 963 1220 Pamphilum.
996 1182 1060 1212 ΒΑ.
1082 1182 1133 1212 Ah
1147 1182 1162 1213 l
1194 1183 1258 1213 LA.
1282 1183 1437 1214 Permitte
1454 1193 1501 1214 me
1519 1183 1622 1223 loqui:

169 1220 348 1260 priusquam
362 1222 413 1252 ille
437 1220 564 1252 tutorem
582 1222 701 1261 habuit,
717 1223 804 1253 illam
819 1227 849 1254 te
864 1234 968 1254 amare
981 1234 1142 1264 perpessus
1156 1235 1222 1255 sum
1233 1236 1243 1256 .-
1267 1225 1356 1262 sine;
1378 1227 1512 1257 nondum
1527 1227 1623 1257 etiam

171 1262 240 1292 dixi
264 1273 312 1302 ea,
334 1274 400 1304 quoe
421 1266 511 1296 colui.
559 1265 621 1295 Hic
636 1275 715 1296 nunc
730 1266 926 1296 matrimonio
940 1267 1168 1306 uxorijunctus
1182 1271 1239 1304 est,
1254 1278 1356 1308 quaere
1370 1269 1466 1299 alium
1481 1273 1623 1300 constan-

171 1304 281 1336 tiorem
303 1311 484 1345 amatorem,
511 1309 582 1339 dum
598 1311 716 1348 tempus
730 1308 820 1339 habes
833 1310 1040 1350 prospiciendi
1055 1314 1118 1341 tuae
1133 1311 1287 1341 utilitati:
1310 1321 1382 1342 nam
1397 1312 1449 1343 ille
1464 1321 1558 1351 neque
1573 1313 1624 1343 in-

171 1350 292 1387 tegram
307 1353 431 1380 (etatem
456 1352 557 1381 eodem
571 1361 673 1382 amore
691 1355 722 1381 te
734 1356 941 1392 prosequetur,
955 1362 1048 1392 neque
1062 1354 1112 1393 pol
1127 1357 1161 1384 tu
1175 1355 1281 1385 eadem
1296 1358 1389 1385 aetute
1404 1364 1521 1394 semper
1527 1354 1623 1395 flori-

169 1391 209 1420 da
234 1392 305 1423 ervis.
350 1392 416 1423 BA.
444 1393 523 1429 Quis
548 1394 594 1424 ait
612 1403 658 1424 me
678 1397 834 1434 receptare
847 1395 955 1436 filium
979 1399 1088 1427 tuum?
1132 1397 1194 1427 LA.
1218 1396 1329 1427 socrus
1352 1397 1417 1435 ejus
1442 1398 1620 1438 Myrrhina.

171 1433 238 1464 ΒΑ.
262 1434 377 1467 Mene?
422 1436 485 1468 LA.
509 1437 550 1467 Te
563 1437 674 1477 ipsam,
691 1440 722 1468 et
727 1437 834 1479 filiam
849 1438 981 1469 abduxit
996 1448 1082 1470 suam
1105 1449 1145 1471 ex
1159 1440 1246 1470 (Ιυηῑο
1267 1450 1348 1480 mea9
1362 1444 1453 1481 atque
1467 1440 1621 1479 infantem

777 1521 1016 1534 eeeeeeeeeeee

170 1584 327 1625 dactylus
343 1586 387 1616 sit
403 1586 435 1616 in
452 1591 561 1626 sexta,
575 1588 630 1618 vel
646 1587 792 1626 injuriam
808 1589 1021 1631 trisyllabum
1035 1590 1161 1629 facere,
1178 1590 1452 1623 coalescentibus
1468 1592 1500 1622 in
1519 1601 1620 1623 unum

169 1627 301 1658 duabus
315 1629 476 1659 extremis
493 1630 686 1661 vocalibus:
712 1632 791 1662 mihi
808 1638 918 1664 tamen
935 1633 1042 1674 magis
1056 1635 1220 1674 placeret,
1234 1635 1276 1673 si,
1291 1635 1404 1665 deleto
1421 1635 1620 1675 pronomine

167 1679 211 1707 se,
231 1671 321 1711 quod
338 1681 402 1712 ego
419 1672 566 1703 arbitror
582 1673 624 1704 ab
649 1674 899 1714 interpretante
929 1678 1209 1716 superscriptum,
1224 1676 1347 1707 deinde
1371 1678 1404 1708 in
1421 1683 1621 1709 contextum

168 1713 360 1753 irrepsisse,
375 1714 526 1745 absolute
542 1716 686 1755 legatur,
704 1717 788 1747 Nam
814 1719 867 1758 quz'
890 1723 959 1759 post
975 1720 1098 1757 factam
1124 1719 1271 1757 injuriam
1286 1724 1437 1760 expurget
1451 1733 1460 1751 .·
1485 1730 1550 1751 non
1569 1726 1619 1752 ta-

168 1765 247 1793 men
264 1761 372 1792 muto,
399 1766 510 1798 neque
535 1758 677 1790 detraho
703 1761 893 1801 quicquam.
917 1763 975 1793 Fa.
1015 1762 1114 1794 Quod
1145 1763 1260 1793 Parum
1288 1763 1433 1804 corripit
1457 1763 1622 1804 Faernus,

167 1802 283 1830 recte:
309 1799 399 1840 quod
428 1800 580 1839 Injuriam
609 1802 819 1842 trisyllabum
843 1803 940 1843 facit,
956 1810 992 1835 et
1009 1805 1150 1836 verbum
1176 1811 1213 1835 et
1229 1815 1361 1836 versum
1390 1807 1620 1840 contrucidat-

167 1841 264 1872 Bent.
288 1841 330 1873 Se
346 1852 422 1873 cum
438 1844 496 1874 Fa.
515 1844 632 1876 delent
648 1845 727 1885 Bip.
744 1846 843 1878 Both.
865 1851 1020 1887 expurgat
1036 1847 1150 1879 Guelf.
1165 1850 1285 1879 2.-16
1299 1849 1375 1879 Jum
1389 1859 1488 1880 meum
1503 1849 1620 1881 Guelf.

166 1886 284 1915 3.-17
310 1884 412 1927 Atqui
440 1886 494 1916 hic
512 1896 640 1926 versus,
662 1893 699 1919 ut
714 1889 810 1928 prior
833 1895 870 1920 et
885 1896 1080 1931 sequentes,
1098 1891 1307 1922 Trocbaicus
1323 1901 1398 1922 esse
1413 1892 1532 1932 debet,
1553 1902 1619 1924 non

165 1926 348 1958 Iambicus.
395 1929 509 1962 Quare
526 1929 691 1962 audacter
706 1941 846 1972 repone,
867 1932 944 1964 Sine
966 1934 1058 1964 dum:
1073 1944 1200 1964 uxorem
1221 1934 1300 1964 hanc
1318 1935 1409 1975 prius
1424 1945 1526 1975 quam.
1563 1935 1620 1967 Ita

166 1969 296 2001 Noster
312 1971 404 2007 alibi,
419 1974 428 1988 ‘
446 1972 550 2003 Mane
570 1972 674 2012 duni‚'
691 1975 700 1990 ‘
718 1975 785 2005 Dic
802 1976 904 2015 dum‚'
926 1977 934 1993 ‘
949 1975 1018 2007 Abi
1035 1975 1139 2015 dum‚’
1158 1979 1165 1993 ‘
1186 1977 1302 2008 Facito
1327 1977 1428 2008 dum!
1474 1979 1618 2010 Plautus

166 2012 268 2045 Truc.
290 2022 330 2045 n.
358 2016 390 2044 7.
415 2017 469 2045 67.
510 2015 519 2031 ‘
535 2016 602 2046 Sed
621 2026 701 2047 veru
732 2018 810 2048 Sine
836 2019 915 2050 dum
943 2019 1087 2059 petere!
1110 2020 1206 2051 Bent.
1230 2020 1415 2060 Priusquam
1429 2020 1508 2052 hanc
1532 2022 1618 2054 Mss.

166 2053 245 2086 duo.
270 2056 369 2087 Boecl.
396 2057 495 2088 etsie
512 2058 660 2089 Br.—18
683 2059 758 2090 Nisi
774 2060 806 2091 in
827 2061 911 2092 Dixi
935 2068 993 2093 aut
1015 2062 1105 2093 Volui
1121 2063 1331 2103 synaloeplia‚
1348 2063 1439 2104 quod
1455 2073 1519 2094 non
1546 2065 1615 2096 lici-

166 2103 238 2128 tum
262 2103 327 2138 est,
351 2104 484 2138 cesset3
507 2110 624 2132 versus
651 2102 779 2141 syllaba
805 2104 914 2135 adbuc
943 2111 1049 2135 caret.
1094 2106 1178 2136 Eam
1202 2115 1264 2143 ego
1290 2107 1404 2137 statim
1432 2108 1615 2146 praestabo.

165 2140 289 2177 suane,-
311 2143 443 2173 nomlum
468 2143 564 2173 etiam
584 2143 654 2174 dixi
677 2144 710 2175 id
729 2147 808 2185 quod
828 2151 858 2177 te
879 2147 969 2178 volui.
1012 2148 1022 2164 ‘
1036 2148 1136 2180 Quod
1167 2154 1200 2179 te
1217 2149 1306 2179 volui
1321 2149 1342 2186 ;'
1364 2153 1402 2180 ut
1432 2150 1521 2181 And.
1539 2159 1564 2182 1.
1585 2154 1616 2182 1.

164 2184 174 2200 ‘
195 2183 317 2215 Paucis
341 2189 376 2215 te
401 2185 488 2223 volo,
507 2186 607 2218 Quod
628 2196 681 2217 me
710 2188 814 2219 velis.²
843 2198 898 2221 ιιι.
914 2193 946 2221 3.
962 2192 994 2221 4.
1039 2192 1048 2207 ‘
1068 2191 1158 2223 Quid
1183 2201 1246 2230 ego
1273 2197 1306 2222 te
1324 2191 1452 2223 velim!
1477 2193 1618 2226 Habeat

163 2225 282 2268 itaque
298 2237 375 2258 suas
390 2227 454 2258 sibi
471 2229 698 2269 conjecturas,
713 2231 810 2261 illane
828 2234 924 2267 sodes,
942 2238 976 2264 et
992 2233 1123 2272 Laches,
1140 2234 1246 2269 Mane,
1262 2239 1297 2264 et
1314 2235 1412 2265 BIane
1427 2245 1535 2272 mane;
1559 2238 1616 2278 qui

163 2278 206 2300 ne
225 2269 259 2300 id
278 2270 414 2311 quidem
437 2272 554 2311 sensit,
571 2282 606 2302 se
622 2273 654 2303 id
673 2283 774 2313 agere
795 2279 831 2304 ut
853 2275 1024 2306 lambiens
1042 2276 1096 2314 sit,
1111 2277 1166 2316 qui
1185 2276 1227 2307 ab
1244 2277 1394 2308 Auctore
1410 2278 1614 2311 Trochaicus

163 2311 292 2343 exibat.
316 2313 414 2344 Bent.
439 2314 483 2344 G.
500 2314 633 2346 Fabric.
660 2316 742 2355 legit
766 2327 854 2348 mune
876 2328 964 2348 mane
987 2319 1148 2350 laudante
1166 2319 1256 2360 Guy.
1274 2325 1309 2349 at
1333 2320 1433 2352 Both.
1450 2322 1520 2352 sic:
1547 2323 1615 2354 ΒΔ.

163 2355 275 2387 Blen'?
312 2355 375 2386 LA.
387 2357 494 2387 IlIune.
508 2360 639 2388 nondum
653 2358 748 2390 etium
763 2359 796 2390 id
806 2362 882 2400 quod
897 2361 979 2391 volui
994 2362 1073 2392 dixi.
1112 2362 1178 2393 Hic
1189 2373 1268 2393 nunc
1284 2363 1372 2394 habet
1387 2369 1615 2399 uxorem—19

164 2396 282 2439 Aliqui
297 2398 375 2428 libri
393 2408 459 2429 non
475 2400 603 2432 hahent
629 2401 816 2433 dictionem
839 2404 983 2440 anticum,
998 2409 1033 2435 et
1050 2415 1091 2435 ex
1119 2405 1159 2435 iis
1180 2411 1231 2435 est
1248 2405 1341 2437 Vict.
1360 2406 1392 2436 in
1412 2415 1478 2446 quo
1502 2412 1616 2439 tamen

163 2446 284 2480 postea
299 2442 531 2482 superscripta
553 2447 619 2474 est.
663 2445 760 2476 Bem.
777 2455 852 2476 eam
882 2445 1069 2478 dictionem
1097 2449 1314 2488 praepositam
1344 2448 1448 2480 habet
1470 2449 1615 2483 dictioni

151 2483 350 2523 firmiorem;
379 2483 435 2514 alii
450 2484 527 2515 libri
545 2489 579 2516 et
595 2487 750 2519 Donatus
764 2490 1002 2528 postpositam,
1020 2490 1133 2530 utjam
1151 2490 1296 2521 diximus
1312 2492 1449 2522 evenire
1465 2492 1611 2524 subditi-

164 2526 221 2557 tiis
235 2526 452 2566 dictionibus,
470 2532 507 2558 ut
524 2529 647 2559 nullam
666 2535 794 2562 certam
819 2531 934 2562 sedem
951 2532 1107 2564 habeant.
1153 2534 1313 2564 Ceterum
1331 2533 1420 2575 quod
1445 2536 1613 2577 sequitur,

162 2568 255 2600 Vict.
269 2574 305 2600 et
327 2569 424 2600 Bem.
441 2570 489 2600 ita
504 2571 643 2610 habent,
659 2572 747 2605 Dum
770 2574 828 2606 tibi
843 2577 959 2614 tempus
973 2576 1146 2607 consulendi
1162 2579 1228 2607 est:
1254 2582 1290 2607 ut
1314 2577 1420 2616 exigit
1436 2578 1521 2609 ratio
1539 2589 1612 2610 ver-

162 2620 232 2651 sus,
247 2613 304 2653 qui
319 2617 372 2643 est
397 2613 603 2645 Trochaicus
631 2620 766 2647 tetram.
784 2618 962 2650 acatalect.
981 2624 1018 2648 ut
1035 2628 1193 2659 sequens.
1220 2619 1276 2650 Fa.
1323 2619 1434 2651 Recte
1456 2621 1527 2652 haec
1542 2632 1612 2654 om-

162 2654 231 2685 nia.
275 2655 397 2686 Nostri
413 2660 448 2686 et
462 2655 608 2687 Amicum
633 2657 773 2695 habent,
788 2664 823 2690 et
839 2660 897 2690 tibi
921 2670 988 2691 non
1012 2662 1147 2693 habeut.
1173 2662 1270 2693 Bene.
1293 2663 1436 2694 Amicum
1452 2664 1612 2704 rejiciunt

163 2695 250 2728 Gov.
265 2697 363 2729 Glar.
378 2697 457 2738 Rip.
476 2699 576 2730 Both.
593 2700 776 2732 Fert—20
798 2702 938 2733 AEtatem
961 2703 1060 2735 abest
1076 2714 1094 2735 a
1110 2704 1197 2735 Bod.
1221 2704 1334 2737 Guelf.
1353 2709 1384 2737 1.
1401 2710 1435 2737 et
1457 2707 1611 2740 omnibus

162 2739 253 2780 apud
264 2739 371 2774 Boecl.
386 2741 558 2784 idemque,
573 2742 582 2760 ‘
601 2743 691 2786 quod
703 2745 855 2786 agnoscit
866 2746 1023 2779 Donatus
1040 2751 1075 2780 et
1090 2748 1296 2792 explicatLin
1312 2750 1404 2782 nullo
1419 2754 1611 2782 nostrorum
