1966 3302
294 217 378 257 (53¹2
791 228 828 256 P.
862 227 1105 258 ’νΕηΕΝΤιῐ
1140 229 1255 260 Arm

675 435 878 478 Ac'rUs
913 436 996 478 IV.
1056 415 1265 479 scENA
1295 437 1379 480 vr.

801 569 1054 601 GLITIPHO.
1086 569 1263 601 SYRUS.

299 658 381 700 CL.
415 658 459 699 N
467 670 529 700 un
538 670 599 699 LA
617 663 688 700 est
708 662 799 700 tam
818 658 966 700 facilis
986 672 1071 709 res,
1093 660 1199 714 quin
1217 659 1408 701 difficilis
1430 660 1526 709 siet,

300 726 446 775 Quam
468 726 627 767 invitus
647 726 801 768 facias.
862 726 949 767 Vel
970 740 1039 769 me
1060 727 1153 768 haec
1177 727 1499 777 deambulatio,

298 794 446 845 Quam
468 807 555 834 non
576 794 816 845 laboriosa,
839 795 896 836 ad
916 795 1169 849 languorem
1192 795 1343 837 dedit!

301 862 396 904 Nec
420 864 662 917 quicquam
680 865 822 917 magis
842 877 956 905 nunc
977 870 1142 914 metuo,
1165 877 1298 918 quam
1318 877 1372 905 ne
1395 863 1539 905 denuo

301 931 439 972 Miser
460 932 608 985 aliquo
631 931 836 973 extrudar
855 931 969 981 hinc,
990 945 1044 972 ne
1067 931 1277 973 accedam
1296 931 1353 972 ad
1372 931 1654 973 Bacchidem.
1729 931 1758 971 5

300 999 363 1041 Ut
383 1004 423 1040 te
444 999 624 1053 quidem
647 1013 801 1041 omnes
823 1000 900 1041 Dii
925 1000 1141 1054 Deaeque,
1164 1003 1376 1054 quantum
1397 1003 1479 1051 est,
1502 998 1630 1053 Syre,

300 1067 413 1108 Cum
430 1071 508 1108 tuo
529 1067 645 1109 istoc
662 1068 837 1109 invento
854 1080 1040 1121 cumque
1060 1067 1239 1121 incepto
1258 1066 1486 1121 perduint!

302 1135 576 1191 Hujusmodi
598 1149 667 1176 res
691 1148 861 1189 semper
881 1135 1225 1185 comminiscere,

300 1193 391 1244 Ubi
413 1217 484 1244 me
506 1203 815 1244 excarnifices.
876 1203 960 1245 SY.
993 1203 1015 1244 I
1039 1208 1086 1244 tu
1106 1202 1209 1244 hinc
1231 1215 1321 1256 quo
1344 1201 1500 1256 dignus
1523 1215 1587 1243 es.

303 1269 450 1321 Quam
472 1284 600 1324 paene
617 1275 693 1312 tua
713 1285 782 1313 me
802 1271 996 1325 perdidit
1014 1271 1306 1326 protervitas!
1704 1267 1760 1311 10

345 1430 406 1461 CL.
432 1429 528 1460 Nulla
545 1438 595 1460 res
609 1432 656 1460 est
676 1432 800 1460 tantum
811 1429 926 1469 facilis,
950 1433 986 1461 ut
1007 1429 1146 1472 difficilis
1160 1439 1221 1461 ηοη
1235 1430 1388 1468 videatur,
1403 1429 1431 1460 si
1447 1438 1515 1459 eam
1528 1430 1635 1459 eontra
1651 1429 1761 1458 volun-

299 1472 519 1510 tatemfuciaS.
568 1473 674 1503 Etiam
701 1473 765 1502 hoec
796 1473 1002 1504 deambulatio
1033 1473 1156 1504 minimi
1181 1473 1296 1504 laboris
1320 1482 1411 1513 quam
1437 1481 1484 1503 me
1511 1470 1701 1510 desutiguvit
1728 1474 1759 1501 et

299 1515 478 1555 lingufffecit
491 1515 506 1546 !
552 1516 661 1555 Neque
676 1525 757 1546 nunc
772 1515 866 1546 timeo
881 1517 975 1548 ullum
991 1525 1056 1547 rem
1070 1516 1183 1554 magis,
1201 1525 1292 1556 quam
1314 1519 1349 1546 ut
1363 1515 1478 1546 iterum
1505 1514 1614 1552 ejiciar
1638 1513 1711 1544 hinc
1726 1513 1761 1544 in

301 1560 432 1599 aliquem
452 1559 562 1598 locum,
584 1567 621 1588 ne
647 1567 773 1598 possum
798 1558 845 1589 ire
862 1560 904 1589 ad
927 1560 1069 1589 amicam.
1118 1560 1147 1589 Ο
1162 1557 1255 1600 Syre,
1269 1558 1392 1589 utinam
1414 1567 1516 1588 omnes
1531 1556 1592 1587 Dii
1612 1556 1761 1596 Deaeque,

302 1604 447 1643 quotquot
471 1603 555 1639 sunt,
577 1604 607 1631 te
627 1602 761 1641 perdant
781 1611 851 1632 cum
865 1601 926 1633 isco
939 1604 1105 1633 commento
1119 1604 1170 1632 tuo
1186 1605 1216 1632 et
1232 1601 1371 1632 consilio.
1420 1600 1466 1632 Tu
1481 1600 1557 1630 mihi
1572 1607 1689 1639 semper
1704 1606 1759 1629 ex-

302 1646 419 1684 cogitas
435 1644 581 1683 ejzaemodi
596 1653 658 1682 res,
674 1644 707 1675 in
723 1644 832 1684 quibus
846 1654 893 1675 me
908 1645 1076 1676 excruciem
1122 1644 1183 1676 Sv.
1211 1645 1257 1675 Tu
1271 1643 1335 1686 ipse
1347 1643 1418 1674 hinc
1432 1643 1484 1674 abi
1501 1643 1534 1674 in
1555 1643 1667 1673 malam
1684 1649 1762 1680 rem,

302 1692 337 1719 ut
354 1687 505 1719 meruisti.
553 1688 655 1723 Quam
666 1697 756 1728 poene
777 1691 832 1719 tua
844 1688 1020 1728 petulantia
1036 1687 1075 1718 ad
1088 1687 1258 1728 perniciem
1272 1687 1379 1727 adegit
1402 1696 1461 1718 me.
1508 1686 1569 1718 CL.
1593 1685 1658 1716 Per·
1675 1683 1761 1715 Her·

918 1791 1154 1805 eeeeeeeeeeee

350 1881 391 1913 In
406 1881 485 1922 Bip.
501 1886 536 1912 et
548 1880 652 1911 Both.
668 1880 722 1911 hic
745 1883 799 1912 est
815 1878 895 1911 Act.
912 1888 964 1911 1v.
990 1878 1046 1911 Sc.
1060 1880 1154 1910 2.-1
1169 1875 1283 1909 Guelf.
1300 1880 1331 1908 3.
1352 1876 1472 1908 sia—3
1498 1874 1609 1907 Abest
1630 1875 1716 1907 (ledit
1729 1878 1763 1908 2.

307 1930 368 1956 —5
394 1925 443 1956 M.
472 1923 594 1955 Boend.
629 1926 664 1954 et
693 1922 764 1954 EA.
787 1923 944 1954 excludar.
968 1922 1076 1954 West.
1122 1921 1178 1952 Ita
1200 1924 1236 1952 et
1258 1919 1376 1951 Guelf.
1398 1921 1497 1950 2.—6
1531 1919 1575 1950 Ut
1599 1922 1630 1949 ee
1664 1928 1767 1950 omnes

307 1968 460 2009 equidem.
484 1966 648 2007 Plerique
673 1966 695 1997 l.
726 1976 751 1997 S.
776 1965 865 1997 inter
889 1975 973 2006 quos
1000 1965 1097 1995 Bem.
1146 1964 1189 1995 Ut
1204 1966 1235 1994 te
1250 1964 1370 2003 quidem
1386 1971 1510 1993 omnes.-
1534 1961 1648 2002 pauci,
1669 1961 1713 1993 Ut
1735 1964 1767 1993 te

308 2021 411 2042 omnes
425 2011 569 2051 quidem.-
592 2008 702 2039 nullus
720 2018 800 2039 vero
816 2013 867 2039 est
882 2009 980 2046 liber,
996 2007 1053 2038 ubi
1070 2007 1218 2047 legatur,
1245 2007 1290 2037 Ut
1317 2009 1347 2036 te
1370 2014 1473 2036 omnes
1493 2004 1650 2045 equidem.-
1675 2003 1766 2045 quod

311 2064 391 2085 vero
419 2053 573 2093 sequitur
595 2051 664 2082 ‘Di
688 2052 844 2092 Deaeque
872 2055 1034 2092 quantum
1061 2054 1127 2089 est,
1154 2047 1275 2090 Syre:'
1299 2048 1334 2079 in
1360 2046 1538 2079 scansione
1565 2045 1767 2087 impeditum

310 2102 385 2128 est:
410 2096 513 2136 aliqui
530 2099 568 2126 ut
584 2094 697 2125 versui
710 2094 942 2134 consulerent,
957 2092 1236 2133 conjunctionem
1252 2101 1309 2132 que
1331 2090 1565 2129 sustulerunt;
1579 2089 1668 2131 quod
1687 2099 1768 2121 con-

311 2145 365 2172 tra
381 2139 530 2170 omnium
557 2137 720 2168 librorum
747 2136 848 2168 fidem
874 2141 939 2175 est,
968 2146 1052 2177 quos
1080 2135 1216 2176 quidem
1240 2144 1301 2165 nos
1330 2133 1523 2164 viderimus.
1548 2132 1608 2164 Fa.
1632 2132 1641 2150 ‘
1660 2133 1769 2164 Recte

311 2183 367 2223 qui
396 2191 452 2222 ap.
500 2181 561 2212 Fa.
594 2190 650 2220 que
679 2178 913 2211 sustulerunt)
946 2179 1043 2210 Bent.
1089 2178 1150 2210 ΒΓ.
1176 2178 1221 2208 Et
1248 2181 1278 2209 te
1307 2187 1335 2208 o.
1362 2176 1495 2216 quidem.
1543 2174 1611 2210 Que
1638 2175 1770 2206 omittit

312 2226 415 2258 Both.
434 2226 482 2255 ita
498 2230 533 2254 et
551 2223 736 2263 Delph.—7
764 2223 844 2253 Cum
867 2222 946 2253 istoc
971 2221 1097 2252 invento
1123 2230 1249 2260 cumque
1273 2221 1296 2251 i.
1322 2219 1481 2259 perduint.
1524 2218 1581 2249 Sic
1597 2216 1694 2248 dedit
1709 2218 1769 2249 Fa.

314 2268 434 2299 dubito
452 2277 493 2298 an
516 2277 558 2298 ex
586 2266 698 2296 libris:
724 2265 831 2297 nostri
848 2265 936 2296 euim
952 2274 1068 2295 omnes
1085 2267 1137 2294 tuo
1155 2263 1297 2301 addunt,
1322 2262 1401 2293 Cum
1417 2265 1469 2291 tuo
1484 2260 1572 2292 istoc.
1618 2260 1710 2300 Lege
1727 2269 1771 2290 ex

313 2310 543 2342 vetustissimo
570 2313 700 2348 nosti-o,
724 2308 803 2338 Cum
827 2311 881 2340 tuo
905 2309 967 2339 isto
989 2307 1114 2338 invento
1140 2316 1166 2337 c.
1183 2306 1205 2337 i.
1219 2316 1252 2346 p.
1276 2306 1378 2336 Bent.
1424 2303 1481 2335 Ita
1503 2308 1539 2335 et
1555 2303 1657 2335 Both.
1674 2303 1769 2334 Peri.

315 2354 461 2385 Zeuuius
485 2356 535 2383 tuo
561 2351 700 2382 omittit.
738 2350 855 2382 Guelf.
879 2354 911 2382 2.
933 2352 1142 2389 perdant.——8
1164 2349 1214 2379 M.
1233 2346 1423 2386 Hujusmodi
1438 2346 1481 2377 mi
1494 2355 1555 2376 res.
1592 2346 1702 2376 west.
1721 2345 1768 2377 H.

312 2398 389 2427 mihi
417 2407 446 2428 r.
484 2396 585 2426 Bent.
615 2394 653 2425 Z.
681 2393 775 2427 Peri.
821 2393 870 2425 H.
896 2393 940 2424 mi
963 2403 990 2424 r.
1017 2392 1139 2432 Delpli.
1174 2390 1310 2422 ‘Abest
1336 2389 1412 2420 milii
1438 2388 1562 2419 nostris
1588 2387 1770 2419 omuibus!

318 2440 413 2471 Both.
462 2438 570 2469 Abest
587 2435 706 2468 Guelf.
733 2440 831 2468 2.-9
856 2436 1005 2467 ssembus
1029 2435 1113 2475 legit
1136 2439 1172 2465 et
1195 2432 1364 2469 defendit,
1384 2432 1415 2463 Is
1428 2431 1513 2470 hinc,
1529 2441 1557 2472 q.
1572 2431 1602 2461 d.
1619 2428 1678 2463 es?
1700 2430 1771 2462 Alii

316 2483 353 2513 Iu
369 2483 450 2514 hinc.
476 2481 582 2512 West.
604 2480 613 2496 ‘
629 2480 741 2519 Magis
768 2480 908 2519 antiqua
933 2478 1067 2509 videtur
1092 2476 1196 2508 lectio
1223 2476 1301 2507 libri
1327 2474 1529 2512 Victoriam,
1556 2473 1707 2511 Inleinc5
1733 2478 1771 2505 et

316 2526 365 2556 eie
388 2533 522 2566 quoque
552 2532 666 2554 versus
693 2521 784 2553 stat!
810 2522 868 2553 Fa.
915 2523 923 2538 ‘
939 2521 978 2552 In
1006 2521 1077 2551 hinc
1105 2530 1163 2560 quo
1189 2520 1220 2550 d.
1242 2522 1296 2549 es?
1316 2518 1373 2549 Sic
1389 2517 1485 2548 dedit
1503 2517 1561 2548 Fa.
1579 2525 1678 2547 versu
1705 2526 1771 2547 una

315 2567 555 2609 syllabajusto
572 2564 742 2596 breviore.
787 2565 942 2604 Repone,
962 2564 1036 2594 Ibin
1059 2563 1129 2593 hinc
1144 2573 1173 2602 q.
1188 2563 1220 2593 d.
1236 2559 1294 2593 es?
1318 2565 1355 2592 ut
1372 2561 1458 2591 Eun.
1474 2569 1531 2591 111.
1549 2561 1579 2590 3.
1596 2561 1649 2590 30.
1667 2558 1676 2575 ‘
1693 2558 1770 2589 Ma-

315 2612 379 2641 lam
397 2620 465 2641 ren·
480 2610 557 2640 hine
574 2608 636 2639 ibis
647 2607 667 2638 ?'
712 2606 761 2639 At
775 2607 827 2637 vir
841 2607 963 2638 doctus
975 2605 1064 2637 aliud
1079 2605 1272 2645 suspicatus
1289 2608 1353 2639 est,
1370 2603 1411 2641 I,-
1425 2604 1482 2641 sis,
1496 2602 1567 2632 hinc
1582 2612 1640 2642 quo
1654 2601 1770 2640 dignus

316 2664 358 2684 es.
404 2655 412 2670 ‘
426 2651 502 2691 Sis:
519 2656 555 2682 ut
573 2656 704 2687 notum,
721 2649 863 2690 perinde
881 2654 933 2680 est
950 2658 990 2680 ac
1019 2650 1027 2666 ‘
1043 2648 1078 2679 Si
1103 2646 1176 2679 vis!
1220 2647 1360 2678 Frustra
1376 2655 1419 2677 ea
1435 2644 1630 2677 conditione
1646 2644 1770 2674 malum

316 2697 541 2735 imprecatur,
554 2694 563 2710 ‘
578 2693 593 2724 1
612 2693 645 2723 in
661 2693 781 2723 malam
799 2702 881 2727 rem,
898 2693 925 2723 si
943 2692 990 2722 vis
1004 2691 1025 2729 ;'
1048 2691 1075 2722 si
1093 2691 1208 2721 voleus
1224 2690 1410 2730 lubensque
1427 2690 1506 2719 eas.’
1527 2687 1624 2718 Beue.
1666 2685 1771 2717 Both.

319 2739 413 2778 legit,
439 2737 488 2768 ln'
516 2740 580 2767 tute
604 2736 689 2775 hinc,
713 2746 742 2775 q.
771 2737 802 2766 ιΙ.
830 2738 882 2765 es?
904 2735 984 2766 ‘Vi.
1009 2734 1069 2774 In„
1085 2732 1202 2775 (isney
1226 2732 1404 2765 Peru—io
1427 2730 1478 2762 M.
1499 2729 1619 2761 Boeud.
1645 2732 1678 2760 et
1695 2728 1770 2760 EA.
