1966 3302
763 216 1028 247 PERIOCHA*
1535 207 1615 246 541

160 314 415 363 PHRYG1A‚
437 311 606 354 ancilla.
669 310 864 365 Apatria
885 311 1113 352 nominata.

160 382 392 424 Nume.
657 383 664 389 ’

156 449 466 498 ANTIPHILA,
502 447 632 488 amica
668 444 832 487 Cliniae.
889 446 959 487 Ab
979 446 1076 496 ἀντὶ,
1105 451 1261 495 contra,
1283 451 1320 486 et
1344 443 1451 496 φίλη,
1474 445 1616 485 ame‘ca,

250 504 254 507 ²
277 514 408 559 Quasi
427 521 566 556 contra
588 521 626 556 et
644 513 820 554 vicissim
838 527 994 554 amans.

160 780 227 830 C.
280 781 584 831 SULPICH
611 759 1138 829 ‘APOLLINARIS
1187 821 1194 825 .
1216 777 1618 827 PERIOCHA¹

251 904 325 948 IN
355 902 668 947 TERENTII
700 900 1423 944 HEAUTONTIMORUMEN
1430 900 1519 943 ΟΝ
1528 931 1536 940 .

320 1026 371 1065 ΙΝ
393 1025 567 1064 militiam
580 1024 775 1077 proficisci
796 1031 960 1076 gnatum
982 1024 1152 1063 Cliniam

319 1091 526 1128 Amantem
547 1089 788 1140 Antiphilam
812 1087 1003 1140 compulit
1023 1089 1143 1128 durus
1164 1095 1274 1141 pater
1293 1102 1301 1127 :

318 1154 527 1205 Animique
548 1167 633 1192 sese
654 1154 837 1205 angebat,
857 1154 951 1191 facti
970 1154 1178 1205 poenitens.

320 1218 417 1256 Mox
435 1224 478 1255 ut
498 1231 673 1256 reversus
693 1225 767 1264 est,
788 1215 919 1256 clam²
939 1224 1088 1268 patrem
1111 1217 1317 1256 divortitur

319 1282 384 1320 Ad
405 1281 682 1333 Clitiphonem,
703 1281 735 1319 is
756 1282 912 1319 amabat
934 1287 1104 1319 scortum
1127 1280 1379 1318 Bacchidem.

321 1346 421 1384 Cum
443 1353 658 1384 arcesseret
676 1343 875 1397 cupitam³
898 1345 1136 1396 Antiphilam
1159 1345 1302 1391 Clinia,

319 1411 375 1449 Ut
394 1411 478 1463 ejus
499 1410 666 1449 Bacchis
687 1410 793 1448 venit
814 1408 971 1456 amiea,4
990 1423 1036 1448 ac
1057 1409 1221 1447 servolae

322 1475 510 1514 Habitum
532 1488 670 1527 gerens
686 1474 900 1526 Antiphila,
920 1474 1067 1512 factum
1088 1474 1141 1520 id,
1163 1487 1240 1525 quo
1259 1479 1410 1526 patrem

321 1540 444 1578 Suum
464 1540 610 1580 celaret
630 1539 826 1591 Clitipho:
857 1538 920 1577 hic
942 1538 1094 1577 technis
1116 1538 1234 1591 Syri,⁵

320 1604 469 1644 Decem
488 1605 612 1643 minas
629 1603 884 1642 meretriculae
905 1604 1034 1642 aufert
1053 1616 1076 1641 a
1097 1617 1203 1642 sene.

204 1700 305 1733 Pater
320 1701 532 1742 Menedemus,
548 1701 636 1741 justo
652 1702 799 1742 severior,
818 1702 955 1733 Cliniam
962 1701 1072 1742 filium
1088 1699 1190 1739 coegit
1208 1699 1322 1730 victam
1328 1698 1464 1737 jurgiis,
1479 1707 1547 1728 cum
1559 1697 1624 1729 Am

158 1744 304 1785 tiphilam
316 1749 446 1784 amaret,
462 1747 502 1776 ad
518 1745 630 1777 bellum
644 1746 691 1777 ire
701 1756 713 1783 ,·
741 1749 770 1776 et
794 1745 859 1785 ipse
884 1745 1096 1780 Menedemus,
1119 1743 1302 1784 paenitentia
1326 1744 1437 1773 ductas
1452 1742 1524 1772 talis
1540 1742 1626 1772 duri—

158 1788 229 1826 tiei,
243 1789 377 1828 seipsum
391 1789 549 1819 cruciabat
565 1789 597 1820 in
614 1789 726 1819 animo.
773 1788 891 1819 Statim
914 1791 949 1819 ut
975 1788 1040 1828 ipse
1068 1786 1172 1817 Clinia
1196 1786 1294 1817 rediit
1317 1785 1448 1821 militia,
1472 1785 1626 1815 nesciente

159 1834 248 1870 patre
264 1831 406 1871 divertit,
431 1835 462 1862 et
482 1841 514 1862 se
537 1831 651 1872 recipit
666 1833 749 1872 apud
768 1831 989 1872 Clitiphonem,
1007 1829 1182 1861 Chremetis
1188 1830 1306 1870 filium.
1351 1828 1386 1858 Is
1405 1827 1542 1866 Clitipho
1557 1837 1628 1866 cap-

161 1876 211 1904 tus
226 1877 295 1904 erat
309 1884 408 1905 amore
429 1875 596 1906 Bacchidis
612 1874 795 1905 meretricis.
843 1875 922 1904 Cam
941 1874 1047 1904 Clinia
1068 1872 1250 1904 accersitum
1266 1872 1401 1902 misisset
1417 1870 1630 1910 Antiphilam,

160 1915 248 1954 cujus
272 1915 413 1948 videndae
439 1918 562 1957 ingenti
587 1917 739 1949 desiderio
757 1916 939 1957 flagrabat,
964 1916 1103 1947 Bacchis
1129 1916 1223 1946 etiam
1252 1914 1338 1945 venit
1363 1924 1431 1944 cum
1448 1912 1627 1952 Antiphila,

159 1968 229 1999 quoe
244 1960 352 1990 servili
365 1959 472 1991 habitu
486 1960 598 1992 induta
612 1964 670 1998 est,
686 1961 774 2001 quasi
781 1960 870 1998 foret
895 1960 1064 1990 Bacchidis
1079 1968 1179 1991 serva.
1226 1958 1264 1989 Id
1270 1958 1394 1996 factum
1401 1955 1483 1995 suit,
1498 1959 1533 1986 ut
1549 1956 1627 1986 hanc

161 2010 228 2031 rem
249 2003 339 2043 patri
361 2012 413 2034 suo
440 2005 607 2034 occultaret
635 2003 784 2043 Clitipho,
809 2013 848 2033 ne
869 2003 923 2033 ille
949 2003 1212 2033 animadverteret
1229 2001 1419 2032 Bacchidem
1433 2009 1452 2030 a
1468 2009 1500 2029 se
1514 1998 1626 2029 amari.

161 2044 229 2075 Hic
247 2046 386 2086 Clitipho
401 2056 420 2077 a
443 2046 605 2078 Chremeta
621 2049 784 2086 extorquet
797 2055 852 2086 pro
868 2045 1028 2076 Bacchide
1043 2046 1143 2077 amica
1157 2046 1258 2076 decem
1279 2044 1391 2084 minas,
1407 2045 1475 2073 arte
1497 2045 1525 2073 et
1542 2044 1626 2072 astu-

776 2139 794 2150 ιο
798 2139 855 2150 ‘0‘
859 2139 1016 2151 “onae-0

205 2202 222 2229 1
248 2198 326 2230 Hoc
344 2204 590 2239 argumentum,
606 2204 641 2230 et
667 2199 850 2239 Prologus,
866 2209 964 2241 aeque
992 2210 1032 2231 ac
1059 2202 1134 2231 tota
1157 2198 1333 2231 Comoedia
1355 2198 1390 2228 in
1414 2195 1627 2237 Ms.junctis

160 2241 317 2273 versibus
334 2248 477 2273 exarata
492 2247 556 2274 est.
579 2243 766 2273 Bruns.—2
790 2243 872 2273 Mox
884 2246 930 2281 nt,
946 2253 1097 2281 reversus,
1112 2245 1192 2273 clam
1206 2243 1305 2273 Both.
1324 2242 1381 2282 qui
1398 2245 1513 2271 notat:
1540 2241 1548 2255 ‘
1564 2240 1628 2270 Le-

163 2284 254 2324 gitur
275 2295 416 2316 reversus
438 2288 497 2324 est,
513 2296 558 2318 m.
574 2286 609 2323 1.,
633 2285 696 2315 nisi
713 2285 842 2316 scribas
855 2289 1021 2325 recersust,
1038 2285 1128 2326 quod
1147 2285 1379 2316 duriusculum
1397 2284 1431 2314 in
1448 2293 1534 2313 novo
1552 2292 1627 2313 auc-

162 2326 263 2358 tore.'
298 2327 352 2359 Al.
363 2331 454 2368 patre
469 2328 641 2359 devertitur
667 2328 721 2358 vel
745 2329 990 2359 divertitur.-—3
1016 2327 1069 2359 Al.
1084 2332 1250 2359 accesseret
1265 2328 1414 2368 capilum.
1448 2326 1628 2357 Accesseret

164 2369 292 2402 Br.—4
315 2371 418 2402 Both.
448 2371 529 2402 Item
551 2371 632 2402 alius
656 2371 741 2402 venit
766 2371 902 2402 Bacchis
928 2372 1104 2402 amica-5
1129 2370 1171 2402 In
1196 2372 1265 2402 Ms.
1290 2372 1340 2402 sic
1368 2369 1534 2410 scriptum
1558 2373 1624 2407 est,

821 2456 963 2488 NOTAE

205 2524 247 2552 10
269 2520 386 2553 Decem
409 2520 525 2562 minas]
550 2521 746 2562 Scriptores
771 2522 864 2553 Lati·
920 2522 1115 2554 drachmas:
1141 2521 1246 2562 igitur
1269 2520 1388 2551 decem
1412 2519 1511 2550 minae
1539 2518 1628 2549 Atti-

161 2571 209 2612 ni,
227 2573 358 2613 pariter
371 2576 408 2603 et
430 2572 558 2612 Graeci,
573 2571 732 2604 drachma
756 2578 792 2604 et
807 2574 864 2604 de·
919 2583 968 2605 cae
999 2574 1117 2604 valent
1157 2575 1232 2603 100.
1271 2570 1449 2602 Coronatis
1487 2569 1626 2607 nostris,

161 2625 258 2656 nario
289 2625 481 2666 promiscue
511 2629 673 2656 utuntur:
703 2625 864 2656 denarius
919 2624 991 2654 sive
1021 2623 1183 2654 trecentis
1215 2622 1311 2653 libris
1349 2619 1625 2651 Turonensibus:

163 2679 277 2706 autem
309 2675 484 2706 Romanus
514 2675 608 2706 valet
645 2683 704 2705 sex
732 2675 864 2705 assibus
920 2683 997 2705 nam
1021 2674 1113 2705 mina
1140 2673 1260 2705 decem
1282 2671 1451 2704 coronatis
1480 2670 1625 2711 aequiva-

163 2727 289 2758 nostris
303 2726 565 2764 Turonensibus,
578 2731 617 2757 ut
630 2725 791 2758 drachma
804 2725 866 2756 At-
919 2725 980 2756 let.

164 2777 242 2809 tica.
296 2777 394 2809 Mina
432 2776 550 2809 Attica
586 2776 690 2809 habet
727 2781 864 2809 centum
