1966 3302
304 240 390 282 674
798 253 836 281 P.
869 251 1108 282 TERENTII
1143 253 1257 283 Arm

303 342 376 384 Ab
398 343 563 397 iniquis
585 344 822 394 observari,
842 349 886 385 et
908 345 1194 389 adversarios

304 410 484 464 Rapere
506 411 552 452 in
572 410 767 465 pejorem
790 416 978 464 partem,
999 426 1131 466 quam
1155 414 1293 455 acturi
1315 427 1478 467 sumus,

304 477 479 519 Indicio
501 478 555 519 de
579 491 625 518 se
643 477 740 531 ipse
760 478 840 519 erit
859 492 870 530 ;
901 492 980 520 vos
1001 480 1123 521 eritis
1139 481 1332 534 judices,

306 544 492 586 Laudin'
514 558 567 585 an
588 545 696 587 vitio
718 546 818 587 duci
839 547 884 587 id
904 547 1071 589 factum
1094 554 1311 603 oporteat.
1725 553 1754 593 5

304 615 904 659 ΣΤΝΑΠΟΘΝΗΣΚΟΝΤΕΣ
922 616 1093 669 Diphili
1113 617 1335 659 comoedia
1356 617 1423 658 'st.

304 681 414 722 Eam
437 682 504 723 Co
514 693 671 723 MMoRi
685 694 841 724 ENTES
866 684 1055 726 Plautus
1075 685 1179 726 fecit
1200 685 1408 726 fabulam.

306 750 355 791 In
378 749 538 791 Graeca
560 749 820 791 adolescens
842 756 925 801 est,
946 752 1021 805 qui
1043 753 1186 793 lenoni
1207 753 1337 806 eripit

305 817 597 867 Meretricem,
618 818 663 857 in
684 819 825 871 prima
845 818 1009 860 fabula.
1071 819 1182 860 Eum
1205 819 1390 861 Plautus
1410 821 1555 862 locum

304 886 508 939 Reliquit
529 886 770 939 integrum:
803 899 901 928 eum
921 886 989 928 hic
1012 887 1158 928 locum
1184 889 1343 929 sumsit
1365 889 1452 930 sibi
1701 892 1754 932 10

303 954 357 994 In
380 953 681 1006 ADELPHos;
711 954 891 995 verbum
912 954 966 995 de
988 956 1121 996 verbo
1143 969 1405 1009 expressum
1426 957 1602 998 extulit.

304 1022 416 1063 Eam
435 1034 517 1062 nos
539 1021 681 1062 acturi
701 1035 852 1063 sumus
872 1035 1031 1064 novam
1050 1037 1060 1065 :
1092 1024 1355 1077 pernoscite,

301 1145 332 1173 et
346 1143 450 1174 notar-i
465 1143 503 1174 ab
520 1142 666 1184 improbis
679 1142 850 1174 hominibus
868 1147 959 1184 atque
973 1143 1160 1174 adversariis
1175 1143 1365 1174 obtrectandi
1378 1144 1496 1182 gratia,
1510 1147 1540 1174 et
1555 1143 1753 1183 Comoecliam,

302 1196 393 1225 quam
407 1186 578 1217 exhibituri
592 1196 707 1222 sumus,
723 1186 760 1216 ab
775 1187 823 1217 his
838 1187 1019 1226 reprehendi
1035 1190 1065 1217 et·
1081 1187 1201 1226 culpari
1212 1197 1224 1223 ;
1252 1187 1380 1226 ipsemet
1392 1187 1466 1226 quid
1475 1185 1592 1224 fecerit
1606 1186 1690 1216 vobis
1705 1186 1754 1217 in-

301 1229 442 1266 dicabit,·
465 1239 518 1260 vos
537 1228 724 1267 judicabitis
752 1232 857 1260 utrum
873 1229 998 1267 factum
1021 1230 1109 1260 laude
1125 1229 1254 1268 dignum
1269 1229 1323 1268 sit,
1342 1239 1382 1260 an
1398 1229 1576 1270 vituperio..
1606 1228 1754 1269 Diphilus

301 1271 401 1302 Po'e'ta
414 1272 545 1303 comicus
561 1273 692 1303 Grcecus
710 1272 894 1304 Comoediam
901 1272 996 1311 fecit,
1011 1282 1102 1313 quam
1118 1272 1229 1303 Graece
1243 1272 1560 1312 Synapothnescontes
1575 1271 1752 1312 inscripsit:

301 1324 368 1345 eam
390 1315 527 1346 Plautus
550 1315 664 1346 Latine
685 1316 864 1355 composuit,
885 1319 916 1346 et
943 1315 1180 1346 Commorientes
1200 1314 1381 1347 nominavit.
1427 1315 1467 1345 In
1492 1315 1605 1346 Graeca
1629 1314 1754 1355 Diphili

301 1357 425 1397 quidam
439 1358 597 1389 inducitur
611 1359 783 1389 adolescens
794 1359 918 1399 rapiens
931 1359 1032 1389 lenoni
1040 1358 1243 1394 meretricem,
1254 1359 1287 1389 in
1299 1357 1402 1398 prima
1411 1360 1499 1397 parte
1518 1358 1642 1389 Fabula»
1654 1369 1665 1395 ‚·
1687 1367 1755 1388 eum

302 1401 400 1431 locum
425 1401 552 1441 reliquit
578 1401 713 1432 Plautus
737 1401 911 1433 intactum.-
934 1401 984 1432 hic
998 1410 1069 1432 vero
1088 1401 1185 1432 Po'e'ta
1205 1401 1365 1432 Terentius
1381 1401 1459 1431 hunc
1480 1401 1577 1432 locum
1592 1401 1754 1432 transtulit

302 1443 336 1474 in
361 1443 529 1484 Adelphos,
551 1447 581 1475 et
601 1454 641 1475 ex
665 1445 777 1475 Graeco
798 1444 832 1475 in
848 1444 996 1475 Latinum
1009 1448 1130 1475 vertens
1145 1443 1333 1475 ornatiorem
1348 1444 1494 1475 reddidit.
1541 1444 1622 1474 Eam
1639 1444 1755 1474 Comoe·

301 1486 388 1517 diam
410 1496 531 1528 novam,
547 1496 653 1528 nempe
668 1487 833 1528 Adelphos,
853 1487 949 1528 vobis,
962 1490 1158 1528 spectatores,
1174 1497 1255 1518 nunc
1278 1487 1380 1518 acturi
1404 1490 1434 1518 et
1456 1486 1621 1518 recitaturi
1638 1495 1753 1518 sumus,

916 1581 1151 1593 N‘O‘OMO‘O

307 1647 472 1679 West.—2
498 1646 625 1688 Iniquos
651 1647 826 1688 observare]
854 1648 966 1688 Vulgo
992 1648 1041 1679 Ab
1064 1648 1178 1689 iniquis
1192 1647 1362 1679 observari.
1408 1647 1494 1680 Quae
1511 1647 1754 1687 grammatistae

302 1690 479 1730 cujusdam
495 1690 574 1721 mihi
591 1690 728 1722 videtur
740 1693 924 1730 correctio,
941 1691 1107 1731 caventis,
1125 1701 1167 1722 ne
1184 1690 1318 1732 iniquos
1333 1701 1350 1722 a
1367 1690 1540 1731 scriptura
1555 1689 1753 1721 observatos

303 1734 503 1774 acciperent
529 1734 684 1774 pueruli3
709 1734 798 1775 quod
822 1744 944 1766 cavere
972 1735 1122 1775 ineptum
1154 1737 1218 1764 est.
1263 1733 1341 1766 Jam
1366 1743 1432 1765 una
1457 1734 1529 1764 haec
1556 1733 1755 1772 sententia3

304 1786 380 1807 curn
416 1777 516 1817 vulgo
545 1777 644 1808 aliter
671 1777 817 1816 dicatur,
846 1777 1049 1818 scripturam
1078 1775 1272 1815 observa1·i;
1302 1776 1416 1815 aliter,
1439 1775 1650 1807 adversarios
1681 1786 1754 1806 eam

303 1829 424 1859 rapere
438 1820 470 1850 in
483 1820 631 1860 pejorem
647 1825 777 1860 partem
791 1830 799 1858 ;
817 1820 904 1861 quod
919 1830 1023 1861 genus
1039 1820 1112 1851 vitii
1127 1819 1278 1860 inprimis
1294 1817 1429 1859 fugiunt
1444 1819 1540 1859 probi
1558 1819 1753 1858 scriptores.

302 1862 463 1894 Both.—3
483 1862 550 1901 Pej.
565 1872 631 1903 rap.
648 1865 681 1894 in
695 1866 816 1904 partem
833 1863 999 1894 Rom—4
1022 1863 1111 1903 Gny.
1138 1863 1187 1893 De
1209 1872 1241 1893 se
1257 1863 1322 1901 ipse
1345 1862 1461 1892 indicio
1485 1862 1557 1893 erit.
1586 1862 1658 1893 ΕΡ.
1683 1862 1755 1902 Ipse

301 1906 338 1936 tle
354 1915 386 1936 se
401 1906 515 1936 indicio
531 1906 604 1937 erit.
649 1906 809 1938 Bartliius
827 1911 938 1937 tamen
956 1905 1099 1937 Advers.
1118 1914 1186 1936 xn.
1200 1908 1230 1936 6.
1258 1905 1450 1944 contendit,
1468 1903 1647 1945 legendum
1666 1914 1755 1943 esse,

302 1948 424 1979 Indicio
439 1950 477 1979 de
491 1958 524 1979 se
540 1949 606 1990 ipsa
621 1949 681 1980 erit
696 1960 708 1987 ;
730 1955 764 1980 et
777 1948 814 1979 τὸ
827 1949 894 1990 ipsa
912 1949 1126 1980 referendum
1155 1948 1195 1979 ad
1223 1946 1260 1978 τὸ
1287 1952 1294 1964 ‘
1307 1946 1534 1988 scripturam?
1579 1947 1666 1978 Mss.
1685 1947 1754 1988 qui—

303 1991 381 2022 dam
398 1996 433 2023 et
449 1991 530 2022 editi
548 1996 701 2023 veteres:
726 1996 757 2023 et
770 2002 834 2023 vos.
861 1993 968 2023 West.
1016 1992 1137 2022 Indicio
1153 1993 1189 2022 de
1203 2000 1234 2022 se
1249 1991 1313 2030 ipse
1328 1990 1404 2030 erit]
1422 1989 1643 2022 Commodum
1660 1990 1755 2021 vide-

303 2040 358 2065 tur
374 2035 451 2065 huic
470 2035 582 2065 versui
599 2035 822 2066 sustentando
839 2045 880 2065 ex
904 2036 998 2074 ‘ipse
1016 2033 1025 2047 '
1049 2035 1101 2064 vel
1118 2045 1150 2074 p,
1167 2034 1219 2064 vel
1236 2043 1261 2069 ε,
1278 2033 1428 2064 elidere:
1454 2034 1507 2065 vel
1530 2043 1573 2064 ex
1598 2034 1607 2050 ‘
1619 2033 1685 2064 erit
1697 2031 1706 2046 ’
1729 2037 1752 2064 t.

305 2078 365 2108 Fa.
411 2079 420 2094 ‘
436 2076 532 2108 Erit'
555 2077 747 2118 corripitur.
792 2079 855 2109 Vel
870 2077 971 2108 etiam
987 2077 1035 2108 sic
1050 2077 1191 2118 poteris,
1216 2076 1336 2106 Indicio
1362 2078 1398 2107 de
1424 2086 1488 2108 sese
1514 2076 1581 2116 ipse
1607 2076 1680 2115 erit,
1703 2085 1756 2107 vos

296 2119 430 2158 judices.
455 2121 558 2151 Bent.
604 2120 654 2151 De
669 2131 734 2152 sese
748 2122 813 2162 ipse
828 2121 900 2158 erit,
923 2130 975 2151 vos
990 2119 1038 2159 j.]
1064 2120 1173 2160 Vulgo
1194 2119 1384 2150 obscuratis
1401 2119 1539 2160 quidem
1556 2119 1668 2150 verbis
1683 2128 1756 2158 gra·

303 2164 402 2194 vilius
424 2173 456 2194 se
482 2163 560 2203 ipse,
583 2164 799 2203 numerisque
817 2164 982 2205 pessimis.
1006 2163 1170 2194 Both.—5
1193 2161 1235 2193 Τὸ
1250 2163 1282 2193 id
1295 2162 1392 2193 abest
1410 2173 1427 2192 a
1443 2162 1537 2193 libris
1553 2161 1754 2203 quibusdam

304 2206 444 2246 scriptis
461 2206 694 2246 etimpressis.
724 2207 824 2238 West.
871 2206 993 2244 Ducis.
1007 2205 1072 2246 op.]
1098 2205 1286 2246 Interpone
1304 2215 1487 2245 pronomen
1505 2205 1538 2235 id
1561 2209 1638 2245 post
1662 2206 1671 2222 ⁶
1686 2203 1754 2235 fac-

311 2248 408 2288 tum,'
433 2258 476 2280 ex
503 2249 599 2279 Bem.
626 2253 662 2280 et
678 2249 732 2280 Vi.
765 2249 826 2280 Fa.
870 2251 925 2280 Sic
955 2250 987 2279 in
1019 2248 1151 2279 duobus
1179 2248 1306 2288 Regiis.
1331 2248 1426 2279 Bent.
1471 2248 1509 2278 Id
1538 2247 1665 2279 omittit
1695 2247 1754 2278 ΒΓ.

304 2292 435 2322 Factum
460 2292 494 2321 id
519 2292 623 2322 Bent.
658 2292 735 2331 Bip.
769 2293 894 2332 Delpli.
921 2291 1023 2323 Both.
1049 2292 1209 2322 Peri-e
1246 2291 1568 2331 Synapothnescontes
1590 2291 1689 2321 Bent.
1714 2290 1753 2321 Z.

305 2335 434 2375 Delpli.
468 2335 544 2374 Bip.
572 2334 674 2365 Both.
705 2335 795 2365 Perl.
841 2335 1049 2375 Sinapothnes
1082 2338 1186 2364 contes
1214 2334 1308 2374 Disili
1337 2334 1462 2364 Bia-8
1498 2332 1622 2373 Eripit]
1654 2333 1754 2364 Hanc

303 2377 383 2409 lect.
413 2387 455 2408 ex
480 2378 563 2408 Mss.
590 2381 731 2408 tuentur
748 2378 805 2408 Fa.
823 2383 858 2409 et
875 2378 953 2408 Par.
1000 2377 1037 2408 In
1057 2377 1206 2416 plurimis
1226 2382 1338 2407 tamen
1356 2381 1409 2406 est
1426 2375 1537 2415 eripuit
1552 2387 1562 2406 .·
1586 2376 1755 2416 quomodo

304 2425 339 2451 et
362 2421 422 2451 Do.
446 2421 541 2460 legit,
569 2420 597 2450 si
625 2420 796 2451 credimus
820 2421 990 2459 Boeclero,
1011 2420 1069 2450 sed
1095 2420 1202 2459 eripit,
1229 2419 1256 2449 si
1283 2418 1426 2450 Faiirno.
1472 2418 1616 2449 Videtur
1641 2422 1754 2449 autem

305 2473 380 2495 esse
408 2472 518 2494 sermo
548 2462 590 2493 de
618 2472 655 2493 re
682 2463 855 2502 praesenti.
893 2464 989 2494 West.
1036 2462 1164 2493 Omnes
1195 2461 1266 2492 fere
1293 2462 1315 2492 l.
1340 2472 1365 2492 s.
1390 2466 1425 2492 et
1450 2460 1604 2492 Donatus
1635 2461 1755 2502 eripit.-

304 2506 395 2547 quod
423 2510 459 2536 et
487 2515 618 2536 versum
634 2505 750 2545 juvat,
767 2510 802 2537 et
818 2507 998 2537 convenire
1015 2505 1138 2545 alioqui
1155 2504 1258 2544 magis
1276 2504 1412 2535 videtur
1428 2502 1639 2544 loquenti-de
1657 2512 1757 2543 argu-

304 2552 418 2580 mento
434 2548 581 2587 Fabulae,
605 2549 653 2578 uti
670 2549 829 2588 praesenti
856 2559 954 2589 quam
981 2548 1156 2588 praeterito
1175 2557 1182 2578 ε
1201 2553 1238 2578 ut
1255 2548 1286 2577 in
1316 2548 1466 2587 Prologo
1484 2547 1650 2587 Eunuchi,
1687 2548 1697 2563 ‘
1716 2545 1755 2576 In

303 2601 344 2622 ea
361 2597 413 2622 est
431 2591 598 2631 parasitus
619 2590 748 2621 Colax.’
788 2591 939 2622 Faernus.
984 2591 1042 2622 Ita
1069 2591 1135 2621 duo
1163 2599 1205 2620 ex
1234 2591 1359 2621 nostris
1388 2589 1620 2621 vetustissimi.
1659 2589 1755 2620 Bent.

305 2635 434 2675 Eripuit
465 2634 570 2664 Ζ.-9
609 2633 818 2665 Meretricem.
863 2635 904 2665 In
924 2633 1023 2674 prima
1055 2634 1186 2672 Fabato,
1220 2643 1299 2672 enm,
1327 2633 1379 2670 ὅγε.
1404 2633 1463 2663 Br.
1509 2632 1591 2662 Eum
1617 2632 1713 2662 abest
1737 2641 1757 2662 a

303 2676 422 2708 Guelf.
439 2679 554 2707 2.—-10
582 2677 663 2707 Eum
677 2676 774 2707 abest
790 2686 809 2706 a
825 2677 874 2708 M.
890 2677 948 2707 sed
967 2677 998 2707 in
1022 2677 1144 2708 Boend.
1171 2676 1324 2707 additum
1349 2675 1499 2706 secunda
1514 2683 1627 2706 manu.
1673 2674 1756 2704 Per—

304 2729 420 2761 peram
438 2728 518 2749 vero
535 2718 624 2759 Guy.
638 2720 747 2750 locum
763 2719 850 2749 hunc
867 2720 1030 2757 solicitat,
1054 2720 1188 2759 legens:
1227 2719 1276 2749 hic
1300 2728 1370 2748 vero
1384 2717 1494 2748 sumsit
1517 2718 1587 2748 sibi.
1633 2717 1755 2757 Neque

303 2763 392 2793 enim
410 2762 570 2802 repetitio
583 2761 733 2802 ejusdem
750 2762 951 2793 substantivi
978 2763 1126 2793 insolens
1151 2766 1203 2792 est
1218 2761 1411 2791 Veteribus.
1439 2760 1538 2792 lVest.
1585 2760 1666 2790 Eum
1683 2760 1755 2790 hinc

303 2807 399 2837 locum
417 2806 456 2836 R.
475 2805 656 2836 [aima—12
682 2805 823 2836 Eamnos
838 2805 938 2836 «icturi
953 2805 1070 2845 sumus]
1095 2806 1167 2836 Hos
1186 2810 1254 2835 tres
1274 2813 1388 2834 versus
1405 2803 1537 2844 spurios
1554 2808 1651 2834 vocat
1665 2802 1756 2842 Guy-
