1966 3302
500 213 919 246 HssAu'roN'rmoR.
953 211 1063 242 Aer.
1089 211 1131 238 v.
1167 209 1233 239 sc.
1260 210 1290 238 ι.
1527 197 1613 239 649

165 317 254 358 CH.
301 313 485 368 Egone?
517 317 565 353 ut
585 311 682 365 ejus
704 309 913 358 animum,
943 306 1019 361 qui
1038 317 1152 346 nunc
1173 303 1351 344 luxuria
1369 306 1410 342 et
1431 302 1617 342 lascivia

167 383 350 432 Diffluit,
370 380 620 430 retundam
652 383 695 419 et
715 377 925 429 redigam,
947 380 1007 423 ut,
1027 386 1112 427 quo
1136 385 1182 412 se
1204 378 1364 420 vortat,
1385 370 1571 411 nesciat.

167 452 265 493 ME.
295 449 419 500 Quid
446 449 570 501 agis‘?
631 445 720 487 CH.
765 444 922 495 Mitte3
954 443 1048 482 sine
1081 454 1151 481 me
1187 441 1230 481 in
1266 439 1349 480 hac
1386 452 1431 480 re
1470 451 1621 491 gerere

335 516 442 558 mihi
461 528 639 556 morem.
700 513 800 554 ΜΕ.
833 512 955 552 Sino.

166 587 293 628 Itane
329 585 430 626 vis?
492 582 580 624 CH.
612 582 695 624 Ita.
757 580 855 621 ME.
888 579 1002 620 Fiat.
1062 576 1149 618 CH.
1184 574 1283 629 Age
1305 575 1414 630 jam,
1438 587 1618 615 uxorem

338 656 386 694 ut
406 654 613 702 arcessat,
636 654 774 704 paret.
1563 643 1622 683 75

171 722 278 772 Hic,
293 721 357 762 ita
377 723 423 761 ut
442 720 603 760 liberos
625 723 694 759 est
717 729 910 771 aequom,
932 714 1066 756 dictis
1091 712 1402 754 confutabitur.

171 789 256 831 Sed
271 788 455 843 Syrum!
517 786 614 828 ΜΕ.
648 784 770 836 Quid
787 786 918 826 eum‘?
978 782 1068 825 CH.
1104 781 1285 834 Egone?
1319 780 1352 820 si
1373 779 1492 829 vivo,
1509 778 1621 820 adeo

340 858 597 896 exornatum
621 854 756 903 dabo,

170 924 299 966 Adeo
322 923 559 977 depexum,
582 926 644 972 ut,
667 922 771 962 dum
793 920 930 969 vivat,
951 916 1196 959 meminerit
1219 929 1386 969 semper
1406 915 1516 965 mei3
1615 938 1639 971 ,ζ

172 991 262 1043 Qui
284 992 370 1032 sibi
388 1004 457 1031 me
479 1003 559 1043 pro
581 989 764 1030 ridiculo
787 1001 838 1029 ac
856 987 1177 1028 delectamento
1201 989 1346 1036 putat.

169 1136 285 1177 agam?
306 1142 340 1169 ut
356 1137 519 1177 reprimam
535 1137 618 1167 illius
634 1138 776 1170 mentem,
792 1136 845 1174 qui
858 1134 1023 1165 dissolutus
1039 1135 1086 1162 est
1103 1131 1229 1162 libidine
1245 1135 1274 1162 et
1289 1131 1476 1171 petulantia,
1493 1133 1521 1161 et
1538 1131 1633 1161 deslu-

170 1192 237 1212 cam
258 1182 291 1212 in
312 1191 380 1212 eum
399 1184 514 1211 statum
538 1183 572 1210 ut
589 1180 703 1209 nesciat
722 1179 754 1208 z'n
771 1188 861 1218 quam
873 1181 995 1217 partem
1010 1185 1041 1205 se
1056 1177 1168 1205 vertat.
1216 1175 1289 1205 ME.
1315 1175 1399 1210 Quid
1407 1173 1519 1212 fucis?
1564 1174 1633 1204 CH.

174 1225 293 1255 Omitte
307 1234 344 1254 αι·
357 1223 502 1263 permitte
516 1222 696 1260 satisfacere
712 1222 814 1252 animo
837 1231 901 1251 meo
924 1219 958 1250 in
984 1219 1041 1249 hac
1064 1227 1109 1249 re.
1154 1218 1227 1248 ΜΕ.
1253 1218 1325 1247 Non
1349 1217 1490 1257 impedio.
1543 1217 1634 1248 Visne

171 1270 206 1297 ut
221 1265 366 1308 itafiat?
411 1267 479 1297 Cn.
504 1266 553 1296 Ita
575 1266 651 1296 volo.
697 1265 772 1295 ME,
798 1263 885 1294 Fiat.
930 1263 999 1293 CH.
1022 1261 1108 1300 Age,
1123 1264 1157 1291 ut
1172 1261 1244 1299 jum
1262 1260 1367 1290 Clinia
1385 1263 1520 1290 accersat
1538 1259 1633 1290 Anti-

172 1311 303 1350 philam,
318 1313 470 1349 praepuret
486 1318 516 1339 se
540 1309 579 1338 ad
598 1307 732 1348 nuptias.
779 1306 845 1337 Hic
860 1303 1034 1346 (Clitipho)
1050 1305 1096 1334 ita
1110 1303 1211 1334 verbis
1235 1303 1390 1334 convictus
1406 1302 1634 1341 objurgabitur,

175 1356 210 1382 ut
230 1352 352 1390 justum
373 1355 418 1383 est
442 1351 620 1391 reprehendi
642 1350 754 1380 liberos
769 1360 788 1379 a
803 1349 1007 1389 pa·1·entibus;
1030 1348 1082 1377 sed
1111 1346 1227 1388 Syrum
1253 1347 1382 1386 puniam
1405 1345 1554 1385 supplicio
1577 1355 1635 1385 quo

174 1396 289 1434 dignus
316 1398 374 1426 est.
421 1395 492 1425 ΜΕ.
529 1394 594 1424 Cur
622 1393 710 1424 illum
736 1393 871 1432 punies?
916 1393 985 1423 Cu.
1024 1388 1218 1426 Quoerisne?
1251 1389 1287 1419 Si
1317 1390 1381 1420 ritu
1408 1392 1559 1429 superest,
1586 1388 1635 1418 ita

175 1439 266 1468 illum
285 1438 454 1475 excultum,
479 1437 622 1477 politum,
646 1442 676 1466 et
704 1439 836 1466 comtum
862 1434 952 1473 dabo,
976 1436 1010 1464 ut
1035 1433 1095 1463 mei
1120 1442 1239 1472 semper
1264 1432 1480 1462 recordaturus
1495 1432 1561 1462 sz't:
1584 1431 1637 1471 qui

173 1480 305 1522 (Syrus)
317 1483 408 1522 putat
423 1490 470 1511 me
484 1489 547 1511 esse
561 1480 703 1519 dignum,
729 1489 816 1519 quem
842 1478 975 1509 ludibrio
1000 1476 1122 1516 habeat,
1144 1479 1175 1506 et
1188 1475 1297 1513 Jhlcat.
1345 1475 1405 1506 Dii
1418 1475 1463 1506 ita
1480 1474 1556 1505 mila·
1571 1474 1635 1505 sint

777 1584 1017 1596 οθοΜΜΝο

179 1667 209 1694 te
232 1662 376 1694 simulato
398 1672 426 1694 e.
456 1662 480 1693 i.
507 1661 657 1701 rogitato.
704 1659 868 1691 Admirarz'
896 1668 959 1699 pro
988 1659 1028 1690 Id
1054 1667 1096 1689 m.
1123 1655 1238 1689 Guelf.
1258 1659 1287 1687 1.
1318 1655 1429 1687 Abest
1447 1656 1502 1687 hoe
1516 1658 1635 1688 3.-72

179 1706 309 1737 Nonius
330 1705 516 1737 Marcellus
535 1706 617 1743 Ego,
632 1714 680 1735 πα»
694 1704 722 1734 sz'
739 1705 821 1734 vivo.
838 1703 888 1734 Μ.
903 1701 976 1733 ΕΤ.
998 1701 1046 1732 ilci
1061 1702 1207 1732 animum.
1237 1701 1322 1731 Mss.
1339 1700 1403 1730 duo
1421 1699 1581 1738 Boecleri‚
1593 1699 1638 1731 G.

182 1749 263 1780 EM.
287 1748 371 1779 illius
385 1748 531 1779 animum.
554 1748 660 1778 West.
705 1747 797 1777 Illius
827 1746 888 1777 ΒΥ.
903 1744 1006 1776 Both.
1018 1744 1098 1785 Bip.
1115 1743 1240 1783 Delph.
1279 1744 1317 1774 In
1331 1743 1459 1774 luxuria
1476 1741 1591 1773 Guelf.
1609 1745 1639 1774 1.

178 1794 262 1823 ——73
286 1791 370 1822 Mss.
387 1792 534 1832 plusculi
552 1790 689 1832 Defluz't.
735 1790 781 1820 Et
803 1788 967 1820 omittunt
993 1788 1097 1819 Bent.
1122 1786 1216 1817 Perl.
1246 1786 1285 1816 Z.
1313 1786 1526 1826 Delph.—74
1550 1786 1636 1817 Mss.

181 1834 317 1875 quidam
335 1834 421 1869 Quid
443 1832 517 1866 ais?
544 1834 600 1864 alii
617 1844 652 1864 uc
667 1833 734 1864 sine
748 1841 808 1864 me.
853 1831 923 1862 Pro
937 1831 1002 1861 sino
1025 1831 1110 1861 Dae.
1128 1835 1254 1869 praeter
1272 1828 1372 1859 fidem
1391 1828 1547 1860 codicum
1569 1828 1637 1859 sine

178 1878 277 1918 legit,
303 1882 338 1908 et
364 1877 538 1909 Chremeti
567 1876 689 1907 tribuit
707 1886 714 1907 :
739 1874 829 1916 quod
847 1874 980 1905 scilicet
1008 1873 1234 1904 Menedemus
1253 1882 1319 1903 non
1339 1877 1442 1912 queat
1460 1872 1637 1903 commode

179 1920 307 1961 dicere,
330 1919 457 1959 ‘Sino,'
474 1925 654 1961 autequam
671 1923 838 1959 rogasset,
862 1922 869 1934 ‘
881 1917 979 1948 Itane
996 1915 1076 1948 vis?'
1106 1916 1203 1947 Idem
1218 1915 1378 1955 placebat
1388 1916 1430 1946 V.
1445 1915 1484 1946 C.
1505 1915 1638 1947 Jacobo

180 1962 370 1995 Perizonio.
399 1965 494 1995 West.
541 1963 638 1994 Mitte
654 1973 689 1994 ac
704 1964 780 1993 sine.
826 1961 866 1991 In
884 1961 981 1991 Bem.
1000 1959 1192 2000 asyndeton
1219 1964 1284 1998 est,
1306 1958 1408 1994 mitte,
1431 1958 1518 1989 sine:
1547 1958 1638 1998 quod

180 2007 354 2038 concitate
366 2006 520 2047 loquenti
535 2007 660 2047 aptius.
678 2006 739 2037 Fa.
770 2003 898 2035 Omnes
911 2004 1032 2041 nostri,
1047 2002 1136 2033 mitte
1151 2012 1186 2032 ac
1197 2002 1286 2038 sine,·
1308 2010 1373 2042 quo
1388 2010 1505 2032 versus
1523 2010 1639 2031 nume-

181 2050 286 2081 rosior
301 2049 351 2081 fit.
375 2049 473 2081 Rem.
519 2049 574 2080 Ita
587 2054 622 2080 et
638 2049 698 2080 Br.
715 2046 819 2079 Both.
832 2047 923 2078 Perl.
944 2046 1084 2078 Dimitte
1100 2043 1217 2077 Guelf.
1232 2048 1262 2076 2.
1280 2047 1396 2076 3.—75
1421 2045 1490 2083 Age
1507 2044 1578 2083 jam
1602 2047 1639 2075 ut

180 2102 309 2129 uxorem
324 2097 471 2131 accersat,
488 2096 590 2133 paret.
615 2093 713 2123 Rem.
738 2092 786 2122 Ac
801 2089 881 2128 jam.
929 2089 1060 2121 Omnes
1089 2098 1170 2119 vero
1197 2091 1367 2129 quotquot
1391 2094 1470 2118 sunt
1495 2088 1515 2118 l.
1539 2097 1565 2118 s.
1592 2087 1640 2118 ita

180 2135 376 2167 collocant:
399 2145 526 2166 uxorem
539 2138 575 2166 ut
589 2137 739 2166 accersat.
765 2134 825 2165 Fa.
864 2132 913 2164 Ac
926 2132 998 2171 jam
1023 2132 1125 2163 Bent.
1148 2132 1242 2163 Perl.
1268 2131 1372 2161 Botb.
1401 2131 1479 2170 Bip.
1504 2131 1512 2146 ‘
1528 2130 1638 2162 Paret.

181 2178 232 2210 Μ.
248 2188 323 2209 cum
341 2177 472 2209 duobus
488 2178 581 2209 Pall.
595 2180 761 2218 praeparet.
799 2176 855 2207 Ita
870 2181 906 2207 et
924 2176 1006 2206 Mss.
1024 2184 1142 2205 omnes
1169 2173 1333 2212 Boecleri,
1357 2177 1392 2204 et
1416 2174 1490 2204 ΕΡ.
1515 2173 1640 2204 Boend.

183 2226 219 2252 et
242 2222 316 2252 EA.
336 2224 495 2262 proeparet
519 2220 572 2252 se!
595 2221 704 2252 West.
746 2219 900 2250 Accersat
912 2221 1069 2259 praepuret
1085 2218 1146 2249 Br.
1184 2219 1334 2248 Accersat
1350 2217 1476 2256 Delph.
1502 2217 1545 2246 Et
1559 2227 1639 2257 μιγε-

177 2268 268 2304 puret
283 2274 315 2296 se
331 2263 493 2295 Guelf.l.
527 2264 692 2304 Praeparet
708 2266 740 2295 2.
756 2265 787 2294 3.
832 2261 887 2292 Ita
916 2267 950 2292 et
980 2267 1049 2292 vet.
1077 2260 1154 2291 cod.
1184 2270 1239 2300 ap.
1270 2259 1455 2291 Lind.—-77
1488 2259 1641 2300 Reponit

181 2308 284 2338 Bent.
307 2308 390 2346 Ego,
410 2308 438 2338 si
454 2307 537 2346 vivo,
559 2316 627 2338 eum
642 2307 716 2337 adeo
730 2308 915 2337 eccm-natum
929 2304 1020 2335 daho.
1064 2303 1121 2334 Ita
1138 2308 1174 2334 et
1198 2303 1290 2333 Perl.
1326 2303 1427 2333 Both.
1450 2302 1533 2342 legit
1558 2303 1641 2342 Ego,

183 2351 211 2380 si
234 2350 317 2389 vivo,
339 2360 388 2380 πω·
412 2351 487 2381 adeo
514 2360 541 2380 e.
566 2351 597 2380 d.
630 2349 722 2388 ‘Ego
748 2358 797 2380 me
822 2348 850 2379 si
865 2347 946 2388 vivo,
968 2347 1043 2378 adeo
1059 2356 1084 2378 e.
1100 2346 1188 2377 dabo.
1236 2346 1288 2376 Al.
1309 2343 1441 2384 Egone?
1467 2344 1555 2386 quod
1574 2355 1640 2375 non

182 2393 265 2424 satis
280 2393 343 2424 hoe
360 2394 434 2424 loeo
450 2393 623 2424 convenit.
670 2393 742 2424 Nos
775 2391 945 2432 sequimur
972 2391 1062 2421 Non.
1080 2389 1239 2420 Marcell.
1259 2393 1461 2429 veteresque
1478 2388 1556 2419 edd.
1573 2388 1641 2419 ΕΤ.

181 2436 267 2476 Arg.
284 2446 314 2468 c.
330 2435 427 2476 figg.’
449 2436 613 2475 Bz'p.—78
629 2435 675 2467 G.
700 2445 775 2466 cum
793 2434 866 2465 ET.
894 2438 929 2464 et
953 2433 1034 2464 EM.
1053 2433 1215 2471 Depexum
1231 2441 1335 2471 usque.
1361 2432 1460 2462 Bodl.
1482 2441 1588 2471 usque,
1606 2435 1641 2462 ut

181 2480 253 2509 dum
263 2479 361 2510 vivat.
380 2479 451 2509 ΕΡ.
467 2488 560 2519 usque
577 2480 649 2509 dum
664 2479 758 2509 vivat.
774 2477 883 2508 West.
912 2476 1000 2508 Adeo
1012 2477 1175 2516 depexum,
1197 2478 1233 2506 ut
1253 2476 1326 2505 dum
1339 2474 1440 2515 vivat,
1464 2474 1642 2505 meminerit

183 2531 301 2562 semper
315 2521 387 2552 mei.
430 2521 486 2552 Sic
503 2521 598 2552 dedit
611 2522 667 2552 Fa.
684 2526 719 2552 et
735 2520 784 2552 sie
801 2523 897 2551 extat
921 2519 1012 2559 apud
1038 2518 1199 2549 Nonium.
1244 2517 1312 2548 Sed
1340 2523 1411 2548 tres
1428 2527 1487 2556 „ex
1515 2517 1641 2548 nostris

182 2569 273 2596 notae
290 2565 442 2605 optimae,
464 2564 551 2595 Adeo
566 2565 727 2605 depexum,
753 2572 846 2604 usque
869 2566 905 2594 ut
927 2564 999 2593 dum
1013 2562 1102 2592 vivut
1117 2560 1292 2592 meminerit
1308 2570 1426 2600 semper
1441 2560 1514 2590 mei.
1560 2559 1642 2591 Plu-

183 2607 270 2646 rimi,
287 2617 380 2648 usque
395 2608 468 2638 dum
482 2607 588 2638 vivat.-
614 2608 671 2638 uni
689 2612 821 2638 tantum
839 2605 1075 2636 recentissimo
1093 2604 1193 2635 deest
1215 2614 1320 2644 usque.
1365 2603 1526 2643 Repone,
1554 2602 1642 2634 Adeo

182 2659 306 2690 pexum,
329 2659 424 2691 usque
436 2653 469 2680 ut
482 2651 552 2681 dum
568 2650 655 2681 vivat
669 2650 845 2680 meminerit
860 2658 978 2689 semper
988 2649 1060 2679 mei.
1085 2648 1187 2678 Bent.
1209 2647 1268 2678 ΒΓ.
1289 2646 1438 2686 ιιεᾳιιεξιιε
1453 2646 1526 2676 dum
1540 2645 1641 2686 rit-at,

186 2703 228 2722 m.
253 2702 280 2724 8.
302 2703 359 2724 me.
385 2691 501 2724 Guelf.
517 2696 547 2724 2.
573 2694 693 2733 depess.
708 2702 802 2732 usque
817 2693 988 2723 dum—79
1012 2690 1079 2721 Alii
1097 2690 1275 2721 deridiculo.
1321 2689 1405 2720 Pro'
1424 2689 1644 2720 delectamento

190 2735 274 2766 Mss.
292 2741 326 2766 et
343 2735 426 2766 editi
451 2736 599 2776 quidam,
621 2736 862 2766 oblectamento:
887 2733 977 2775 quod
995 2733 1152 2764 defendit
1168 2733 1258 2772 Guy.
1293 2733 1394 2764 lVest.
1446 2732 1645 2769 Legendum

190 2783 303 2809 monet
330 2778 431 2810 Bent.
459 2789 501 2809 ex
528 2779 730 2817 veterrimis,
755 2778 942 2809 deridiculo.-
966 2777 1053 2818 quod
1073 2781 1108 2807 et
1124 2785 1241 2807 versus
1259 2776 1435 2816 exposcit,
1451 2778 1485 2805 et
1503 2775 1647 2805 Plautus
