1966 3302
337 223 451 265 1002
818 234 856 265 Ρ.
891 235 1134 266 TERENTH
1170 236 1288 267 Arm

335 329 439 372 Nos
473 335 627 372 nostro
659 328 806 372 officio
838 330 948 372 nihil
970 331 1196 386 digressos
1231 345 1362 386 esse;
1394 338 1606 388 quantum
1637 335 1678 377 is
1713 348 1793 378 vo-

510 398 658 448 luerit,
1738 403 1795 445 10

337 467 505 509 Datum
547 479 647 507 esse
681 465 811 507 dotis.
892 467 983 508 DE.
1017 466 1138 518 Quid
1180 472 1270 519 tua,
1311 469 1500 510 malum!
1548 469 1595 511 id
1633 471 1793 513 refert?

508 533 667 574 CHRE.
700 533 871 587 Magni,
894 535 1132 588 Demipho.

337 602 428 643 DE.
453 601 557 643 Non
580 602 692 642 satis
714 606 796 652 est,
817 606 941 644 tuum
962 607 1003 644 te
1027 603 1223 646 officium
1243 604 1422 656 fecisse,
1442 605 1482 646 si
1501 619 1592 647 non
1613 606 1659 647 id
1678 606 1796 648 fama

507 670 726 724 approbat
739 671 756 711 ‘i

336 738 493 780 CHRE.
525 737 647 779 Volo
668 739 812 792 ipsius
831 753 1012 794 quoque
1031 741 1261 783 voluntate
1283 741 1371 782 hoc
1401 740 1513 791 fieri,
1535 754 1591 782 ne
1611 755 1659 783 se
1679 742 1795 797 ejec-

509 813 601 848 tam
623 807 853 861 praedicet.

335 915 367 946 ei
380 915 553 956 convenire,
569 919 605 946 ut
617 917 669 957 qui
684 917 727 948 sit
742 917 771 948 ei
787 927 842 948 usu
847 918 1089 957 familiaritatis
1104 919 1227 951 notior:
1248 929 1303 950 nos
1317 929 1337 951 a
1351 922 1456 950 nostro
1468 918 1566 960 officio
1585 928 1623 949 ne
1644 919 1799 950 tantulum

336 959 458 998 quidem
482 959 668 999 discessisse,
694 964 726 991 et
747 965 897 1000 quantum
921 961 1048 1000 argenti
1072 961 1100 992 is
1123 962 1262 1002 petierit,
1279 963 1400 993 dedisse
1415 962 1447 992 in.
1462 965 1575 993 dotem.
1618 961 1688 994 DE.
1715 962 1800 998 Quid

336 1005 403 1040 tua,
429 1003 543 1033 malum
556 1002 571 1034 !
593 1003 626 1033 id
651 1003 803 1034 interest?
849 1005 918 1036 CH.
942 1005 1070 1044 Magni,
1100 1005 1267 1045 Demipho.
1312 1006 1382 1036 DE.
1407 1005 1520 1036 Nonne
1548 1005 1626 1036 sutis
1652 1005 1711 1036 tibi
1737 1015 1801 1036 esse

337 1044 436 1083 debet,
452 1048 484 1076 te
499 1045 749 1087 officiosunctum
764 1057 841 1086 esse,
857 1047 996 1087 quamvis
1011 1048 1045 1078 id
1049 1047 1150 1086 famoe
1165 1048 1320 1079 hominum
1331 1047 1497 1088 probatum
1511 1045 1704 1085 nonfuerit?
1728 1048 1799 1079 CH.

341 1087 440 1128 Cupio
455 1088 551 1120 etiam
573 1089 606 1119 z‘d
622 1089 703 1131 fieri
717 1099 752 1121 ea
767 1100 828 1121 non
845 1091 957 1131 invita,
973 1100 1009 1122 ne
1024 1101 1056 1122 se
1076 1101 1095 1122 a
1116 1091 1203 1122 nobis
1217 1092 1376 1132 expulsam
1400 1091 1497 1132 possit
1510 1100 1755 1131 commemorare,
1769 1094 1800 1122 et

946 1186 1188 1200 “OWOO

338 1249 589 1292 persuadenda».
607 1249 753 1288 Phanio,
769 1256 820 1292 ut,
837 1251 1037 1295 Antiphone
1060 1255 1196 1294 relicto,
1212 1253 1320 1286 nubat
1339 1252 1552 1292 Phormioni,
1567 1252 1732 1293 expungit
1750 1255 1800 1283 ta·

337 1303 415 1324 rnen
442 1293 610 1334 Guyetus.
640 1294 742 1326 West.
789 1296 990 1337 Legendum
1013 1303 1131 1330 monet
1155 1298 1260 1330 Bent.
1287 1307 1329 1329 ex
1357 1295 1433 1328 cod.
1460 1296 1568 1327 Acad.
1582 1295 1643 1336 ipsi
1666 1296 1720 1336 qui
1745 1295 1800 1328 sit.

338 1337 394 1368 Ita
411 1342 445 1368 et
461 1336 522 1367 dat
547 1337 728 1369 PerL-—lo
752 1337 782 1368 A
808 1340 876 1370 Ms.
902 1340 1001 1373 Bodl.
1020 1341 1118 1373 abest
1133 1341 1171 1371 τὸ
1192 1350 1266 1373 esse.
1310 1340 1353 1372 G.
1376 1339 1459 1371 Wit.
1487 1338 1610 1370 Boend.
1637 1348 1712 1370 cum
1729 1338 1801 1370 ΕΡ.

337 1383 374 1414 et
398 1380 473 1411 EA.
500 1389 638 1419 egressos
646 1391 658 1417 ,·
682 1380 800 1413 itidem
831 1383 954 1414 omisso
980 1394 1056 1416 esse.
1082 1384 1188 1416 West.
1213 1384 1282 1415 Nos
1304 1385 1411 1414 nostro
1426 1382 1526 1424 officio
1549 1381 1630 1413 nihil
1653 1391 1801 1421 egressos.

337 1423 455 1464 Aliqui
470 1423 545 1454 libri
563 1433 624 1463 pro
640 1433 779 1464 egressos
796 1425 923 1458 habent
938 1427 1107 1467 digressos,
1121 1432 1157 1459 et
1179 1427 1214 1458 in
1230 1427 1271 1458 iis
1288 1432 1341 1458 est
1357 1426 1414 1457 Vi.
1432 1431 1467 1456 et
1491 1425 1590 1456 Bem.
1616 1425 1673 1463 qui
1696 1424 1800 1455 etiam

338 1476 401 1506 pro
425 1466 506 1497 nihil
522 1467 574 1496 vel
598 1466 656 1505 nil,
672 1467 762 1509 quod
787 1469 820 1499 in
848 1470 1018 1510 aliquibus
1046 1476 1112 1508 est,
1129 1470 1234 1502 habet
1256 1479 1339 1501 non:
1362 1468 1410 1500 ita
1437 1468 1594 1508 legimus,
1610 1468 1680 1499 Nos
1694 1471 1800 1498 nostro

335 1509 436 1551 officio
451 1519 512 1540 non
526 1508 708 1549 digresso35
731 1516 874 1553 utroque
892 1518 1006 1545 tamen
1031 1513 1131 1545 modo
1155 1518 1225 1545 stat
1242 1522 1372 1544 versus.
1397 1512 1457 1544 Fa.
1507 1511 1571 1542 Nos
1585 1515 1690 1542 nostro
1703 1510 1802 1553 officio

338 1562 398 1583 non
419 1553 575 1592 digressos
589 1563 653 1583 esse
666 1564 679 1591 ,·
701 1558 850 1594 quantum
873 1556 901 1586 is
923 1557 1069 1594 voluerit,
1085 1557 1206 1588 Datum
1221 1565 1285 1588 esse
1310 1555 1403 1587 dotis.
1450 1554 1570 1587 Nostri
1593 1563 1709 1585 omnes
1723 1553 1805 1584 m'hz‘l

337 1605 493 1635 egressos.-
516 1599 676 1636 qmmtum.
723 1597 845 1628 Nullus
862 1601 1019 1639 agnoscit
1034 1599 1119 1631 illud
1141 1610 1216 1631 esse.
1262 1599 1418 1640 Repono,
1436 1598 1504 1628 Nos
1519 1599 1624 1628 nostro
1640 1596 1737 1638 officio
1758 1596 1803 1627 m'l

338 1639 518 1678 degressos:
542 1643 690 1679 quantum
705 1640 733 1670 is
754 1642 884 1673 voluerit
908 1643 993 1679 dari,
1009 1643 1130 1674 Datum
1153 1652 1217 1674 esse
1231 1642 1324 1674 dotis.
1369 1642 1379 1659 ‘
1400 1641 1595 1681 DngESSOS
1612 1639 1748 1678 officio,’
1765 1644 1803 1670 ”t

339 1682 476 1722 passim,
494 1685 502 1698 ‘
520 1682 701 1713 Decedere
727 1682 864 1716 officio!
888 1685 1006 1717 Plaut.
1033 1687 1109 1717 Cas.
1126 1695 1184 1717 ιιι.
1200 1689 1232 1718 5.
1247 1688 1302 1717 40.
1347 1684 1357 1702 ‘
1376 1684 1492 1715 Sciens
1520 1683 1562 1714 de
1581 1682 1635 1712 via
1652 1683 1684 1712 in
1702 1683 1802 1713 semi·

340 1730 409 1755 tam
434 1724 649 1765 degredere!
695 1726 704 1742 ‘
722 1725 831 1758 Dari'
861 1734 975 1759 autem
1007 1728 1206 1769 absorptum
1236 1733 1290 1759 est
1320 1737 1339 1758 a
1371 1727 1475 1758 verbo
1498 1725 1671 1767 sequenti.
1705 1725 1802 1756 Beue.

339 1768 493 1807 Egressus
516 1768 573 1799 ΒΓ.
589 1768 712 1799 omisso
730 1780 804 1801 esse.
849 1771 908 1802 Nil
923 1773 1093 1812 degressos,
1109 1776 1256 1812 quantum
1273 1772 1296 1802 i.
1313 1780 1343 1801 v.
1360 1770 1430 1801 dari
1446 1770 1549 1801 Both.
1594 1769 1669 1799 Non
1681 1768 1803 1807 digres-

338 1821 387 1841 sos
407 1820 469 1842 esse
487 1811 565 1850 ssip.
592 1811 652 1842 Nil
667 1813 826 1851 degressos
834 1824 845 1850 ;
868 1817 1054 1854 quantumi.
1072 1826 1100 1846 v.
1126 1815 1220 1846 Perl.
1259 1814 1353 1846 Nihil
1375 1822 1513 1852 egressos
1534 1822 1600 1843 esse
1624 1811 1748 1851 Delph.
1764 1810 1802 1841 τὸ

338 1863 403 1885 esse
421 1854 518 1884 abest
535 1854 660 1885 Z.——ll
687 1855 806 1886 Datum
823 1859 906 1888 dotis
922 1858 983 1889 ΒΓ.
1029 1859 1113 1893 Quid
1129 1863 1183 1889 tua
1206 1856 1357 1889 autemid
1372 1856 1491 1894 refert?
1513 1855 1702 1885 Both.-—12
1727 1854 1804 1885 Me-

339 1897 406 1928 lius
422 1898 498 1935 erit,
515 1907 648 1928 versum
667 1898 756 1929 hunc
774 1900 927 1931 tribuere
954 1900 1143 1940 Chremeti,
1160 1901 1367 1932 observante
1391 1897 1576 1930 Palmerio.
1623 1895 1739 1937 Atque
1757 1897 1804 1928 ita

341 1940 433 1981 Guy.
455 1941 556 1971 West.
603 1941 677 1971 Non
700 1945 749 1972 snt
768 1946 853 1973 tuum
876 1944 1009 1985 officium
1024 1943 1196 1982 fecisse‚sz'
1221 1954 1282 1974 mm
1306 1943 1339 1973 id
1354 1941 1446 1980 fama
1461 1940 1634 1980 approbat?
1656 1940 1698 1970 In
1715 1939 1803 1970 libro

341 1983 507 2015 Bembino
523 1988 558 2014 et
573 1984 770 2015 victoriano
788 1986 914 2026 legitur
930 1987 994 2017 hoc
1012 1987 1125 2024 modo,
1140 1987 1213 2017 Non
1228 1986 1305 2017 satis
1321 1988 1366 2015 est
1381 1988 1468 2015 tuum
1482 1986 1513 2014 te
1528 1981 1782 2025 officiumfecisse
1794 1994 1804 2013 .-

341 2027 401 2057 sed
417 2027 480 2056 hoc
499 2026 597 2057 modo
621 2036 739 2057 versus
763 2028 950 2068 impeditus
974 2034 1078 2069 esset,
1093 2029 1152 2060 nisi
1170 2029 1260 2060 forte
1276 2028 1385 2060 elidas
1401 2036 1443 2057 ex
1452 2025 1570 2064 secisse
1585 2035 1688 2057 unum
1703 2035 1730 2064 s,
1745 2030 1806 2056 aut

341 2069 602 2100 collocationem
630 2069 716 2101 hanc
743 2080 901 2112 sequare,
916 2082 992 2113 quae
1020 2073 1054 2103 in
1078 2072 1248 2113 aliquibus
1266 2071 1361 2102 libris
1385 2069 1521 2109 scriptis
1546 2073 1623 2100 est:
1645 2069 1680 2100 id
1699 2068 1729 2099 si
1743 2078 1805 2099 non

338 2113 424 2148 fama
446 2112 605 2152 approbat.
629 2112 688 2144 Fa.
733 2114 803 2145 DE.
830 2114 904 2146 Non
926 2116 1005 2146 satis
1026 2119 1071 2146 est
1088 2119 1175 2147 tuum
1198 2119 1230 2146 te
1244 2114 1376 2157 officium
1393 2113 1524 2152 secisse,
1538 2112 1567 2143 si
1587 2121 1648 2143 non
1662 2111 1697 2142 id
1713 2110 1806 2150 falna

340 2153 517 2196 approbat?
565 2155 599 2186 Si
628 2155 701 2187 haec
732 2162 829 2188 recte
859 2158 999 2198 habent,
1036 2159 1090 2189 vel
1119 2159 1299 2199 legendum
1324 2157 1379 2189 hic
1400 2156 1483 2195 faxe
1510 2164 1572 2196 pro
1590 2154 1730 2193 fecis-«su
1768 2158 1806 2185 ut

342 2200 351 2215 ‘
369 2198 482 2229 faxem
498 2198 506 2211 ’
522 2208 583 2238 pro
609 2198 618 2215 ‘
634 2197 791 2230 fecissem
808 2200 828 2231 :’
857 2201 1001 2232 Plautus
1026 2201 1154 2233 Pseud.
1182 2211 1206 2233 1.
1224 2205 1254 2233 5.
1277 2203 1330 2232 84.
1376 2204 1385 2217 ‘
1402 2198 1593 2230 Pistrinum
1619 2198 1654 2228 in
1680 2196 1806 2228 mundo

342 2241 481 2280 scibam,
498 2241 524 2272 si
541 2241 574 2272 id
591 2240 721 2281 faxem‚
733 2242 847 2275 mihi?
871 2245 939 2283 vel,
954 2248 991 2276 ut
1009 2248 1045 2276 et
1062 2244 1127 2276 duo
1151 2253 1195 2276 ex
1220 2243 1345 2275 nostris
1372 2242 1514 2281 habent,
1529 2241 1562 2272 id
1576 2241 1605 2271 si
1619 2251 1692 2272 non.
1737 2239 1803 2272 Sed

340 2284 582 2325 corrigendum
613 2290 666 2316 est
681 2285 810 2324 facere;
832 2291 1002 2327 praeterea
1027 2287 1185 2319 tollendae
1211 2292 1291 2319 sunt
1313 2287 1380 2318 illae
1406 2290 1496 2316 notae
1519 2285 1749 2316 Personarum
1773 2286 1810 2314 et

342 2328 638 2368 Interrogationis.
683 2329 808 2360 Omnia
823 2330 896 2361 haec
912 2331 1103 2362 Chremetis
1120 2336 1212 2370 sunt,
1228 2330 1298 2372 qui,
1314 2334 1352 2360 ut
1367 2337 1430 2370 par
1443 2332 1529 2365 erat,
1546 2327 1710 2375 rationem
1729 2325 1806 2375 red-

342 2370 408 2410 dit,
424 2380 485 2402 cur
509 2375 517 2388 ‘
534 2371 648 2411 magni
674 2381 735 2403 sua
750 2372 921 2404 referret!
966 2374 1058 2414 Lege
1075 2374 1178 2414 igitur
1195 2378 1230 2405 et
1252 2373 1437 2412 distingue,
1454 2371 1525 2402 CH.
1551 2371 1682 2408 Magna,
1696 2369 1807 2418 Deon-

339 2414 413 2454 pho.
460 2414 535 2445 Non
549 2415 627 2445 satis
642 2418 688 2445 est
702 2418 789 2447 tuum
804 2419 834 2448 te
861 2417 994 2459 qfficium
1006 2417 1127 2457 facere,
1142 2417 1234 2455 fama
1248 2416 1276 2447 si
1290 2416 1323 2447 z'd
1338 2425 1399 2446 mm
1413 2414 1582 2455 approbat.-
1612 2412 1688 2445 Volo
1707 2420 1807 2452 tpsms

342 2466 460 2497 qaoque
474 2458 632 2488 voluntate
655 2457 720 2489 haze
733 2459 825 2499 fieri,
841 2469 878 2490 ne
891 2470 923 2490 se
948 2460 1077 2499 ejectam
1095 2460 1251 2501 praedicet.
1297 2462 1306 2476 ‘
1324 2459 1404 2490 Non
1428 2457 1510 2488 satis
1527 2462 1580 2488 est
1597 2460 1631 2487 te
1653 2453 1806 2487 facerez'

343 2500 517 2531 sententia
543 2501 734 2539 generalis3
758 2506 793 2533 et
815 2503 958 2542 proinde
984 2508 1152 2544 praesente
1178 2507 1334 2542 tempore
1354 2500 1463 2539 facere
1487 2498 1716 2540 proferenda3
1737 2506 1805 2529 non

344 2542 462 2579 fecisse,
479 2553 545 2583 quo
563 2543 605 2573 ad
624 2553 692 2574 rem
708 2544 794 2575 hanc
811 2546 916 2577 solam
939 2550 1149 2577 coarctetur.
1174 2546 1270 2577 Bent.
1313 2544 1355 2575 Τὸ
1378 2546 1407 2575 te
1435 2543 1530 2575 abest
1546 2543 1606 2574 ΒΓ.
1655 2541 1728 2573 Non
1741 2543 1805 2579 sue,

344 2588 374 2615 te
388 2586 520 2627 officium.
533 2587 794 2626 tuumsecisse‚f.
811 2598 836 2619 s.
855 2589 877 2620 i.
893 2599 924 2620 n.
940 2599 971 2620 α.
994 2589 1099 2620 Both.
1115 2588 1172 2629 qui
1195 2589 1298 2619 etiam
1326 2586 1502 2618 Chremeti
1522 2585 1654 2622 tribuit,
1671 2588 1707 2615 et
1726 2592 1804 2632 cuom

344 2628 406 2658 Br.
423 2638 487 2659 non
506 2629 706 2670 interrogat.
752 2631 926 2663 Chremeti
951 2641 1082 2674 quoque
1110 2631 1223 2663 reddit
1249 2630 1328 2671 Bip.
1345 2634 1528 2670 notamque
1543 2626 1684 2668 rogandi
1702 2626 1806 2665 tollit,

343 2676 379 2701 et
394 2671 479 2711 legit
495 2672 528 2701 id
543 2672 570 2702 εἰ
585 2683 656 2703 non.
702 2673 902 2714 Interrogat
926 2675 1021 2707 Peri.
1049 2680 1124 2715 post
1140 2674 1278 2713 fecisse.-
1295 2673 1432 2714 secisse?
1452 2682 1477 2703 s.
1494 2681 1526 2702 n.
1549 2671 1574 2702 i.
1591 2669 1802 2718 fiuapprobut·

346 2714 419 2744 Non
443 2717 490 2744 sac
520 2717 607 2745 tuum
630 2719 659 2746 te
677 2716 715 2746 Z.
732 2717 861 2757 Delph.
899 2716 929 2748 A
947 2717 1066 2750 Guelf.
1093 2721 1125 2750 3.
1150 2717 1275 2748 absunt
1301 2717 1500 2756 est,te.—13
1524 2713 1568 2745 G.
1586 2713 1667 2744 Wit.
1683 2711 1806 2744 Boend.

345 2765 419 2788 cum
438 2756 516 2786 edd.
534 2757 736 2797 quibusdam
754 2765 833 2799 post
853 2760 925 2792 ΕΡ.
948 2761 1013 2792 hoec
1027 2760 1116 2801 fieri.
1141 2761 1250 2791 West.
1287 2758 1458 2790 Proedicet.
1502 2757 1580 2789 Non
1599 2755 1805 2787 solieitanda

346 2799 419 2831 haec
436 2808 516 2839 vox,
529 2809 591 2831 nec
618 2801 785 2833 mutanda
805 2803 837 2834 in
853 2806 953 2844 putet,
968 2804 1060 2845 quod
1082 2803 1215 2836 faciunt
1240 2802 1329 2834 Gov.
1345 2806 1381 2833 et
1397 2801 1434 2832 F.
1455 2799 1489 2832 F.
1517 2798 1561 2831 ob
1578 2806 1724 2831 metrum
1741 2798 1805 2830 sci·
