1966 3302
561 209 908 266 ADELPHORUM
932 233 1042 264 Ac‘r.
1067 234 1108 264 v.
1141 234 1209 264 sc.
1233 233 1274 261 v.
1553 221 1641 264 779

189 333 265 375 Ita
284 347 361 375 eos
383 344 480 373 meo
500 332 651 373 labore
670 332 851 373 eductos
872 343 1097 379 maxumo,
1119 330 1319 371 hiefecit
1338 342 1458 379 suos,

192 402 335 444 Paulo
371 405 512 441 sumtu
529 414 538 441 :
580 400 802 441 miseriam
835 412 1009 441 omnem
1050 412 1132 452 ego
1165 399 1321 452 capio:
1363 398 1435 439 hic
1471 396 1639 452 potitur

365 467 541 519 gaudia.

193 535 304 588 Age,
327 548 422 589 age,
437 548 552 576 nunc
573 535 851 587 experiamur
871 538 1026 575 contra
1045 533 1155 581 haec,
1178 532 1284 586 quid
1304 545 1384 586 ego
1404 532 1604 586 possiem

193 603 365 644 Blande
385 602 541 652 dicere,
564 608 641 643 ant
661 602 846 654 benigne
866 601 1024 649 facere,
1047 599 1229 653 quando
1249 612 1302 639 eo
1324 604 1557 652 provocat.

191 669 290 722 Ego
313 683 488 724 quoque
511 683 538 711 a
556 670 667 710 meis
687 677 756 709 me
777 668 915 709 amari
935 671 980 709 et
998 667 1140 719 magni
1163 666 1297 719 pendi
1318 667 1526 720 postulo:
1588 665 1645 708 25

190 737 240 780 Si
259 737 302 778 id
324 722 535 777 fiffiffr‘xdo
553 741 688 789 atque
708 735 1005 793 obsequendo,
1023 723 1409 788 ‘tion-posteriores
1432 734 1586 776 feram.

194 805 378 846 Deerit?
408 803 453 844 id
473 817 573 845 mea
592 804 768 845 minime
786 794 929 853 refert,
952 803 1028 857 qui
1050 816 1148 844 sum
1166 807 1276 843 natu
1298 815 1551 844 maxumus.

803 860 868 874 *κ

193 924 339 965 cupiunt:
362 926 409 956 ita
429 929 589 966 postquam
603 934 652 956 eos
664 933 777 963 magno
799 923 899 955 labore
915 923 979 954 alui
995 926 1025 954 et
1042 923 1166 953 educavi
1178 933 1190 958 ;
1213 922 1262 952 hic
1278 932 1328 952 eos
1342 921 1403 952 sibi
1415 921 1646 962 propriossecit

186 966 281 1004 facili
304 970 437 1008 negotio.
487 969 586 999 Omne
611 968 832 998 incommodum
852 968 976 1006 patior:
1001 965 1050 997 hic
1073 975 1159 996 omne
1178 965 1327 1004 gaudium
1341 966 1491 1005 permpit:
1514 965 1563 995 eia
1577 974 1648 1003 age,

193 1012 347 1042 'tentemus
368 1021 438 1042 vero
461 1021 514 1042 nos
536 1011 685 1050 vicissim,
707 1020 807 1040 annon
830 1010 924 1040 etiam
947 1009 1096 1049 possimus
1119 1008 1238 1039 blandis
1252 1008 1351 1038 verbis
1367 1011 1396 1038 et
1411 1008 1556 1038 comitate
1570 1007 1648 1038 alios

194 1053 281 1084 nobis
306 1055 481 1092 conciliare,
510 1058 564 1085 aut
591 1053 733 1093 benignis
752 1052 854 1091 sactis
878 1056 909 1084 et
932 1051 1130 1083 liberalitate.
1178 1051 1247 1090 Ego
1264 1060 1377 1091 quoque
1400 1052 1491 1081 velim
1513 1060 1648 1081 amorem

193 1106 330 1128 meorum
351 1101 442 1137 atque
464 1097 627 1128 caritatem
650 1105 736 1136 posse
758 1095 900 1136 adipisci.
946 1094 983 1126 Si
1009 1095 1043 1125 id.
1065 1098 1260 1136 comparatur
1282 1094 1455 1132 largiendo,
1470 1097 1561 1133 atque
1576 1093 1648 1123 aliis

196 1141 423 1180 commodando,
444 1150 503 1171 non
524 1140 558 1171 in
577 1138 741 1180 postremis
752 1148 816 1177 ero,
829 1138 881 1178 qui
892 1138 975 1168 istud
988 1142 1224 1178 consequuntur.
1256 1136 1394 1178 Deficiet
1404 1147 1453 1168 res
1453 1136 1648 1175 flavidioris:

197 1182 232 1212 ia
246 1192 313 1214 mea
328 1183 452 1214 minime
465 1183 606 1221 interest,
622 1182 674 1223 qui
688 1185 780 1213 oetate
793 1181 965 1222 provectior
979 1191 1057 1212 sum.

804 1276 1040 1288 ooeeoeeeeaeoe

194 1347 284 1376 tant:
305 1343 435 1381 scilicet,
451 1343 504 1374 Ita
527 1343 585 1374 ΒΓ.
622 1343 784 1383 Est-petunt
804 1342 920 1374 Guelf.
938 1344 1056 1373 1.-22
1079 1341 1139 1371 Br.
1157 1340 1263 1371 Parvo
1277 1341 1477 1371 sumtu—23
1501 1339 1647 1370 Versum

195 1388 285 1418 hunc
301 1396 343 1417 ex
359 1387 494 1426 optimis
509 1385 733 1425 editionibus,
747 1386 943 1425 Juntarum,
959 1383 1052 1422 Aldi,
1073 1383 1249 1423 Stephani,
1263 1383 1337 1413 aliis
1353 1382 1519 1422 expressi.
1563 1382 1650 1412 Sunt

194 1434 325 1469 tamen,
341 1430 396 1470 qui
414 1430 553 1469 legunt:
576 1428 658 1467 Age,
673 1438 745 1468 age,
769 1438 848 1458 nunc
863 1428 934 1466 jam
958 1427 1155 1468 experiamur
1178 1436 1281 1466 porro,
1304 1430 1333 1456 et
1349 1425 1421 1465 quid
1439 1435 1495 1464 ego
1509 1425 1650 1465 possiem.

196 1473 304 1504 West.
348 1472 471 1503 Posset
487 1472 541 1502 hio
557 1481 674 1502 versus
689 1477 873 1512 meumque
891 1470 1088 1508 sustentari,
1114 1470 1234 1500 melius
1252 1474 1362 1499 tamen
1381 1468 1482 1499 habet
1505 1469 1537 1498 in
1554 1469 1650 1499 Beni.

197 1517 241 1547 A.
257 1527 288 1547 a.
303 1525 336 1546 n.
354 1515 424 1553 jam
439 1524 486 1546 ex.
509 1524 600 1555 porro
615 1517 735 1553 contra,
748 1517 780 1544 et
794 1524 822 1554 q.
839 1523 864 1545 e.
885 1524 916 1554 p.
942 1514 1000 1544 Fa.
1045 1513 1101 1543 Sic
1117 1522 1159 1542 ex
1177 1513 1273 1543 Bem.
1289 1521 1348 1541 suo
1364 1511 1459 1542 dedit
1476 1511 1534 1542 Fa.
1549 1520 1652 1541 versu

198 1565 424 1599 repugnante,
445 1566 658 1599 quocumque
673 1566 708 1588 se
725 1557 780 1587 ine
800 1557 954 1588 verterit.
998 1557 1050 1587 Ex
1067 1556 1191 1586 nostris
1214 1564 1297 1585 unus
1325 1554 1465 1594 Regius,
1485 1553 1654 1594 experiar-,¹

200 1607 237 1632 et
252 1602 299 1632 sic
316 1610 402 1631 unus
416 1610 457 1630 ex
474 1601 640 1631 Palatinis
659 1600 748 1640 apud
769 1599 926 1630 Pareum.
971 1599 1028 1630 Sic
1056 1599 1158 1635 igitur
1177 1598 1270 1638 legas
1289 1601 1323 1627 et
1340 1598 1540 1636 distinguas,
1562 1598 1603 1627 A.
1621 1607 1651 1627 a.

201 1644 378 1682 nuncjum:
401 1644 544 1683 experiar
563 1652 653 1683 porro
668 1646 787 1679 contra,
810 1642 916 1682 ecquid
932 1652 988 1681 ego
1002 1642 1142 1682 possiem.
1187 1642 1254 1671 Do.
1274 1646 1385 1670 tamen
1403 1640 1508 1680 magis
1524 1639 1652 1670 comice

199 1687 269 1718 dici
285 1691 382 1726 putat
398 1687 606 1726 experiamur,
624 1695 722 1726 qnam
739 1686 765 1716 si
782 1685 913 1716 diceret
928 1684 1082 1725 experiar.
1128 1684 1195 1716 Qui
1212 1685 1275 1714 hoc
1290 1683 1422 1724 probat,
1439 1684 1556 1721 legere
1576 1693 1654 1724 pos-

149 1755 153 1758 .
201 1730 245 1761 sit
260 1730 330 1768 Age
350 1739 428 1759 nunc
443 1729 524 1767 jam,
551 1730 765 1767 experiamum
790 1728 904 1759 deleto
930 1729 1043 1768 priore
1059 1737 1128 1764 age.
1176 1727 1289 1768 Atque
1307 1727 1340 1756 in
1356 1727 1420 1757 isto
1437 1735 1574 1756 numero
1589 1735 1652 1766 ego

201 1782 284 1804 snm.
309 1771 405 1803 Bent.
449 1771 641 1810 Distinguit
656 1776 823 1802 commate
841 1774 915 1811 post
929 1771 1060 1810 possiem
1077 1772 1136 1801 ΒΓ.
1163 1770 1265 1800 Both.
1282 1769 1341 1799 dat
1362 1774 1399 1799 ut
1416 1770 1518 1800 Bent.
1564 1769 1606 1799 A.
1621 1780 1652 1799 a.

200 1825 281 1847 nunc
289 1814 318 1853 j.
333 1815 475 1854 experiar
488 1824 520 1854 p.
536 1824 561 1844 c.
577 1814 684 1854 ecquid
699 1818 725 1845 e}
740 1814 868 1854 possiem
885 1814 962 1852 Bip.
978 1812 1147 1843 affirmans
1164 1818 1307 1843 metrum
1326 1813 1445 1842 melius
1464 1812 1654 1850 procedere

199 1868 274 1890 cum
290 1858 334 1896 τῷ
349 1857 492 1897 experiar
508 1865 607 1897 quam
624 1857 831 1898 experiamur.
876 1857 1088 1895 Experiamur
1102 1859 1220 1894 contra,
1242 1855 1351 1895 ecquid
1374 1855 1412 1885 Ζ.
1447 1854 1489 1885 A.
1506 1864 1537 1885 a.
1555 1854 1584 1893 j.
1599 1865 1654 1891 ex-

196 1901 355 1942 periamur
367 1911 398 1941 p.
415 1910 440 1930 c.
455 1904 485 1930 et
500 1900 575 1940 quid
589 1909 615 1930 e.
628 1909 662 1939 p.
677 1900 891 1940 Delph.—24
909 1900 1039 1934 Quando
1052 1910 1085 1929 eo
1097 1901 1256 1939 provocat.
1279 1900 1366 1928 Sunt
1379 1897 1467 1935 iibri,
1486 1898 1518 1928 in
1534 1897 1654 1938 quibus

199 1945 268 1984 hoc,
293 1948 384 1983 sunt,
410 1943 443 1973 in
469 1943 588 1983 quibus
612 1942 669 1973 huc
692 1943 830 1983 legitur.
876 1943 937 1973 Est
961 1948 1076 1972 autem
1098 1942 1226 1973 locutio
1243 1951 1261 1971 a
1278 1940 1440 1979 singulari
1466 1941 1653 1971 certamine

200 1987 378 2018 translata.
406 1986 506 2017 West.
552 1986 618 2016 Do.
635 1991 672 2016 et
686 1985 742 2016 Vi.
761 1995 801 2016 ac
818 1986 1032 2016 Decurtatus
1049 1994 1110 2025 pro
1127 1995 1172 2022 eo,
1193 1985 1301 2014 habet
1317 1984 1396 2014 huc.-
1421 1992 1519 2023 quam
1537 1983 1654 2014 lectio-

200 2039 276 2060 nem
294 2029 370 2060 Riv.
386 2029 418 2059 in
434 2028 549 2059 multis
564 2028 716 2059 Terentii
732 2028 825 2059 libris
843 2028 963 2059 asserit
979 2028 1160 2059 invenisse.
1206 2028 1300 2057 Bem-
1317 2035 1395 2056 vero
1411 2025 1477 2063 hoc,
1500 2027 1654 2066 antiquo-

202 2082 275 2104 rum
289 2081 381 2102 more
399 2081 461 2111 pro
474 2071 551 2102 huc.-
574 2072 662 2111 quod
690 2076 726 2101 et
753 2071 879 2111 placet.
905 2071 966 2102 Fa.
1012 2071 1128 2101 Nostri
1151 2080 1195 2100 eo.
1227 2070 1416 2109 Utrumque
1436 2069 1555 2107 probe,
1571 2076 1606 2099 et
1621 2079 1655 2098 eo

202 2120 238 2146 et
253 2115 322 2146 huc.
347 2115 450 2145 Bent.
477 2114 525 2144 Ac
542 2123 602 2153 pro
618 2117 672 2144 aut
686 2115 746 2144 ΒΓ.
779 2114 854 2145 Huc
868 2124 898 2154 p.
913 2114 989 2153 Bip.
1008 2114 1101 2144 Peri.
1119 2112 1243 2153 Delph.
1279 2112 1344 2142 Hic
1357 2121 1388 2151 p.
1406 2111 1509 2142 Both.
1534 2111 1652 2151 Hocp.

200 2158 326 2190 Z.—‘·6
353 2157 554 2197 Posteriores]
578 2157 659 2187 Par.
675 2157 786 2197 suppl.
800 2161 918 2197 partes.
949 2156 1002 2187 Id.
1028 2157 1061 2186 in
1090 2165 1198 2195 marg.
1216 2154 1329 2186 exhib.
1347 2156 1427 2185 lect.
1444 2154 1655 2194 posteriorem.

202 2201 258 2233 ΑΙ.
277 2200 468 2240 posterioris.
495 2199 673 2231 Peri—27
698 2199 829 2230 Deerit:
857 2200 891 2230 id
917 2200 975 2231 ΒΓ.
993 2200 1095 2230 Bent.
1112 2199 1191 2239 Bip.
1208 2198 1246 2229 Z.
1264 2198 1356 2229 Peri.
1374 2202 1410 2229 et
1426 2196 1555 2238 Delph.
1584 2197 1652 2228 Ms.

203 2245 245 2276 G.
268 2243 307 2275 Si
320 2242 431 2275 deerit.
451 2244 459 2259 ‘
472 2242 707 2284 Supplendum
724 2242 774 2282 Si,
789 2242 878 2284 quod
895 2252 987 2283 saepe
1002 2243 1195 2273 omittitur-³
1218 2241 1259 2272 R.
1279 2241 1320 2272 D.

604 2488 807 2530 ACTUS
840 2488 897 2529 V.
958 2485 1163 2528 SCENA
1194 2486 1251 2526 V.

717 2606 896 2638 SYRUS.
945 2605 1133 2635 DEMEA.

207 2680 290 2722 ΞΥ.
323 2677 367 2719 H
376 2688 482 2726 EUS,
506 2676 675 2717 Demea
696 2674 705 2715 !
734 2679 861 2727 rogat
880 2673 1029 2722 frater,
1052 2673 1261 2714 nez-abeas
1282 2671 1465 2725 longius.

252 2785 314 2815 ΞΥ.
337 2784 438 2824 Heus,
457 2781 697 2823 Demea,sruter
709 2783 855 2820 precatur
871 2789 907 2811 ne
923 2778 1066 2810 abscedas
1088 2778 1219 2818 longius.
1267 2778 1335 2811 DE.
1361 2778 1425 2814 Qui
1440 2779 1528 2810 homo
1545 2788 1590 2809 me
1604 2788 1656 2817 ap-
