1966 3302
561 208 775 239 HECYRAE
807 208 917 239 Aer.
950 207 1023 239 111.
1053 207 1122 238 sc.
1156 207 1221 237 iv.
1286 194 1296 215 ³·
1528 195 1613 238 849

164 305 311 349 Adest
330 305 551 347 Parmeno
572 317 671 346 cum
687 303 862 358 pueris:
892 302 1009 344 hunc
1027 301 1203 344 minime
1222 301 1277 342 ’st
1297 313 1415 355 opus

166 375 222 416 ln
242 374 324 417 hac
344 386 389 414 re
407 372 590 423 adesse3
620 384 721 412 nam
742 371 850 412 olim
872 370 960 411 soli
981 369 1163 419 credidi,
1559 369 1616 410 50

167 442 235 501 Ea
254 454 322 482 me
343 440 613 482 abstinuisse
631 440 676 479 in
696 438 926 492 principiO,
948 451 1047 479 cum
1070 437 1173 478 data
1193 440 1273 477 est.

166 508 351 558 Vereor,
374 508 412 548 si
434 507 675 548 clamorem
694 505 790 559 ejus
810 505 882 545 hic
904 505 1059 545 crebro
1081 503 1250 554 audiat,

167 575 240 617 Ne
261 575 478 629 parturire
500 573 743 625 intelligat:
775 572 925 625 aliquo
946 570 1054 612 mihi
1074 576 1144 611 est

170 642 291 684 Hinc
314 640 602 695 ablegandus,
624 640 728 681 dum
749 641 868 694 parit
889 639 1162 681 Philumena.

166 772 199 800 et
213 769 334 801 vacabo.
383 771 532 802 Parmeno
547 772 647 806 adest,
660 770 745 800 venit
765 779 832 800 cum
853 769 995 809 servulis,
1016 768 1217 800 redeuntibus
1240 779 1279 799 ex
1294 769 1410 800 Imbro.
1456 769 1531 801 Non
1547 778 1624 809 opus

167 814 214 843 est
229 813 359 851 omnino,
374 813 406 843 in
420 814 475 844 hoc
491 813 685 844 Philumenae
704 816 799 852 partu
815 821 882 842 eum
905 816 1088 852 praesentem
1111 821 1195 842 esse:
1218 821 1290 842 nam
1309 813 1460 852 quondam
1475 812 1546 843 huic
1567 811 1623 842 uni

167 855 224 885 lwc
238 864 383 886 arcanum
398 856 545 895 commisi,
558 855 705 886 nimirum
720 866 766 886 me
782 865 849 885 eam
862 864 923 884 non
938 854 1082 892 attigisse
1097 854 1134 884 ab
1149 855 1254 892 initio,
1269 865 1336 885 cum
1348 856 1422 885 data
1438 859 1484 886 est
1499 854 1575 885 mihi
1590 855 1624 884 in

167 906 303 928 uxorem.
352 897 456 932 Timeo
478 908 514 929 ne
528 899 556 929 si
574 898 766 929 Philumena:
782 897 937 937 querentis
961 907 1062 927 rocem
1077 906 1158 936 soepe
1181 898 1301 935 audiat,
1317 907 1356 928 ne
1377 907 1444 928 eam
1461 901 1554 937 partu
1577 898 1623 927 la-

169 938 275 970 borare
294 945 470 979 cognoscat.
514 940 628 981 Aliquo
650 941 720 972 hinc
745 940 823 971 mihi
845 940 1057 970 amandandus
1080 943 1126 970 est
1149 939 1269 971 interea
1287 941 1360 971 dum
1382 940 1571 971 Philumena
1592 939 1625 970 in

165 982 327 1025 puerperio
345 986 402 1014 est.

776 1034 1016 1046 eeeeeeeeeeee

169 1109 343 1142 umorem!
388 1110 515 1141 Verum
532 1109 606 1151 quis
629 1110 710 1141 talia
737 1109 840 1146 ferat,
854 1109 917 1140 nisi
943 1108 1196 1141 Grammaticus
1212 1110 1310 1151 inops
1337 1111 1468 1142 consilii
1485 1116 1520 1143 et
1535 1120 1628 1143 amo-

169 1152 241 1194 ris?
286 1153 295 1170 ‘
312 1152 462 1192 Operam
479 1152 560 1183 dare
577 1152 703 1192 amori,’
719 1162 784 1183 non
801 1153 936 1183 missum
952 1152 1067 1183 facere
1090 1162 1253 1191 amorem,
1267 1153 1329 1183 sed
1346 1154 1500 1185 ‘amare’
1518 1155 1628 1194 ipsum

171 1199 245 1234 est;
269 1200 340 1226 tum
355 1195 561 1236 Faern.jam
579 1196 675 1233 vidit,
691 1195 902 1226 incommode
925 1195 974 1226 sic
1001 1201 1077 1235 post
1102 1200 1154 1225 tot
1170 1196 1360 1227 trochaicus
1377 1197 1493 1227 venire
1510 1197 1628 1228 iambi-

172 1247 248 1268 cum
264 1239 485 1269 octonarium.
508 1238 622 1269 Bentl.
639 1237 715 1268 hinc
732 1248 794 1279 pro
810 1247 870 1269 suo
895 1238 1031 1278 ingenio
1054 1238 1238 1268 emendans
1264 1239 1333 1274 Quo
1349 1249 1404 1278 ego
1420 1249 1487 1270 eum
1502 1240 1630 1271 consilio

171 1280 298 1311 missum
313 1279 394 1319 feci,
414 1282 518 1311 eodem
537 1281 606 1311 huic
628 1291 751 1321 operam
772 1281 863 1319 dabo,
886 1290 1005 1321 parum
1033 1280 1121 1311 scite
1144 1281 1312 1312 medetur.
1359 1282 1428 1313 Sed
1455 1282 1629 1314 audiamus

172 1323 264 1354 Don.
281 1323 438 1363 ambigue
463 1323 536 1354 baec
562 1324 812 1363 explicantem:
836 1324 845 1340 ‘
860 1323 895 1354 Si
922 1324 1016 1362 idem,
1041 1332 1127 1363 eg03
1152 1323 1179 1354 si
1203 1324 1314 1362 eidem,
1329 1323 1392 1355 hoc
1420 1330 1485 1364 est,
1501 1325 1633 1358 amori)

172 1365 246 1397 Nos
274 1366 372 1396 eidem
401 1365 650 1405 amplectimur,
686 1366 838 1405 persuasi
870 1365 940 1396 huic
964 1366 1134 1404 ingestum
1166 1375 1240 1397 esse
1273 1368 1317 1396 ab
1348 1367 1425 1406 illis,
1453 1368 1511 1409 qni
1548 1369 1630 1399 idem

173 1407 338 1447 legerant.
384 1407 520 1439 Omisso
536 1409 641 1448 igitur
657 1408 728 1438 haic
754 1408 911 1448 procedit
926 1413 961 1439 et
984 1418 1102 1439 sensns
1117 1409 1241 1448 aptior,
1257 1414 1292 1440 et
1309 1410 1514 1441 trochaicus.
1551 1411 1630 1452 Rip.

176 1450 257 1481 Cam
270 1449 396 1482 consilio
413 1451 540 1482 ...item
556 1451 635 1481 hanc
658 1451 759 1482 Both.
777 1451 832 1492 qni
853 1451 1016 1492 intelligit
1039 1452 1048 1469 ‘
1062 1451 1151 1482 hunc
1173 1461 1311 1491 operam
1337 1452 1425 1484 dabo
1442 1458 1480 1484 ut
1496 1453 1631 1484 missum

172 1492 316 1524 faciam!
339 1495 349 1510 ⁴
360 1492 415 1525 Al.
431 1494 527 1524 item.-
542 1494 740 1524 concinnius
757 1499 810 1524 est
822 1493 904 1524 idem
916 1504 964 1526 sc.
981 1493 1066 1533 ego?
1083 1494 1168 1526 Perz.
1185 1494 1194 1510 ‘
1207 1494 1289 1525 Item
1303 1505 1383 1525 nunc
1398 1496 1449 1527 M.
1467 1496 1520 1527 R?
1535 1496 1632 1528 Lind.

173 1538 259 1566 -49
274 1536 432 1567 Parmeno
443 1546 512 1567 eum
531 1538 634 1577 pueris
650 1536 751 1568 Both.
767 1536 972 1567 tacite.—50
1000 1537 1074 1568 Esse
1086 1537 1144 1568 ΒΥ.
1163 1546 1240 1567 cnm
1257 1538 1301 1577 gl.
1318 1540 1515 1570 adessa—51
1545 1540 1633 1570 Olim

173 1577 235 1609 sibi
249 1579 370 1610 credidi
384 1579 428 1609 V.
447 1579 487 1610 C.
507 1579 601 1610 Lind.
617 1579 706 1610 Data
731 1579 772 1610 sit
789 1578 906 1611 Guelf.
924 1581 1042 1611 3.-52
1065 1578 1180 1621 Aliqui
1205 1581 1294 1618 libri,
1318 1581 1405 1611 inter
1431 1591 1514 1620 qnos
1536 1582 1633 1613 Bern.

174 1621 308 1658 audiam
330 1631 396 1662 quo
411 1621 548 1662 quidem
567 1621 666 1652 modo
689 1622 845 1662 procedit
870 1621 1041 1653 lambiens
1058 1622 1131 1653 sine
1147 1622 1216 1653 ulla
1231 1623 1251 1653 l'
1266 1624 1384 1654 =entia.
1409 1624 1469 1654 Fu.
1514 1625 1633 1656 Nostri

175 1664 324 1695 universi
338 1665 507 1696 exaudiat.-
530 1669 566 1696 et
583 1665 630 1695 sic
647 1674 781 1706 qnoque
805 1665 962 1705 procedit
986 1675 1100 1696 versus
1124 1665 1197 1696 sine
1215 1667 1281 1696 ulla
1305 1666 1465 1699 licentia:
1492 1668 1578 1705 Ejus,
1595 1672 1634 1698 ut

176 1708 314 1746 passim,
330 1707 364 1737 in
380 1717 480 1738 unam
496 1707 659 1748 syllabam
681 1712 869 1738 contracto.
894 1708 990 1739 Bent.
1036 1708 1103 1738 Ms.
1120 1708 1211 1749 Lips.
1235 1713 1271 1739 et
1287 1709 1370 1739 edit.
1387 1712 1482 1741 1469.
1518 1709 1634 1742 Anon.

175 1749 275 1782 Jnnt.
299 1750 419 1790 Stepb.
445 1749 524 1781 Ald.
551 1750 613 1781 sed
640 1755 676 1780 et
703 1751 954 1790 Gambarellus,
981 1751 1142 1782 exaudiat.
1188 1751 1255 1781 Sed
1281 1752 1389 1782 audiat
1417 1752 1461 1782 ad
1489 1758 1635 1784 metrum

175 1792 297 1823 melius
323 1799 386 1824 est.
414 1793 514 1825 West.
537 1793 700 1824 Exaudiat
724 1803 842 1824 omnes
867 1794 950 1824 Mss.
979 1794 1080 1825 Boecl.
1107 1798 1143 1824 et
1165 1793 1210 1825 G.
1236 1794 1307 1825 ET.
1336 1794 1415 1824 EM.
1444 1795 1547 1826 Both.
1573 1796 1633 1828 ΒΓ.

173 1835 268 1866 Peri.
284 1835 425 1866 crebrum
435 1836 534 1868 Both.
546 1846 613 1876 quo
622 1836 740 1876 judice
752 1838 761 1854 ‘
773 1838 781 1853 ‘
792 1835 959 1867 crebrnm’
970 1842 1022 1866 est
1035 1840 1043 1853 ‘
1056 1836 1416 1868 vehementem.”-53
1431 1837 1553 1868 Nullus
1565 1848 1635 1869 om·

177 1878 256 1909 nino
279 1878 366 1909 liber
382 1879 527 1919 scriptus
542 1879 644 1910 habet
657 1888 736 1917 eam,
751 1879 839 1920 qnod
858 1888 920 1909 nec
937 1879 1166 1909 necessarium
1183 1884 1235 1909 est
1250 1890 1258 1910 :
1283 1881 1458 1910 commode
1485 1881 1573 1911 enim
1593 1882 1635 1912 ab

177 1929 279 1953 versu
296 1922 470 1960 superiore
489 1923 672 1962 repetitur.
701 1922 757 1953 Fa.
804 1922 928 1962 Neque
944 1923 1052 1953 nostri
1074 1922 1204 1953 babent
1217 1932 1296 1954 eam.
1319 1923 1421 1954 Bent.
1458 1924 1543 1955 GM.
1561 1934 1635 1965 sup.

178 1964 295 2004 script.
312 1973 389 2004 eam,
403 1964 493 2006 quod
509 1964 609 1996 facile
623 1964 837 1996 subauditur.
861 1965 952 1996 Perl.

552 2207 754 2250 ACTUS
788 2208 878 2249 III.
934 2205 1141 2249 SCENA
1171 2206 1255 2248 IV.

498 2330 754 2361 PARMENO·
807 2330 961 2360 SOSIA.
1017 2329 1206 2360 PAMPHI
1216 2328 1324 2360 LUS.

183 2407 256 2449 ΡΑ
266 2417 310 2447 R.
341 2403 454 2447 Am’
475 2407 540 2454 tu,
562 2403 643 2444 tibi
663 2402 747 2443 hoc
768 2401 1092 2442 incommodum
1109 2403 1313 2444 evenisse
1334 2403 1446 2443 iter?

185 2474 264 2517 So.
301 2473 407 2516 Non
422 2471 569 2514 hercle
589 2470 749 2520 verbis,
771 2469 1010 2519 Parmeno,
1032 2468 1124 2510 dici
1144 2473 1294 2523 potest

229 2593 320 2626 PAR.
344 2594 487 2634 Dicisne,
510 2592 613 2633 Sosia,
629 2592 707 2623 hanc
726 2591 810 2621 viam
834 2589 892 2621 tibi
916 2598 1119 2620 oerumnosam
1132 2588 1257 2627 fuisse?
1297 2586 1357 2617 So.
1382 2585 1446 2617 Per
1462 2585 1641 2624 Herculem,

793 2685 1031 2697 eeeeeeeeeeee

231 2756 250 2785 2
273 2754 497 2787 Numerosior
512 2764 629 2786 versus
645 2753 746 2786 estin
769 2763 800 2785 ο.
817 2754 840 2784 l.
856 2762 883 2784 s.
907 2753 981 2783 Non
995 2753 1095 2784 hercle
1108 2749 1219 2791 verbis,
1237 2751 1404 2782 Parmeno.
1434 2749 1493 2780 Fa.
1521 2747 1578 2779 Sic
1607 2750 1643 2779 et

275 2808 389 2849 Delph.
407 2813 436 2840 et
452 2809 527 2841 Var.
541 2809 625 2841 Clas.
852 2808 974 2840 Terent.
1478 2805 1496 2833 ³
1521 2802 1554 2833 Η
