1966 3302
537 230 881 262 ADELPHORUM
918 230 1026 260 Aer.
1054 229 1096 259 v.
1129 227 1289 259 sc.1x.
1553 217 1638 258 793

187 329 279 371 DE.
311 327 478 369 Faciet.
538 327 622 367 ΞΥ.
655 325 693 366 Ο
717 326 782 368 vir
812 325 1002 380 optime!
1069 325 1165 365 AES.
1197 321 1236 362 O
1274 320 1332 362 mi
1365 325 1492 374 pater
1522 320 1643 362 festi-

359 394 537 435 vissime
562 395 570 435 !
1547 443 1552 447 η

189 462 275 504 Mt.
306 462 426 514 Quid
445 462 590 503 istuc?
621 474 722 514 quae
742 473 813 501 res
833 465 924 500 tam
940 463 1121 511 repente
1141 470 1286 498 mores
1307 457 1492 497 mutavit
1513 457 1640 497 tuos‘l

190 531 324 582 Quod
355 530 640 585 prolubium?
685 541 786 582 quae
807 526 968 568 isthaec
991 526 1142 567 subita
1179 530 1247 566 est
1277 524 1492 577 largitas?
1554 523 1645 564 DE.

388 576 552 595 m...

365 598 525 640 Dicam
544 597 627 638 tibi
644 610 654 619 ·

192 665 254 706 Ut
273 665 319 706 id
343 629 774 718 ostenderem‚'quod
795 666 837 704 te
858 663 931 703 isti
952 661 1126 702 facilem
1150 663 1193 702 et
1211 659 1416 701 festivom
1437 663 1607 713 putant,

190 732 244 774 ld
265 747 355 774 non
376 734 468 774 fieri
487 746 543 774 ex
565 745 672 773 vera
691 732 799 781 vita,
822 743 965 784 neque
987 730 1101 770 adeo
1123 741 1180 769 ex
1202 741 1334 782 aequo
1356 735 1400 769 et
1417 728 1560 770 bono:
1590 726 1647 768 30

190 802 277 846 Sed
299 814 359 842 ex
379 800 667 851 assentando,
688 798 972 853 indulgendo,
994 802 1040 839 et
1059 796 1303 850 largiundo,
1325 795 1478 837 Micio.

190 937 270 968 Post
285 937 468 968 deliberabo.
491 937 558 968 DE.
584 936 675 977 Syre,
688 946 725 967 ηε
740 934 860 973 dubito,
878 933 1084 971 Miliofaciet
1100 933 1178 973 quod
1191 932 1282 973 petis.
1318 932 1380 963 Sv.
1409 932 1438 962 Ο
1454 932 1505 961 vir
1520 932 1644 972 optime,

193 980 339 1012 Demea!
382 980 450 1012 AES.
478 981 507 1011 Ο
523 980 567 1010 mi
580 983 670 1020 puter
685 977 893 1019 lepidissime!
938 978 1003 1007 M1.
1031 976 1115 1012 Quid
1131 976 1215 1006 istud
1240 973 1311 1006 est?
1333 976 1484 1006 undenam
1501 975 1566 1005 hcec
1582 978 1648 1005 lam

189 1023 297 1054 subita
312 1033 430 1054 morum
446 1026 569 1054 tuorum
585 1022 785 1053 immulatio?
814 1021 893 1051 unde
919 1019 977 1050 tibi
993 1023 1056 1050 tom
1071 1023 1211 1058 promtus
1226 1019 1347 1049 animus
1361 1019 1401 1049 acl
1425 1015 1648 1056 largiendum?

190 1075 260 1106 quae
285 1066 349 1097 ista
373 1069 439 1097 tam
461 1066 589 1106 profusa
615 1065 649 1095 in
671 1064 832 1103 largiendo
856 1064 1021 1093 voluutas?
1064 1062 1129 1092 DE.
1158 1062 1274 1092 Dicam
1303 1061 1373 1092 tibi.
1417 1060 1488 1090 Hoc
1510 1060 1590 1099 feci,
1614 1062 1651 1090 ut

196 1109 396 1146 manifestum
407 1109 545 1147 facerem
569 1109 647 1149 quod
665 1107 721 1138 isti
733 1106 802 1147 filii
824 1105 924 1136 nostri
947 1108 976 1136 te
998 1105 1174 1135 clementem
1190 1108 1220 1135 et
1235 1104 1342 1135 mitem
1358 1104 1526 1141 aestimant,
1542 1104 1576 1134 iel
1590 1112 1652 1133 non

198 1152 276 1192 effici
292 1162 331 1182 ex
346 1162 420 1182 vera
436 1155 465 1182 et
482 1149 796 1188 laudubilz'fucilitate
805 1152 926 1180 naturae
943 1150 1022 1178 tuce.-
1044 1147 1148 1186 immo,
1161 1157 1216 1177 uec
1231 1148 1323 1177 etiam
1340 1156 1378 1177 ex
1394 1156 1466 1177 vera
1481 1146 1651 1185 (equitatu

196 1195 248 1225 sed
263 1204 302 1225 ex
322 1204 369 1235 eo,
385 1196 462 1235 quod
477 1195 520 1226 eis
535 1194 629 1225 nimis
651 1192 873 1231 subblandiris‚
891 1191 1046 1231 indulges,
1063 1194 1093 1222 et
1110 1191 1197 1230 large
1210 1193 1327 1221 sumtus
1341 1189 1467 1230 praebes,
1486 1189 1601 1220 Micio:
1623 1188 1653 1218 si

787 1278 825 1289 oe
831 1277 1026 1288 “oeuaeeoo

196 1355 294 1386 quam
312 1346 393 1378 lect.
409 1355 575 1387 nusquam
600 1346 679 1377 alibi
703 1345 850 1377 invenio.
875 1345 961 1376 Perl.
1009 1343 1095 1379 Quid
1118 1346 1197 1383 post
1214 1342 1296 1372 Istoc
1313 1339 1430 1373 Guelf.
1447 1341 1566 1371 2.-26
1589 1340 1653 1371 La-

194 1389 294 1419 borat
310 1389 364 1420 bic
383 1398 512 1428 versuS,
528 1389 592 1420 nisi
609 1390 755 1430 legatur,
773 1390 801 1419 Ο
823 1392 914 1429 pater
936 1387 991 1425 mi,
1009 1392 1045 1418 ut
1071 1387 1103 1417 in
1120 1386 1175 1416 Vi.
1191 1391 1227 1416 et
1243 1386 1435 1416 Decurtato
1453 1382 1654 1414 collocatur.

200 1431 255 1462 Fa.
301 1431 398 1462 Unus
413 1437 544 1464 tantum
561 1442 603 1462 ex
627 1432 766 1469 nostris,
781 1432 923 1471 Regius,
938 1434 1027 1471 puter
1049 1429 1102 1461 mi.
1126 1429 1229 1459 Bent.
1269 1428 1381 1458 Facies
1397 1427 1454 1456 ΒΓ.
1488 1426 1587 1456 Pater
1613 1426 1656 1456 mi

193 1474 295 1505 Both.
314 1475 403 1506 Perl.
421 1475 501 1515 Bip.
517 1475 729 1516 Delph.—28
754 1474 847 1505 Mur.
864 1474 949 1504 Var.
966 1474 1063 1504 Lect.
1082 1481 1134 1503 1v.
1152 1475 1202 1502 13.
1219 1470 1394 1511 proluvium
1410 1470 1495 1500 citat
1513 1478 1555 1499 ex
1582 1468 1658 1499 Cae-

195 1517 274 1547 cilio
304 1519 392 1558 apud
425 1518 586 1557 Nonium,
617 1518 704 1548 unde
732 1517 911 1548 Terentius
944 1526 1079 1547 versum
1107 1516 1194 1545 bunc
1224 1514 1375 1544 imitatus
1403 1512 1459 1543 sit.
1507 1511 1658 1542 Eandem

195 1560 374 1591 lectionem
406 1559 563 1592 defendit
590 1561 675 1593 Dac.
718 1559 784 1590 Adi
811 1561 854 1591 P.
872 1559 1003 1590 Victor.
1032 1559 1112 1589 Var.
1143 1558 1237 1588 Lect.
1266 1564 1345 1586 xxl.
1370 1558 1402 1587 4.
1441 1555 1526 1586 Mss.
1549 1555 1655 1585 varie.

197 1602 238 1633 In
268 1603 335 1634 Ms.
354 1604 446 1644 Lips.
470 1603 591 1634 Boend.
617 1603 661 1635 G.
679 1604 780 1634 Bodl.
803 1603 853 1634 M.
877 1606 913 1633 et
938 1601 1155 1633 Leidensium
1182 1610 1247 1631 uno
1275 1604 1329 1629 est
1351 1597 1534 1639 prolubium.
1561 1597 1660 1629 Idem

195 1664 239 1686 ex
255 1655 342 1687 libro
358 1657 527 1688 Vaticano
547 1657 662 1688 laudat
677 1657 839 1688 Fae'rnus.
875 1656 917 1686 In
932 1656 991 1686 Tr.
1011 1658 1172 1694 corrupte
1187 1654 1337 1694 procluiu.
1376 1652 1416 1682 In
1434 1651 1659 1683 Leidensibus

196 1698 304 1730 tribus
318 1700 512 1740 proluvium.-
537 1701 652 1731 borum
671 1701 727 1730 uni
752 1699 1019 1739 suprascriptum
1034 1700 1043 1715 ‘
1058 1696 1204 1733 effusio,'
1221 1696 1289 1735 uni,
1306 1698 1315 1713 ‘
1332 1695 1472 1736 largitas
1490 1700 1523 1725 et
1541 1693 1662 1726 effusio

197 1743 337 1772 census!
381 1743 422 1773 In
449 1743 571 1783 quinto
594 1749 647 1773 est
671 1742 871 1783 prosim-ium.
910 1740 1094 1772 Prolubium
1121 1745 1234 1770 autem
1259 1740 1366 1779 magis
1392 1739 1525 1778 placet:
1551 1746 1663 1778 neque

197 1793 276 1815 sane
287 1786 462 1824 proluvium
485 1791 559 1816 erat
576 1795 709 1816 servum
733 1795 811 1816 enm
836 1794 934 1815 serva
962 1784 1213 1821 manumittere,
1229 1791 1339 1822 neque
1364 1781 1463 1821 agelli
1487 1781 1663 1821 paululum

198 1832 234 1857 et
247 1837 459 1859 nummorum
479 1828 605 1870 aliquid
629 1828 793 1859 utendum
816 1832 851 1857 et
869 1837 939 1867 prae
956 1836 1057 1856 manu
1076 1826 1170 1865 dare,
1188 1825 1246 1855 sed
1271 1825 1409 1864 largitas
1428 1829 1462 1855 et
1478 1824 1664 1854 liberalitas

197 1880 292 1901 mera
315 1880 356 1901 ex
379 1871 533 1911 prolubio
562 1876 648 1902 orta.
693 1872 894 1910 Quanquam
920 1869 1095 1910 proluvium
1124 1868 1290 1899 exhibent
1317 1867 1454 1907 optiinae
1481 1866 1663 1905 editiones,

197 1912 272 1944 EA.
302 1913 387 1945 Rob.
412 1914 590 1954 Stephani,
617 1914 710 1953 Aldi,
736 1913 932 1949 Juntarum,
963 1913 1119 1950 Venetae,
1147 1911 1350 1951 Argentina,
1376 1909 1584 1948 Tarvisiana,
1606 1909 1665 1950 [In

197 1955 355 1987 Addend.
373 1961 470 1988 notat
486 1958 554 1988 ET.
573 1961 606 1988 et
622 1957 702 1987 EM.
717 1956 890 1995 prolubium
915 1954 1061 1995 legere]
1080 1954 1168 1985 aliae.
1214 1954 1280 1984 Sed
1301 1958 1335 1983 et
1356 1953 1405 1984 ita
1422 1952 1663 1984 Gambarellus

198 1999 231 2029 in
261 1999 407 2030 Observ.
453 2000 498 2030 Et
532 2000 665 2031 Nonius
701 1999 907 2030 Marcellus:
948 2002 955 2014 ‘
985 1997 1182 2033 Prolurium,
1213 1995 1376 2037 profusio.
1420 1996 1600 2026 Terentius
1630 1996 1665 2026 in

198 2040 385 2081 Adelphis:
413 2042 502 2077 Quod
515 2039 717 2082 proluvium?
740 2052 806 2082 quoe
821 2041 886 2074 lioec
900 2040 1003 2072 subita
1027 2041 1160 2079 largitas
1172 2037 1198 2071 Τ
1245 2039 1353 2072 Quam
1371 2038 1554 2070 lectionem
1571 2038 1663 2079 Guy.

198 2084 314 2115 multis
330 2086 452 2115 astruit
468 2085 501 2115 in
519 2084 651 2115 Glossis
668 2085 753 2116 Mss.
770 2090 873 2124 atque
891 2084 938 2114 ita
951 2083 1089 2123 legebat
1106 2083 1155 2113 Cl.
1170 2082 1354 2120 Graevius3
1379 2081 1470 2112 forte
1486 2091 1504 2112 e
1520 2091 1580 2112 suo
1594 2082 1663 2112 Ms.

200 2126 340 2158 Dicitur
363 2134 476 2158 autem
503 2132 512 2144 ¹
531 2127 721 2167 proluvium
735 2126 744 2139 ²
761 2137 780 2157 a
797 2127 930 2167 proluo,
948 2128 997 2156 nti
1015 2127 1024 2142 ⁶
1038 2125 1200 2156 diluvium
1213 2125 1221 2137 ’
1240 2135 1259 2156 a
1275 2125 1377 2155 diluo.
1406 2125 1478 2155 ΕΡ.
1495 2130 1530 2155 et
1546 2134 1666 2164 paucae

199 2169 273 2199 aliae
287 2170 460 2210 prolubium
475 2169 674 2210 praeferunt.
720 2170 812 2201 Gell.
832 2178 907 2200 xvi.
925 2172 977 2200 19.
1015 2171 1023 2186 ‘
1043 2168 1239 2199 Prolubium
1257 2167 1415 2199 audiendi
1433 2167 1548 2199 subit!
1569 2168 1666 2198 n'est.

199 2212 282 2243 Tres
299 2222 341 2243 ex
357 2212 482 2244 nostris
500 2213 596 2244 bonae
614 2219 701 2244 notae
722 2212 916 2253 prolubium‚·
938 2212 1045 2242 ceteri
1066 2211 1250 2251 proluvium.
1299 2211 1431 2241 Nonius
1452 2220 1495 2241 ex
1521 2211 1584 2242 hoc
1600 2210 1667 2241 Te-

200 2256 302 2286 rentii
332 2255 421 2294 loco,
446 2260 484 2286 ut
505 2261 541 2286 et
565 2256 704 2286 Servius
730 2255 771 2286 ad
789 2256 862 2286 AEn.
880 2264 936 2286 111.
954 2257 1029 2285 217.
1057 2255 1234 2293 proluvium
1262 2253 1366 2284 citat:
1392 2254 1451 2283 sed
1478 2263 1521 2284 ex
1546 2253 1667 2291 Accio,

201 2297 326 2334 Novio,
354 2299 511 2335 Laberio,
529 2299 711 2339 prolubium.
758 2298 853 2328 Idem
883 2307 924 2327 ex
947 2298 1120 2327 Varrone:
1146 2298 1154 2314 ‘
1174 2297 1283 2327 Varro
1312 2297 1353 2326 de
1381 2296 1515 2336 Lingua
1544 2296 1667 2327 Latina

199 2340 260 2371 lib.
276 2351 308 2372 v.
354 2341 552 2372 Prolubium
581 2346 616 2372 et
645 2341 903 2371 Prolubidinem
929 2339 1011 2378 dici,
1029 2339 1071 2370 ab
1099 2349 1138 2370 eo
1164 2339 1252 2379 quod
1283 2339 1420 2378 lubeat3
1447 2339 1535 2369 unde
1562 2340 1668 2370 etiam

200 2383 316 2414 Lucus
331 2384 475 2415 Veneris
501 2384 705 2415 Lubentinae
730 2382 889 2414 dicatur!
934 2382 971 2412 Si
988 2383 1050 2413 hoc
1068 2382 1199 2420 Varro3
1225 2381 1340 2420 abeat,
1356 2392 1422 2423 quo
1448 2382 1585 2422 dignum
1603 2387 1669 2421 est,

198 2426 382 2466 proluvium.
406 2427 508 2458 Bent.
547 2427 731 2458 Proluvium
757 2425 914 2457 defendit
937 2425 1022 2456 Par.
1054 2424 1251 2465 Profluvium
1277 2425 1361 2465 Eug.
1401 2425 1468 2456 Isiu
1496 2435 1557 2465 pro
1580 2426 1668 2456 istaec

204 2469 350 2502 Biz—29
375 2470 465 2506 Quod
489 2473 553 2501 tom
570 2470 636 2502 Ms.
652 2470 733 2501 Par.
749 2470 919 2500 Pera—31
949 2469 1027 2500 Duo
1055 2477 1097 2499 ex
1119 2469 1244 2500 nostris
1273 2477 1337 2499 non
1354 2468 1481 2499 babent
1498 2478 1547 2500 ex.
1594 2469 1666 2500 Do-

858 2566 1008 2599 NOTAE

246 2644 288 2672 28
313 2641 403 2677 Quod
414 2641 605 2682 prolubium]
626 2642 806 2674 Turnebus
821 2642 909 2682 legit
964 2641 1063 2682 gilius
1080 2640 1140 2673 lib.
1155 2650 1213 2672 111.
1245 2640 1404 2672 AEneidos
1430 2640 1473 2672 de
1497 2640 1667 2682 Harpyis:

203 2692 386 2730 proluvium,
401 2692 490 2732 quod
507 2701 570 2732 per
585 2693 841 2725 translationem
858 2692 908 2723 di·
966 2694 974 2710 ‘
991 2693 1188 2724 Foedissirna
1200 2693 1327 2724 ventris
1342 2692 1541 2731 Proluvies,’
1560 2693 1593 2723 id
1605 2698 1670 2733 est,

207 2741 294 2771 citur
323 2739 476 2781 profusio
507 2747 543 2773 et
571 2742 808 2784 prodigalitas,
833 2752 909 2774 cuin
964 2743 1072 2775 sordis
1088 2741 1219 2783 effusio,
1238 2743 1307 2775 sive
1323 2743 1388 2773 alvi
1404 2742 1627 2776 immunditia.

208 2791 282 2832 quis
297 2800 389 2823 more
405 2802 501 2834 aquae
517 2803 598 2834 opes
616 2794 804 2835 profundit.
832 2795 909 2825 Vir-
