1966 3302
324 209 409 250 :370
824 222 864 253 Ρ.
895 221 1139 253 TEREN'ru
1173 221 1291 253 AFRI

327 315 422 357 Dss.
455 315 638 358 Minime
658 317 830 366 mirum,
852 316 966 358 adeo
988 315 1213 371 impeditae
1236 321 1363 359 sunt:
1396 318 1654 360 ancillarum
1687 331 1784 373 gre-

496 398 595 437 gem

324 459 508 502 Ducunt
548 472 712 500 secum.
786 457 931 500 CmN.
976 458 1117 502 Perii!
1166 461 1282 503 unde
1319 461 1385 503 illi
1425 465 1528 503 sunt
1568 461 1781 505 ancillae‘?

499 527 638 568 cmv.
674 526 798 568 Men'
818 526 981 580 rogas?
1753 531 1779 572 5

323 596 407 638 SY.
441 595 548 638 Non
588 594 785 649 oportuit
817 595 1023 637 relictas:
1057 598 1236 649 portant
1268 596 1377 651 quid
1407 597 1575 638 rerum!
1636 596 1780 640 cnm.

497 662 589 704 Hei
610 661 738 703 mihi!

321 731 405 773 SY.
435 730 619 781 Aurum,
640 735 835 773 vestem:
857 734 902 772 et
922 732 1216 785 vesperascit,
1236 736 1282 774 et
1305 746 1392 775 non
1412 736 1627 775 noverunt
1645 733 1779 776 viam.

322 801 512 842 Factum
533 813 560 842 a
577 800 704 841 nobis
725 800 858 841 stulte
879 805 970 841 est:
990 800 1063 841 abi
1079 800 1180 842 dum
1199 805 1261 851 tu,
1282 802 1465 851 Dromo,
1478 800 1568 842 illis
1582 801 1778 852 obviam,

320 869 548 923 Propera:
580 867 687 923 quid
709 868 838 909 stas?
900 866 1043 910 ΟΜΝ.
1074 867 1160 910 Vae
1181 868 1343 910 misero
1374 868 1497 919 mihi,
1530 871 1693 923 quanta
1725 869 1779 910 de

492 949 572 991 spe
594 935 763 977 decidi!
1218 926 1221 929 ’

321 1004 459 1047 Οωτ.
491 1004 615 1056 Quid
651 1004 797 1045 istuc'?
831 1017 932 1058 quae
966 1017 1033 1046 res
1068 1008 1113 1046 te
1150 1003 1349 1047 solicitat
1389 1004 1573 1047 autem?
1634 1003 1779 1047 Cum.

494 1072 683 1126 Rogitas
703 1072 811 1126 quid
832 1072 950 1114 siet?
1722 1072 1779 1114 10

320 1141 482 1184 Viden'
503 1146 549 1184 tu
572 1141 772 1192 ancillas,
792 1154 960 1191 aurum,
978 1140 1179 1182 vestem?
1211 1153 1344 1194 quam
1365 1152 1448 1194 ego
1474 1152 1573 1181 cum
1592 1151 1681 1180 una
1701 1152 1778 1182 an-

492 1210 642 1252 cillula

320 1279 413 1322 Hic
435 1279 617 1333 reliqui:
650 1278 765 1321 unde
786 1291 841 1320 ea
860 1290 962 1320 esse
985 1277 1178 1320 censes?
1240 1275 1378 1318 Cm'r.
1410 1274 1539 1318 Vah!
1569 1287 1685 1317 nunc
1703 1274 1777 1316 de-

490 1361 611 1389 mum
634 1347 845 1401 intelligo.

317 1495 386 1527 Da.
406 1495 477 1528 Non
494 1499 540 1527 est
555 1496 667 1528 mirum
682 1506 735 1528 eas
748 1496 869 1528 tamdiu
883 1499 1022 1528 moratas
1035 1505 1123 1533 esse,·
1139 1498 1204 1526 tam
1218 1498 1290 1526 sunt
1310 1497 1486 1534 occupatoe3
1501 1494 1618 1524 ducunt
1633 1492 1666 1524 in
1680 1490 1776 1523 comi-

315 1543 385 1570 tatu.
398 1551 452 1571 suo
468 1543 622 1571 catervam
629 1540 833 1578 famularum.
879 1539 939 1572 CL.
965 1540 1079 1571 Nullus
1093 1549 1160 1570 sum
1169 1550 1180 1576 ,-
1196 1539 1275 1569 unde
1291 1540 1336 1568 tot
1350 1537 1481 1569 ancillas
1495 1535 1660 1576 Antiphila
1673 1534 1778 1575 acqui·

314 1583 410 1613 sivit?
455 1583 529 1614 (ΞΜ.
557 1583 719 1619 Quaerisne
741 1594 761 1614 a
782 1593 830 1614 me
854 1583 934 1613 unde
957 1585 1003 1614 tot
1026 1582 1074 1613 illi
1096 1583 1161 1613 sint
1182 1581 1326 1612 ancilla?
1369 1581 1431 1612 SY.
1460 1581 1530 1611 Non
1546 1579 1680 1620 oportuit
1695 1577 1777 1616 illas,

316 1626 506 1657 Bacchidem
531 1630 561 1657 et
585 1626 796 1668 Antiphilam,
822 1626 1018 1657 incomitatus
1039 1625 1236 1665 relinqu‘ere5
1261 1628 1328 1655 tum
1357 1632 1502 1663 magnam
1526 1631 1631 1653 rerum
1658 1620 1777 1661 copiam

314 1670 544 1708 secumferunt.
592 1671 653 1701 Cr..
683 1669 738 1701 Vae
753 1669 830 1700 mihi
846 1668 982 1700 misero!
1025 1669 1090 1700 SY.
1113 1669 1247 1706 Aurum,
1261 1670 1394 1702 vestem5
1419 1669 1450 1697 et
1472 1674 1597 1706 vespera
1612 1664 1776 1700 imminet;

314 1712 376 1742 iter
390 1713 561 1751 ignorant,·
584 1716 616 1744 et
631 1713 842 1753 imprudenter
858 1712 1003 1751 fecimus,
1025 1711 1078 1752 qui
1102 1721 1154 1742 eas
1175 1709 1315 1742 comitati
1337 1720 1398 1741 non
1412 1709 1519 1739 simus.
1565 1708 1626 1746 Tu,
1644 1708 1776 1745 Dromo,

314 1756 366 1786 abi
383 1766 455 1795 ergo
473 1757 617 1787 celeriter
640 1756 759 1786 obviam
781 1756 856 1786 illis.
902 1755 1032 1786 Festina
1039 1765 1052 1791 ;
1078 1754 1151 1794 quid
1175 1752 1358 1785 cunctaris?
1402 1752 1462 1784 CL.
1489 1751 1590 1787 Quam
1605 1750 1698 1781 miser
1719 1759 1776 1788 ego

316 1799 408 1830 sum!
430 1802 544 1838 quanta
560 1809 611 1839 spe
618 1799 796 1836 frustratus
809 1798 903 1831 sum!
947 1798 1024 1830 Cu.
1051 1797 1135 1833 Quid
1150 1797 1204 1828 hoc
1227 1797 1274 1827 rei
1297 1799 1367 1827 est?
1390 1795 1463 1835 quid
1485 1797 1516 1825 te
1536 1793 1691 1825 solicitum
1705 1793 1775 1824 red-

314 1842 384 1873 dit?
429 1842 490 1873 CL.
517 1842 642 1877 Quoeris
657 1842 732 1882 quid
746 1842 810 1873 sit?
838 1842 968 1873 Videsne
984 1841 1071 1871 illam
1095 1837 1324 1881 (Antiphilam)
1346 1838 1480 1876 ancillis,
1505 1847 1594 1876 auro,
1617 1839 1700 1867 vesle
1726 1836 1776 1866 in-

314 1888 477 1923 structam,
493 1895 584 1925 quam
599 1895 655 1924 ego
670 1886 828 1916 discedens
849 1884 961 1924 reliqui
982 1884 1032 1914 hic
1055 1894 1122 1914 cum
1143 1893 1206 1914 mm
1228 1883 1371 1913 servula?
1398 1881 1488 1912 Unde
1501 1878 1638 1921 opinaris
1654 1879 1711 1909 has
1726 1887 1776 1909 res

314 1928 400 1959 illam
416 1928 636 1969 acquisivisse?
681 1928 757 1960 Cu.
788 1927 883 1961 Vah!
903 1928 1028 1959 tandem
1043 1935 1189 1966 cognosco
1205 1926 1278 1966 qaid
1294 1928 1324 1957 te
1339 1924 1484 1956 solicitat.
1528 1922 1590 1954 SY.
1615 1921 1676 1954 Dii
1691 1921 1774 1961 boni,

924 2033 1165 2048 eeeeeeeeeeee

314 2112 405 2134 nunc
423 2101 621 2133 tribuuntur
636 2101 741 2142 Syro3
767 2100 826 2132 sed
844 2101 1026 2133 Dromonis
1043 2099 1148 2132 verba
1172 2102 1262 2139 sunt,
1287 2094 1524 2137 respondentis
1540 2093 1582 2125 ad
1598 2093 1657 2143 illa
1671 2093 1748 2136 Syri
1764 2105 1773 2126 ς

313 2150 322 2163 ‘
338 2146 464 2176 Verum
482 2145 612 2175 interea
628 2144 707 2175 dum
725 2154 897 2176 sermones
914 2144 1089 2183 caedimus,
1114 2143 1187 2174 111ae
1213 2145 1291 2173 sunt
1318 2138 1472 2171 relictae.'
1518 2137 1618 2170 Unde
1647 2141 1694 2169 ita
1721 2147 1774 2168 re-

314 2190 449 2220 censuit
466 2188 642 2226 Heinsius,
666 2187 789 2228 probat
805 2188 901 2220 Glar.
929 2187 1083 2227 viditque
1096 2186 1188 2226 Guy.
1210 2185 1245 2215 in
1260 2185 1300 2216 R.
1326 2183 1386 2215 sed
1409 2191 1509 2213 mauu
1534 2180 1685 2212 secunda
1698 2181 1772 2212 Dn.

312 2233 369 2263 Tr.
387 2231 449 2262 ΒΥ.
474 2231 607 2262 Minime
622 2231 736 2261 mirum
757 2234 813 2262 est.
857 2231 987 2271 Jnntae‚
1010 2229 1133 2269 Aldus,
1159 2228 1250 2260 Rob.
1277 2226 1481 2267 Stephanus,
1505 2223 1773 2264 Raphelenghw,

314 2274 466 2311 Fabrtni,
489 2274 545 2304 alii
576 2273 761 2313 Clitiplioni
785 2273 953 2305 tribuunt.
996 2274 1081 2305 Mss.
1109 2271 1251 2303 variant.
1279 2270 1379 2302 West.
1423 2268 1509 2309 Syro
1531 2266 1686 2315 tribuunt
1705 2266 1772 2314 ‘Bia

313 2318 417 2349 Bent.
442 2316 543 2348 Both.
570 2316 676 2348 Z.——6
700 2317 800 2358 Vulg.
826 2317 900 2357 quid
928 2314 1058 2349 rerum?
1081 2316 1141 2346 sed
1168 2313 1267 2345 codd.
1298 2311 1524 2343 affirmative:
1562 2308 1641 2358 ded!
1668 2313 1773 2349 igitur

312 2361 403 2400 quod,
428 2359 451 2390 i.
467 2369 497 2391 e.
515 2359 559 2390 ob
586 2359 619 2390 id
648 2368 772 2397 rerum,
797 2359 886 2399 quod
914 2364 1067 2400 portant.
1092 2359 1190 2389 Both.
1233 2356 1375 2396 Signum
1401 2352 1661 2385 exclamationis
1687 2350 1773 2400 dant

313 2403 407 2435 Perl.
424 2403 569 2443 Bip.—-8
593 2403 659 2433 Ms.
678 2402 768 2442 Lips.
783 2403 833 2432 abi
848 2406 896 2441 tu,
911 2403 1042 2439 Dromo,
1058 2402 1208 2432 dum—9
1232 2399 1391 2438 Propere:
1415 2396 1489 2437 quid
1503 2398 1590 2427 slas?
1633 2393 1774 2443 anldi-

313 2455 377 2477 nus
395 2445 615 2476 Bandinellus
633 2446 768 2485 legebat
784 2445 936 2485 Propera,
959 2444 1048 2485 qnod
1066 2449 1101 2474 et
1117 2453 1177 2474 nos
1203 2443 1236 2473 in
1264 2440 1430 2482 aliquibus
1453 2438 1549 2470 libris
1573 2438 1774 2476 invenimus,

313 2489 403 2519 inter
420 2498 503 2529 quos
519 2488 731 2526 Victorianu,
756 2488 838 2518 licet
853 2487 976 2518 deinde
999 2487 1117 2518 abraso
1141 2496 1171 2526 a,
1192 2484 1415 2516 substitutum
1438 2481 1542 2513 fuerit
1566 2491 1605 2512 e:
1628 2485 1664 2512 et
1689 2489 1770 2511 sane

312 2532 455 2571 Propera
469 2530 603 2570 maj01·is
619 2531 790 2561 instantiae
808 2535 871 2561 est.
901 2531 956 2561 Fa.
1003 2532 1011 2547 ‘
1028 2529 1146 2561 Nostri
1164 2528 1320 2569 plerique
1344 2535 1473 2564 omnes,
1497 2525 1657 2564 Propere:
1680 2522 1771 2564 quod

314 2575 441 2605 rectius
456 2573 529 2604 est!
554 2574 648 2603 Bent.
694 2574 831 2613 Propere
846 2582 979 2614 quoque
996 2573 1064 2604 Ms.
1089 2572 1182 2612 Lips.
1201 2570 1299 2601 Bodl.
1316 2570 1376 2601 ΒΥ.
1421 2568 1430 2584 ‘
1445 2567 1513 2598 Alii
1538 2566 1700 2615 omittunt
1723 2566 1774 2603 de,

311 2617 382 2647 sine
399 2625 518 2647 sensus
534 2621 568 2646 et
584 2616 684 2647 metri
701 2615 902 2656 dispendio!
932 2615 1118 2648 West.———lo
1144 2613 1341 2654 Legendum
1355 2615 1474 2643 monet
1484 2610 1587 2640 Bent.
1600 2609 1665 2644 Qut
1681 2611 1771 2657 istac.

312 2660 381 2696 Qun·
406 2659 486 2690 istuc
503 2658 550 2689 lit.
565 2659 597 2696 d,
620 2663 657 2690 ut
676 2659 818 2698 videtur,
834 2659 965 2690 abrasa.
1011 2656 1127 2690 Guelf.
1147 2659 1176 2689 1.
1215 2656 1266 2687 Μ.
1287 2654 1542 2687 solicitant.-1l
1569 2652 1706 2684 Quanto
1722 2660 1770 2681 in-

312 2702 444 2733 felicius
462 2705 572 2733 tentat
588 2702 697 2733 locum
717 2702 806 2742 Guy.
825 2702 955 2741 legens,
982 2700 1090 2733 Viden’
1109 2703 1154 2731 ut.
1177 2700 1284 2731 West.
1328 2697 1553 2737 Distinguunt
1579 2695 1639 2726 Fa.
1666 2694 1769 2725 Beni.

312 2746 405 2778 Peri.
428 2744 526 2775 Viden
542 2747 597 2775 lu?
674 2748 801 2782 vestem,
815 2755 914 2784 quam.
960 2744 1062 2775 Both.
1075 2747 1109 2774 la
1125 2742 1266 2774 omittit.
1311 2740 1422 2773 Abest
1447 2738 1592 2770 ancillula
1605 2735 1719 2785 ΟιιεΙξ.
1739 2739 1769 2766 1.

313 2788 440 2821 Ancilla
455 2787 559 2819 habet
575 2790 694 2820 2.-1·2
718 2787 862 2820 Quidam
880 2787 965 2819 Mss.
982 2791 1017 2819 et
1034 2786 1118 2818 editi
1135 2785 1308 2817 vetustiss.
1324 2784 1403 2816 unde
1417 2791 1481 2814 esse
1499 2778 1625 2813 censes?
1648 2787 1770 2812 omisso
