<?xml version="1.0" encoding="UTF-8"?>
<!DOCTYPE html PUBLIC "-//W3C//DTD XHTML 1.0 Transitional//EN"
    "http://www.w3.org/TR/xhtml1/DTD/xhtml1-transitional.dtd">
<html xmlns="http://www.w3.org/1999/xhtml" xml:lang="en" lang="en">
 <head>
  <title>
</title>
<meta http-equiv="Content-Type" content="text/html;charset=utf-8" />
  <meta name='ocr-system' content='tesseract 3.04.00' />
  <meta name='ocr-capabilities' content='ocr_page ocr_carea ocr_par ocr_line ocrx_word'/>
</head>
<body>
  <div class='ocr_page' id='page_1' title='image "./pubterentiiafric02tereuoft/pubterentiiafric02tereuoft_0401.png"; bbox 0 0 1966 3302; ppageno 0'>
   <div class='ocr_carea' id='block_1_1' title="bbox 604 188 1647 230">
    <p class='ocr_par' dir='ltr' id='par_1_1' title="bbox 604 188 1647 230">
     <span class='ocr_line' id='line_1_1' title="bbox 604 188 1647 230; baseline 0 -1"><span class='ocrx_word' id='word_1_1' title='bbox 604 189 607 192; x_wconf 92' lang='grc'><strong>’</strong></span> <span class='ocrx_word' id='word_1_2' title='bbox 647 198 861 229; x_wconf 83' lang='lat' dir='ltr'>HECYRAE</span> <span class='ocrx_word' id='word_1_3' title='bbox 894 199 1003 229; x_wconf 77' lang='lat' dir='ltr'><strong>Aer.</strong></span> <span class='ocrx_word' id='word_1_4' title='bbox 1028 198 1072 229; x_wconf 89' lang='grc' dir='ltr'><strong>ν.</strong></span> <span class='ocrx_word' id='word_1_5' title='bbox 1103 198 1170 229; x_wconf 87' lang='lat' dir='ltr'><strong>sc.</strong></span> <span class='ocrx_word' id='word_1_6' title='bbox 1193 199 1224 229; x_wconf 91' lang='lat'><strong>1.</strong></span> <span class='ocrx_word' id='word_1_7' title='bbox 1564 188 1647 230; x_wconf 79' lang='lat'><strong>891</strong></span> 
     </span>
    </p>
   </div>
   <div class='ocr_carea' id='block_1_2' title="bbox 199 295 1649 484">
    <p class='ocr_par' dir='ltr' id='par_1_2' title="bbox 199 295 1649 484">
     <span class='ocr_line' id='line_1_2' title="bbox 201 295 1441 349; baseline -0.002 -13"><span class='ocrx_word' id='word_1_8' title='bbox 201 295 290 337; x_wconf 86' lang='lat' dir='ltr'><strong>Sed</strong></span> <span class='ocrx_word' id='word_1_9' title='bbox 309 295 410 336; x_wconf 88' lang='lat' dir='ltr'><strong>nolo</strong></span> <span class='ocrx_word' id='word_1_10' title='bbox 431 295 548 336; x_wconf 83' lang='lat' dir='ltr'><strong>falsa</strong></span> <span class='ocrx_word' id='word_1_11' title='bbox 566 295 687 337; x_wconf 83' lang='lat' dir='ltr'><strong>fama</strong></span> <span class='ocrx_word' id='word_1_12' title='bbox 705 308 803 336; x_wconf 88' lang='lat' dir='ltr'><strong>esse</strong></span> <span class='ocrx_word' id='word_1_13' title='bbox 823 302 1000 348; x_wconf 80' lang='lat' dir='ltr'><strong>gnatum</strong></span> <span class='ocrx_word' id='word_1_14' title='bbox 1023 300 1280 349; x_wconf 86' lang='lat' dir='ltr'><strong>suspectum</strong></span> <span class='ocrx_word' id='word_1_15' title='bbox 1303 298 1441 344; x_wconf 84' lang='lat' dir='ltr'><strong>tuum,</strong></span> 
     </span>
     <span class='ocr_line' id='line_1_3' title="bbox 200 359 1591 416; baseline -0.001 -14"><span class='ocrx_word' id='word_1_16' title='bbox 200 361 298 403; x_wconf 87' lang='lat' dir='ltr'><strong>Nec</strong></span> <span class='ocrx_word' id='word_1_17' title='bbox 320 362 527 403; x_wconf 85' lang='lat' dir='ltr'><strong>leviorem</strong></span> <span class='ocrx_word' id='word_1_18' title='bbox 548 363 689 412; x_wconf 86' lang='lat' dir='ltr'><strong>vobis,</strong></span> <span class='ocrx_word' id='word_1_19' title='bbox 711 363 872 416; x_wconf 86' lang='lat' dir='ltr'><strong>quibus</strong></span> <span class='ocrx_word' id='word_1_20' title='bbox 895 367 964 403; x_wconf 85' lang='lat' dir='ltr'><strong>est</strong></span> <span class='ocrx_word' id='word_1_21' title='bbox 984 363 1162 403; x_wconf 89' lang='lat' dir='ltr'><strong>minime</strong></span> <span class='ocrx_word' id='word_1_22' title='bbox 1185 375 1378 415; x_wconf 83' lang='lat' dir='ltr'><strong>aequom,</strong></span> <span class='ocrx_word' id='word_1_23' title='bbox 1401 359 1591 402; x_wconf 83' lang='lat' dir='ltr'><strong>viderier</strong></span> 
     </span>
     <span class='ocr_line' id='line_1_4' title="bbox 199 428 1649 484; baseline 0.001 -15"><span class='ocrx_word' id='word_1_24' title='bbox 199 428 451 480; x_wconf 81' lang='lat' dir='ltr'><strong>Immerit03</strong></span> <span class='ocrx_word' id='word_1_25' title='bbox 482 442 581 470; x_wconf 86' lang='lat' dir='ltr'><strong>nam</strong></span> <span class='ocrx_word' id='word_1_26' title='bbox 615 430 795 471; x_wconf 87' lang='lat' dir='ltr'><strong>meritus</strong></span> <span class='ocrx_word' id='word_1_27' title='bbox 826 429 879 470; x_wconf 92' lang='lat' dir='ltr'><strong>de</strong></span> <span class='ocrx_word' id='word_1_28' title='bbox 912 443 983 470; x_wconf 90' lang='lat' dir='ltr'><strong>me</strong></span> <span class='ocrx_word' id='word_1_29' title='bbox 1021 436 1106 481; x_wconf 88' lang='lat' dir='ltr'><strong>est,</strong></span> <span class='ocrx_word' id='word_1_30' title='bbox 1142 430 1261 484; x_wconf 91' lang='lat' dir='ltr'><strong>quod</strong></span> <span class='ocrx_word' id='word_1_31' title='bbox 1293 442 1468 484; x_wconf 82' lang='lat' dir='ltr'><strong>queam,</strong></span> <span class='ocrx_word' id='word_1_32' title='bbox 1503 428 1569 470; x_wconf 84' lang='lat' dir='ltr'><strong>illi</strong></span> <span class='ocrx_word' id='word_1_33' title='bbox 1601 434 1649 471; x_wconf 86' lang='lat' dir='ltr'><strong>ut</strong></span> 
     </span>
    </p>
   </div>
   <div class='ocr_carea' id='block_1_3' title="bbox 196 497 1650 809">
    <p class='ocr_par' dir='ltr' id='par_1_3' title="bbox 371 497 658 537">
     <span class='ocr_line' id='line_1_5' title="bbox 371 497 658 537; baseline 0 0"><span class='ocrx_word' id='word_1_34' title='bbox 371 497 658 537; x_wconf 86' lang='lat' dir='ltr'><strong>commodem.</strong></span> 
     </span>
    </p>

    <p class='ocr_par' dir='ltr' id='par_1_4' title="bbox 196 563 1648 672">
     <span class='ocr_line' id='line_1_6' title="bbox 196 563 1648 618; baseline 0.001 -14"><span class='ocrx_word' id='word_1_35' title='bbox 196 563 288 605; x_wconf 73' lang='lat' dir='ltr'><strong>LA.</strong></span> <span class='ocrx_word' id='word_1_36' title='bbox 322 563 520 605; x_wconf 82' lang='lat' dir='ltr'>Facilem</span> <span class='ocrx_word' id='word_1_37' title='bbox 555 565 901 618; x_wconf 80' lang='lat' dir='ltr'><strong>benevolumque</strong></span> <span class='ocrx_word' id='word_1_38' title='bbox 934 564 1086 617; x_wconf 84' lang='lat' dir='ltr'><strong>lingua</strong></span> <span class='ocrx_word' id='word_1_39' title='bbox 1116 570 1195 606; x_wconf 81' lang='lat' dir='ltr'><strong>tua</strong></span> <span class='ocrx_word' id='word_1_40' title='bbox 1223 564 1318 618; x_wconf 84' lang='lat' dir='ltr'><strong>jam</strong></span> <span class='ocrx_word' id='word_1_41' title='bbox 1349 564 1429 606; x_wconf 86' lang='lat' dir='ltr'><strong>tibi</strong></span> <span class='ocrx_word' id='word_1_42' title='bbox 1459 579 1530 606; x_wconf 90' lang='lat' dir='ltr'><strong>me</strong></span> <span class='ocrx_word' id='word_1_43' title='bbox 1552 564 1648 606; x_wconf 89' lang='lat' dir='ltr'><strong>red-</strong></span> 
     </span>
     <span class='ocr_line' id='line_1_7' title="bbox 369 631 506 672; baseline 0.007 -1"><span class='ocrx_word' id='word_1_44' title='bbox 369 631 506 672; x_wconf 87' lang='lat' dir='ltr'><strong>didit·</strong></span> 
     </span>
    </p>

    <p class='ocr_par' dir='ltr' id='par_1_5' title="bbox 197 663 1650 809">
     <span class='ocr_line' id='line_1_8' title="bbox 197 663 1648 753; baseline 0.001 -15"><span class='ocrx_word' id='word_1_45' title='bbox 197 695 317 738; x_wconf 88' lang='lat' dir='ltr'><strong>Nam</strong></span> <span class='ocrx_word' id='word_1_46' title='bbox 336 712 421 739; x_wconf 89' lang='lat' dir='ltr'><strong>non</strong></span> <span class='ocrx_word' id='word_1_47' title='bbox 442 663 544 740; x_wconf 62' lang='lat' dir='ltr'><strong>su’nt</strong></span> <span class='ocrx_word' id='word_1_48' title='bbox 564 698 671 740; x_wconf 85' lang='lat' dir='ltr'><strong>solae</strong></span> <span class='ocrx_word' id='word_1_49' title='bbox 693 698 920 739; x_wconf 70' lang='lat' dir='ltr'><strong>arbitratae</strong></span> <span class='ocrx_word' id='word_1_50' title='bbox 953 698 1048 740; x_wconf 85' lang='lat' dir='ltr'><strong>hae:</strong></span> <span class='ocrx_word' id='word_1_51' title='bbox 1080 711 1160 752; x_wconf 84' lang='lat' dir='ltr'><strong>ego</strong></span> <span class='ocrx_word' id='word_1_52' title='bbox 1181 712 1356 753; x_wconf 90' lang='lat' dir='ltr'><strong>quoque</strong></span> <span class='ocrx_word' id='word_1_53' title='bbox 1387 700 1520 741; x_wconf 86' lang='lat' dir='ltr'><strong>etiam</strong></span> <span class='ocrx_word' id='word_1_54' title='bbox 1554 712 1648 742; x_wconf 88' lang='lat' dir='ltr'><strong>cre-</strong></span> 
     </span>
     <span class='ocr_line' id='line_1_9' title="bbox 372 766 1650 809; baseline 0.002 -2"><span class='ocrx_word' id='word_1_55' title='bbox 372 766 477 807; x_wconf 89' lang='lat' dir='ltr'><strong>didi.</strong></span> <span class='ocrx_word' id='word_1_56' title='bbox 1589 767 1650 809; x_wconf 83' lang='lat'><strong>35</strong></span> 
     </span>
    </p>
   </div>
   <div class='ocr_carea' id='block_1_4' title="bbox 195 833 1648 1227">
    <p class='ocr_par' dir='ltr' id='par_1_6' title="bbox 198 833 1646 889">
     <span class='ocr_line' id='line_1_10' title="bbox 198 833 1646 889; baseline 0.001 -14"><span class='ocrx_word' id='word_1_57' title='bbox 198 833 329 875; x_wconf 88' lang='lat' dir='ltr'><strong>Nunc</strong></span> <span class='ocrx_word' id='word_1_58' title='bbox 354 846 455 874; x_wconf 89' lang='lat' dir='ltr'><strong>cum</strong></span> <span class='ocrx_word' id='word_1_59' title='bbox 475 846 556 886; x_wconf 83' lang='lat' dir='ltr'><strong>ego</strong></span> <span class='ocrx_word' id='word_1_60' title='bbox 577 838 620 874; x_wconf 90' lang='lat' dir='ltr'><strong>te</strong></span> <span class='ocrx_word' id='word_1_61' title='bbox 643 845 743 874; x_wconf 87' lang='lat' dir='ltr'><strong>esse</strong></span> <span class='ocrx_word' id='word_1_62' title='bbox 764 838 923 887; x_wconf 87' lang='lat' dir='ltr'><strong>praeter</strong></span> <span class='ocrx_word' id='word_1_63' title='bbox 944 838 1138 875; x_wconf 83' lang='lat' dir='ltr'><strong>nostram</strong></span> <span class='ocrx_word' id='word_1_64' title='bbox 1159 835 1408 888; x_wconf 88' lang='lat' dir='ltr'><strong>opinionem</strong></span> <span class='ocrx_word' id='word_1_65' title='bbox 1430 835 1646 889; x_wconf 87' lang='lat' dir='ltr'><strong>comperi,</strong></span> 
     </span>
    </p>

    <p class='ocr_par' dir='ltr' id='par_1_7' title="bbox 197 900 1574 955">
     <span class='ocr_line' id='line_1_11' title="bbox 197 900 1574 955; baseline 0.003 -14"><span class='ocrx_word' id='word_1_66' title='bbox 197 900 289 942; x_wconf 86' lang='lat' dir='ltr'><strong>Fac</strong></span> <span class='ocrx_word' id='word_1_67' title='bbox 308 901 461 942; x_wconf 86' lang='lat' dir='ltr'><strong>eadem</strong></span> <span class='ocrx_word' id='word_1_68' title='bbox 481 908 530 942; x_wconf 88' lang='lat' dir='ltr'><strong>ut</strong></span> <span class='ocrx_word' id='word_1_69' title='bbox 549 902 610 941; x_wconf 86' lang='lat' dir='ltr'><strong>sis</strong></span> <span class='ocrx_word' id='word_1_70' title='bbox 630 914 789 955; x_wconf 90' lang='lat' dir='ltr'><strong>porro;</strong></span> <span class='ocrx_word' id='word_1_71' title='bbox 820 905 973 943; x_wconf 87' lang='lat' dir='ltr'><strong>nostra</strong></span> <span class='ocrx_word' id='word_1_72' title='bbox 993 907 1116 943; x_wconf 90' lang='lat' dir='ltr'><strong>utere</strong></span> <span class='ocrx_word' id='word_1_73' title='bbox 1140 903 1350 953; x_wconf 83' lang='lat' dir='ltr'><strong>amicitia,</strong></span> <span class='ocrx_word' id='word_1_74' title='bbox 1369 908 1417 945; x_wconf 85' lang='lat' dir='ltr'><strong>ut</strong></span> <span class='ocrx_word' id='word_1_75' title='bbox 1437 904 1574 946; x_wconf 84' lang='lat' dir='ltr'><strong>voles.</strong></span> 
     </span>
    </p>

    <p class='ocr_par' dir='ltr' id='par_1_8' title="bbox 195 967 1648 1078">
     <span class='ocr_line' id='line_1_12' title="bbox 195 967 1648 1026; baseline 0.002 -17"><span class='ocrx_word' id='word_1_76' title='bbox 195 967 339 1010; x_wconf 85' lang='lat' dir='ltr'><strong>Aliter</strong></span> <span class='ocrx_word' id='word_1_77' title='bbox 369 969 408 1010; x_wconf 87' lang='lat' dir='ltr'><strong>si</strong></span> <span class='ocrx_word' id='word_1_78' title='bbox 443 969 696 1010; x_wconf 79' lang='lat' dir='ltr'><strong>facias—</strong></span> <span class='ocrx_word' id='word_1_79' title='bbox 718 969 796 1010; x_wconf 85' lang='lat' dir='ltr'><strong>sed</strong></span> <span class='ocrx_word' id='word_1_80' title='bbox 817 969 1048 1023; x_wconf 83' lang='lat' dir='ltr'><strong>reprimam</strong></span> <span class='ocrx_word' id='word_1_81' title='bbox 1070 984 1155 1020; x_wconf 89' lang='lat' dir='ltr'><strong>me,</strong></span> <span class='ocrx_word' id='word_1_82' title='bbox 1188 984 1241 1011; x_wconf 92' lang='lat' dir='ltr'><strong>ne</strong></span> <span class='ocrx_word' id='word_1_83' title='bbox 1274 983 1388 1024; x_wconf 85' lang='lat' dir='ltr'><strong>aegre</strong></span> <span class='ocrx_word' id='word_1_84' title='bbox 1410 972 1648 1026; x_wconf 83' lang='lat' dir='ltr'><strong>quicquam</strong></span> 
     </span>
     <span class='ocr_line' id='line_1_13' title="bbox 367 1036 1303 1078; baseline -0.003 -1"><span class='ocrx_word' id='word_1_85' title='bbox 367 1049 424 1077; x_wconf 86' lang='lat' dir='ltr'><strong>ex</strong></span> <span class='ocrx_word' id='word_1_86' title='bbox 445 1050 514 1077; x_wconf 89' lang='lat' dir='ltr'><strong>me</strong></span> <span class='ocrx_word' id='word_1_87' title='bbox 535 1036 706 1078; x_wconf 84' lang='lat' dir='ltr'><strong>audias.</strong></span> <span class='ocrx_word' id='word_1_88' title='bbox 1300 1042 1303 1045; x_wconf 73' lang='grc'><strong>’</strong></span> 
     </span>
    </p>

    <p class='ocr_par' dir='ltr' id='par_1_9' title="bbox 196 1103 1647 1227">
     <span class='ocr_line' id='line_1_14' title="bbox 196 1103 1647 1161; baseline 0.002 -16"><span class='ocrx_word' id='word_1_89' title='bbox 196 1103 366 1146; x_wconf 87' lang='lat' dir='ltr'><strong>Verum</strong></span> <span class='ocrx_word' id='word_1_90' title='bbox 396 1110 441 1146; x_wconf 89' lang='lat' dir='ltr'><strong>te</strong></span> <span class='ocrx_word' id='word_1_91' title='bbox 472 1105 555 1146; x_wconf 89' lang='lat' dir='ltr'><strong>hoc</strong></span> <span class='ocrx_word' id='word_1_92' title='bbox 585 1117 744 1146; x_wconf 88' lang='lat' dir='ltr'><strong>moneo</strong></span> <span class='ocrx_word' id='word_1_93' title='bbox 774 1117 935 1146; x_wconf 88' lang='lat' dir='ltr'><strong>unum:</strong></span> <span class='ocrx_word' id='word_1_94' title='bbox 967 1105 1109 1159; x_wconf 85' lang='lat' dir='ltr'><strong>qualis</strong></span> <span class='ocrx_word' id='word_1_95' title='bbox 1129 1105 1213 1146; x_wconf 87' lang='lat' dir='ltr'><strong>sim</strong></span> <span class='ocrx_word' id='word_1_96' title='bbox 1235 1106 1421 1157; x_wconf 82' lang='lat' dir='ltr'><strong>amicus,</strong></span> <span class='ocrx_word' id='word_1_97' title='bbox 1445 1111 1519 1149; x_wconf 80' lang='lat' dir='ltr'><strong>aut</strong></span> <span class='ocrx_word' id='word_1_98' title='bbox 1540 1107 1647 1161; x_wconf 91' lang='lat' dir='ltr'><strong>quid</strong></span> 
     </span>
     <span class='ocr_line' id='line_1_15' title="bbox 367 1173 583 1227; baseline -0.005 -14"><span class='ocrx_word' id='word_1_99' title='bbox 367 1173 583 1227; x_wconf 85' lang='lat' dir='ltr'><strong>possiem,</strong></span> 
     </span>
    </p>
   </div>
   <div class='ocr_carea' id='block_1_5' title="bbox 185 1292 1649 1721">
    <p class='ocr_par' dir='ltr' id='par_1_10' title="bbox 185 1292 1649 1721">
     <span class='ocr_line' id='line_1_16' title="bbox 193 1292 1647 1335; baseline 0.001 -12"><span class='ocrx_word' id='word_1_100' title='bbox 193 1293 394 1333; x_wconf 72' lang='lat' dir='ltr'><strong>suspicionem</strong></span> <span class='ocrx_word' id='word_1_101' title='bbox 415 1293 519 1324; x_wconf 79' lang='lat' dir='ltr'><strong>veniat</strong></span> <span class='ocrx_word' id='word_1_102' title='bbox 533 1293 641 1333; x_wconf 77' lang='lat' dir='ltr'><strong>culpce,</strong></span> <span class='ocrx_word' id='word_1_103' title='bbox 654 1303 721 1333; x_wconf 77' lang='lat' dir='ltr'><strong>quae</strong></span> <span class='ocrx_word' id='word_1_104' title='bbox 729 1292 817 1331; x_wconf 83' lang='lat' dir='ltr'><strong>falsa</strong></span> <span class='ocrx_word' id='word_1_105' title='bbox 832 1296 893 1332; x_wconf 79' lang='lat' dir='ltr'><strong>est,</strong></span> <span class='ocrx_word' id='word_1_106' title='bbox 907 1297 937 1324; x_wconf 86' lang='lat' dir='ltr'><strong>et</strong></span> <span class='ocrx_word' id='word_1_107' title='bbox 953 1304 993 1324; x_wconf 78' lang='lat' dir='ltr'><strong>ex</strong></span> <span class='ocrx_word' id='word_1_108' title='bbox 1004 1304 1064 1334; x_wconf 78' lang='lat' dir='ltr'><strong>qua</strong></span> <span class='ocrx_word' id='word_1_109' title='bbox 1075 1294 1175 1329; x_wconf 81' lang='lat' dir='ltr'><strong>falsus</strong></span> <span class='ocrx_word' id='word_1_110' title='bbox 1190 1304 1293 1325; x_wconf 81' lang='lat' dir='ltr'><strong>rumor</strong></span> <span class='ocrx_word' id='word_1_111' title='bbox 1308 1294 1476 1335; x_wconf 74' lang='lat' dir='ltr'><strong>differatur</strong></span> <span class='ocrx_word' id='word_1_112' title='bbox 1485 1305 1498 1331; x_wconf 85' lang='lat'><strong>‚·</strong></span> <span class='ocrx_word' id='word_1_113' title='bbox 1520 1304 1574 1326; x_wconf 83' lang='lat' dir='ltr'><strong>nec</strong></span> <span class='ocrx_word' id='word_1_114' title='bbox 1589 1295 1647 1325; x_wconf 84' lang='lat' dir='ltr'><strong>mi-</strong></span> 
     </span>
     <span class='ocr_line' id='line_1_17' title="bbox 195 1336 1648 1377; baseline 0.002 -12"><span class='ocrx_word' id='word_1_115' title='bbox 195 1345 251 1366; x_wconf 81' lang='lat' dir='ltr'><strong>nus</strong></span> <span class='ocrx_word' id='word_1_116' title='bbox 265 1345 332 1366; x_wconf 79' lang='lat' dir='ltr'><strong>eum</strong></span> <span class='ocrx_word' id='word_1_117' title='bbox 347 1339 535 1367; x_wconf 80' lang='lat' dir='ltr'><strong>constantem</strong></span> <span class='ocrx_word' id='word_1_118' title='bbox 550 1346 569 1366; x_wconf 91' lang='grc' dir='ltr'><em>α</em></span> <span class='ocrx_word' id='word_1_119' title='bbox 584 1336 667 1366; x_wconf 71' lang='lat' dir='ltr'><strong>vobis</strong></span> <span class='ocrx_word' id='word_1_120' title='bbox 678 1336 860 1376; x_wconf 78' lang='lat' dir='ltr'><strong>parentibus</strong></span> <span class='ocrx_word' id='word_1_121' title='bbox 874 1337 1024 1367; x_wconf 69' lang='lat' dir='ltr'><strong>(estimari</strong></span> <span class='ocrx_word' id='word_1_122' title='bbox 1039 1338 1117 1376; x_wconf 80' lang='lat' dir='ltr'><strong>volo,</strong></span> <span class='ocrx_word' id='word_1_123' title='bbox 1132 1337 1242 1377; x_wconf 81' lang='lat' dir='ltr'><strong>quibus</strong></span> <span class='ocrx_word' id='word_1_124' title='bbox 1256 1347 1314 1368; x_wconf 84' lang='lat' dir='ltr'><strong>non</strong></span> <span class='ocrx_word' id='word_1_125' title='bbox 1321 1338 1445 1376; x_wconf 70' lang='lat' dir='ltr'><strong>justum</strong></span> <span class='ocrx_word' id='word_1_126' title='bbox 1461 1341 1508 1368; x_wconf 86' lang='lat' dir='ltr'><strong>est</strong></span> <span class='ocrx_word' id='word_1_127' title='bbox 1522 1342 1555 1369; x_wconf 81' lang='lat' dir='ltr'><strong>ut</strong></span> <span class='ocrx_word' id='word_1_128' title='bbox 1574 1338 1648 1368; x_wconf 83' lang='lat' dir='ltr'><strong>talis</strong></span> 
     </span>
     <span class='ocr_line' id='line_1_18' title="bbox 195 1379 1648 1420; baseline 0.002 -12"><span class='ocrx_word' id='word_1_129' title='bbox 195 1387 260 1409; x_wconf 83' lang='lat' dir='ltr'><strong>esse</strong></span> <span class='ocrx_word' id='word_1_130' title='bbox 272 1379 429 1416; x_wconf 78' lang='lat' dir='ltr'><strong>videatur,</strong></span> <span class='ocrx_word' id='word_1_131' title='bbox 446 1380 528 1410; x_wconf 83' lang='lat' dir='ltr'><strong>nullo</strong></span> <span class='ocrx_word' id='word_1_132' title='bbox 553 1388 605 1409; x_wconf 84' lang='lat' dir='ltr'><strong>suo</strong></span> <span class='ocrx_word' id='word_1_133' title='bbox 627 1379 736 1409; x_wconf 80' lang='lat' dir='ltr'><strong>merito</strong></span> <span class='ocrx_word' id='word_1_134' title='bbox 747 1390 760 1416; x_wconf 89' lang='lat'><em>;</em></span> <span class='ocrx_word' id='word_1_135' title='bbox 781 1389 853 1409; x_wconf 84' lang='lat' dir='ltr'><strong>nam</strong></span> <span class='ocrx_word' id='word_1_136' title='bbox 868 1380 914 1410; x_wconf 81' lang='lat' dir='ltr'><strong>ita</strong></span> <span class='ocrx_word' id='word_1_137' title='bbox 928 1379 1001 1410; x_wconf 83' lang='lat' dir='ltr'><strong>bene</strong></span> <span class='ocrx_word' id='word_1_138' title='bbox 1016 1381 1053 1410; x_wconf 83' lang='lat' dir='ltr'><strong>de</strong></span> <span class='ocrx_word' id='word_1_139' title='bbox 1068 1391 1115 1411; x_wconf 85' lang='lat' dir='ltr'><strong>me</strong></span> <span class='ocrx_word' id='word_1_140' title='bbox 1139 1384 1183 1410; x_wconf 90' lang='lat' dir='ltr'><strong>est</strong></span> <span class='ocrx_word' id='word_1_141' title='bbox 1198 1380 1337 1420; x_wconf 66' lang='lat' dir='ltr'><strong>merium,</strong></span> <span class='ocrx_word' id='word_1_142' title='bbox 1352 1384 1386 1411; x_wconf 81' lang='lat' dir='ltr'><strong>ut</strong></span> <span class='ocrx_word' id='word_1_143' title='bbox 1407 1381 1529 1411; x_wconf 80' lang='lat' dir='ltr'><strong>debeam</strong></span> <span class='ocrx_word' id='word_1_144' title='bbox 1545 1381 1648 1412; x_wconf 79' lang='lat' dir='ltr'><strong>omnia</strong></span> 
     </span>
     <span class='ocr_line' id='line_1_19' title="bbox 193 1421 1649 1462; baseline 0.002 -11"><span class='ocrx_word' id='word_1_145' title='bbox 193 1422 362 1458; x_wconf 81' lang='lat' dir='ltr'><strong>commoda,</strong></span> <span class='ocrx_word' id='word_1_146' title='bbox 378 1432 445 1461; x_wconf 84' lang='lat' dir='ltr'><strong>quae</strong></span> <span class='ocrx_word' id='word_1_147' title='bbox 468 1422 594 1462; x_wconf 85' lang='lat' dir='ltr'><strong>possim,</strong></span> <span class='ocrx_word' id='word_1_148' title='bbox 618 1421 646 1452; x_wconf 84' lang='lat' dir='ltr'><strong>ei</strong></span> <span class='ocrx_word' id='word_1_149' title='bbox 670 1425 835 1462; x_wconf 65' lang='lat' dir='ltr'><strong>praestare,</strong></span> <span class='ocrx_word' id='word_1_150' title='bbox 856 1425 887 1452; x_wconf 87' lang='lat' dir='ltr'><strong>et</strong></span> <span class='ocrx_word' id='word_1_151' title='bbox 901 1422 1036 1453; x_wconf 76' lang='lat' dir='ltr'><em>utilitati</em></span> <span class='ocrx_word' id='word_1_152' title='bbox 1049 1422 1115 1460; x_wconf 79' lang='lat' dir='ltr'><strong>ejus</strong></span> <span class='ocrx_word' id='word_1_153' title='bbox 1129 1423 1289 1455; x_wconf 84' lang='lat' dir='ltr'><strong>inservire.</strong></span> <span class='ocrx_word' id='word_1_154' title='bbox 1334 1424 1397 1454; x_wconf 81' lang='lat' dir='ltr'><strong>LA.</strong></span> <span class='ocrx_word' id='word_1_155' title='bbox 1423 1424 1602 1462; x_wconf 81' lang='lat' dir='ltr'><strong>Benignum</strong></span> <span class='ocrx_word' id='word_1_156' title='bbox 1617 1427 1649 1454; x_wconf 86' lang='lat' dir='ltr'><strong>et</strong></span> 
     </span>
     <span class='ocr_line' id='line_1_20' title="bbox 195 1463 1648 1507; baseline 0.001 -13"><span class='ocrx_word' id='word_1_157' title='bbox 195 1463 441 1504; x_wconf 77' lang='lat' dir='ltr'><strong>benecupientem</strong></span> <span class='ocrx_word' id='word_1_158' title='bbox 453 1465 509 1495; x_wconf 80' lang='lat' dir='ltr'><strong>libi</strong></span> <span class='ocrx_word' id='word_1_159' title='bbox 527 1464 644 1506; x_wconf 79' lang='lat' dir='ltr'><strong>lepidus</strong></span> <span class='ocrx_word' id='word_1_160' title='bbox 653 1474 749 1495; x_wconf 85' lang='lat' dir='ltr'><strong>sermo</strong></span> <span class='ocrx_word' id='word_1_161' title='bbox 761 1468 831 1495; x_wconf 81' lang='lat' dir='ltr'><strong>tuus</strong></span> <span class='ocrx_word' id='word_1_162' title='bbox 843 1474 891 1496; x_wconf 86' lang='lat' dir='ltr'><strong>me</strong></span> <span class='ocrx_word' id='word_1_163' title='bbox 899 1465 980 1503; x_wconf 84' lang='lat' dir='ltr'><strong>fecit</strong></span> <span class='ocrx_word' id='word_1_164' title='bbox 993 1476 1003 1495; x_wconf 93' lang='lat'><strong>.·</strong></span> <span class='ocrx_word' id='word_1_165' title='bbox 1025 1475 1096 1496; x_wconf 86' lang='lat' dir='ltr'><strong>nam</strong></span> <span class='ocrx_word' id='word_1_166' title='bbox 1109 1475 1168 1496; x_wconf 85' lang='lat' dir='ltr'><strong>non</strong></span> <span class='ocrx_word' id='word_1_167' title='bbox 1183 1467 1257 1496; x_wconf 68' lang='lat' dir='ltr'><strong>sola:</strong></span> <span class='ocrx_word' id='word_1_168' title='bbox 1272 1466 1320 1496; x_wconf 77' lang='lat' dir='ltr'><strong>hae</strong></span> <span class='ocrx_word' id='word_1_169' title='bbox 1335 1466 1489 1505; x_wconf 78' lang='lat' dir='ltr'><strong>mulieres,</strong></span> <span class='ocrx_word' id='word_1_170' title='bbox 1503 1467 1648 1507; x_wconf 81' lang='lat' dir='ltr'><strong>Myrrhi-</strong></span> 
     </span>
     <span class='ocr_line' id='line_1_21' title="bbox 195 1507 1646 1550; baseline 0.002 -13"><span class='ocrx_word' id='word_1_171' title='bbox 195 1516 237 1537; x_wconf 79' lang='grc' dir='ltr'><strong>πα</strong></span> <span class='ocrx_word' id='word_1_172' title='bbox 263 1510 293 1538; x_wconf 89' lang='lat' dir='ltr'><strong>et</strong></span> <span class='ocrx_word' id='word_1_173' title='bbox 317 1507 516 1542; x_wconf 79' lang='lat' dir='ltr'><strong>Philumena,</strong></span> <span class='ocrx_word' id='word_1_174' title='bbox 540 1511 570 1538; x_wconf 89' lang='lat' dir='ltr'><strong>te</strong></span> <span class='ocrx_word' id='word_1_175' title='bbox 591 1511 746 1548; x_wconf 77' lang='lat' dir='ltr'><strong>receptare</strong></span> <span class='ocrx_word' id='word_1_176' title='bbox 762 1508 960 1548; x_wconf 81' lang='lat' dir='ltr'><strong>Pamphilum</strong></span> <span class='ocrx_word' id='word_1_177' title='bbox 969 1508 1211 1547; x_wconf 75' lang='lat' dir='ltr'><strong>judicaverunt.-</strong></span> <span class='ocrx_word' id='word_1_178' title='bbox 1234 1519 1290 1548; x_wconf 83' lang='lat' dir='ltr'><strong>ego</strong></span> <span class='ocrx_word' id='word_1_179' title='bbox 1306 1519 1419 1549; x_wconf 82' lang='lat' dir='ltr'><strong>quoque</strong></span> <span class='ocrx_word' id='word_1_180' title='bbox 1434 1510 1500 1550; x_wconf 77' lang='lat' dir='ltr'><strong>ipse</strong></span> <span class='ocrx_word' id='word_1_181' title='bbox 1514 1509 1646 1540; x_wconf 80' lang='lat' dir='ltr'><strong>credidi.</strong></span> 
     </span>
     <span class='ocr_line' id='line_1_22' title="bbox 195 1548 1648 1592; baseline 0.001 -12"><span class='ocrx_word' id='word_1_182' title='bbox 195 1548 229 1580; x_wconf 90' lang='lat' dir='ltr'><strong><em>N</em></strong></span> <span class='ocrx_word' id='word_1_183' title='bbox 232 1559 289 1580; x_wconf 79' lang='lat' dir='ltr'><strong>unc</strong></span> <span class='ocrx_word' id='word_1_184' title='bbox 301 1560 369 1580; x_wconf 79' lang='lat' dir='ltr'><strong>cum</strong></span> <span class='ocrx_word' id='word_1_185' title='bbox 383 1560 440 1589; x_wconf 86' lang='lat' dir='ltr'><strong>ego</strong></span> <span class='ocrx_word' id='word_1_186' title='bbox 455 1554 486 1581; x_wconf 90' lang='lat' dir='ltr'><strong>te</strong></span> <span class='ocrx_word' id='word_1_187' title='bbox 500 1551 671 1589; x_wconf 77' lang='lat' dir='ltr'><strong>innoxiam,</strong></span> <span class='ocrx_word' id='word_1_188' title='bbox 687 1554 718 1581; x_wconf 88' lang='lat' dir='ltr'><strong>et</strong></span> <span class='ocrx_word' id='word_1_189' title='bbox 737 1551 878 1582; x_wconf 79' lang='lat' dir='ltr'><strong>criminis</strong></span> <span class='ocrx_word' id='word_1_190' title='bbox 896 1561 1007 1591; x_wconf 82' lang='lat' dir='ltr'><strong>puram</strong></span> <span class='ocrx_word' id='word_1_191' title='bbox 1019 1552 1175 1592; x_wconf 73' lang='lat' dir='ltr'><strong>perspexi,</strong></span> <span class='ocrx_word' id='word_1_192' title='bbox 1190 1556 1297 1582; x_wconf 82' lang='lat' dir='ltr'><strong>contra</strong></span> <span class='ocrx_word' id='word_1_193' title='bbox 1311 1552 1483 1592; x_wconf 78' lang='lat' dir='ltr'><strong>opinionem</strong></span> <span class='ocrx_word' id='word_1_194' title='bbox 1499 1556 1648 1591; x_wconf 83' lang='lat' dir='ltr'><strong>nostram,</strong></span> 
     </span>
     <span class='ocr_line' id='line_1_23' title="bbox 185 1591 1649 1634; baseline 0.002 -12"><span class='ocrx_word' id='word_1_195' title='bbox 185 1591 244 1629; x_wconf 83' lang='lat' dir='ltr'><strong>foc</strong></span> <span class='ocrx_word' id='word_1_196' title='bbox 262 1595 297 1623; x_wconf 86' lang='lat' dir='ltr'><strong>ut</strong></span> <span class='ocrx_word' id='word_1_197' title='bbox 321 1593 394 1623; x_wconf 82' lang='lat' dir='ltr'><strong>tulis</strong></span> <span class='ocrx_word' id='word_1_198' title='bbox 407 1592 541 1624; x_wconf 82' lang='lat' dir='ltr'><strong>videaris</strong></span> <span class='ocrx_word' id='word_1_199' title='bbox 556 1593 733 1633; x_wconf 76' lang='lat' dir='ltr'><strong>Illyrrhinoe</strong></span> <span class='ocrx_word' id='word_1_200' title='bbox 748 1597 780 1625; x_wconf 88' lang='lat' dir='ltr'><strong>et</strong></span> <span class='ocrx_word' id='word_1_201' title='bbox 794 1594 1000 1625; x_wconf 81' lang='lat' dir='ltr'><strong>Philumenoe.</strong></span> <span class='ocrx_word' id='word_1_202' title='bbox 1036 1594 1074 1625; x_wconf 85' lang='lat' dir='ltr'><strong>In</strong></span> <span class='ocrx_word' id='word_1_203' title='bbox 1083 1598 1238 1634; x_wconf 83' lang='lat' dir='ltr'><strong>posterum</strong></span> <span class='ocrx_word' id='word_1_204' title='bbox 1249 1598 1334 1625; x_wconf 83' lang='lat' dir='ltr'><strong>utere</strong></span> <span class='ocrx_word' id='word_1_205' title='bbox 1345 1598 1395 1626; x_wconf 83' lang='lat' dir='ltr'><strong>tuo</strong></span> <span class='ocrx_word' id='word_1_206' title='bbox 1407 1595 1550 1634; x_wconf 77' lang='lat' dir='ltr'><strong>arbitrio,</strong></span> <span class='ocrx_word' id='word_1_207' title='bbox 1563 1595 1649 1626; x_wconf 85' lang='lat' dir='ltr'><strong>nobis</strong></span> 
     </span>
     <span class='ocr_line' id='line_1_24' title="bbox 193 1634 1647 1678; baseline 0.002 -13"><span class='ocrx_word' id='word_1_208' title='bbox 193 1634 311 1666; x_wconf 82' lang='lat' dir='ltr'><strong>amicis.</strong></span> <span class='ocrx_word' id='word_1_209' title='bbox 357 1636 416 1667; x_wconf 82' lang='lat' dir='ltr'><strong>Sin</strong></span> <span class='ocrx_word' id='word_1_210' title='bbox 437 1636 531 1666; x_wconf 81' lang='lat' dir='ltr'><strong>aliam</strong></span> <span class='ocrx_word' id='word_1_211' title='bbox 557 1640 588 1667; x_wconf 79' lang='lat' dir='ltr'><strong>te</strong></span> <span class='ocrx_word' id='word_1_212' title='bbox 611 1636 772 1675; x_wconf 80' lang='lat' dir='ltr'><strong>perhibeas</strong></span> <span class='ocrx_word' id='word_1_213' title='bbox 783 1647 795 1673; x_wconf 90' lang='lat'><em>;</em></span> <span class='ocrx_word' id='word_1_214' title='bbox 817 1638 870 1668; x_wconf 87' lang='lat' dir='ltr'><strong>sed</strong></span> <span class='ocrx_word' id='word_1_215' title='bbox 890 1647 938 1668; x_wconf 85' lang='lat' dir='ltr'><strong>me</strong></span> <span class='ocrx_word' id='word_1_216' title='bbox 958 1637 1113 1677; x_wconf 76' lang='lat' dir='ltr'><strong>cohibebo,</strong></span> <span class='ocrx_word' id='word_1_217' title='bbox 1131 1648 1169 1669; x_wconf 87' lang='lat' dir='ltr'><strong>ne</strong></span> <span class='ocrx_word' id='word_1_218' title='bbox 1183 1639 1306 1668; x_wconf 82' lang='lat' dir='ltr'><strong>moleste</strong></span> <span class='ocrx_word' id='word_1_219' title='bbox 1322 1641 1352 1668; x_wconf 88' lang='lat' dir='ltr'><strong>et</strong></span> <span class='ocrx_word' id='word_1_220' title='bbox 1366 1638 1471 1669; x_wconf 78' lang='lat' dir='ltr'><strong>acerbe</strong></span> <span class='ocrx_word' id='word_1_221' title='bbox 1485 1638 1647 1678; x_wconf 71' lang='lat' dir='ltr'><strong>quicquam</strong></span> 
     </span>
     <span class='ocr_line' id='line_1_25' title="bbox 192 1677 1646 1721; baseline 0.003 -13"><span class='ocrx_word' id='word_1_222' title='bbox 192 1677 254 1709; x_wconf 85' lang='lat' dir='ltr'><strong>tibi</strong></span> <span class='ocrx_word' id='word_1_223' title='bbox 267 1678 377 1711; x_wconf 79' lang='lat' dir='ltr'><strong>dicam.</strong></span> <span class='ocrx_word' id='word_1_224' title='bbox 427 1679 540 1710; x_wconf 79' lang='lat' dir='ltr'><strong>Verum</strong></span> <span class='ocrx_word' id='word_1_225' title='bbox 555 1682 585 1710; x_wconf 86' lang='lat' dir='ltr'><strong>te</strong></span> <span class='ocrx_word' id='word_1_226' title='bbox 599 1679 653 1710; x_wconf 82' lang='lat' dir='ltr'><strong>hoc</strong></span> <span class='ocrx_word' id='word_1_227' title='bbox 667 1689 760 1710; x_wconf 84' lang='lat' dir='ltr'><strong>unum</strong></span> <span class='ocrx_word' id='word_1_228' title='bbox 774 1680 892 1720; x_wconf 83' lang='lat' dir='ltr'><strong>hortor,</strong></span> <span class='ocrx_word' id='word_1_229' title='bbox 916 1683 951 1711; x_wconf 82' lang='lat' dir='ltr'><strong>ut</strong></span> <span class='ocrx_word' id='word_1_230' title='bbox 971 1681 1077 1721; x_wconf 74' lang='lat' dir='ltr'><strong>potius</strong></span> <span class='ocrx_word' id='word_1_231' title='bbox 1099 1681 1271 1721; x_wconf 77' lang='lat' dir='ltr'><strong>experiaris</strong></span> <span class='ocrx_word' id='word_1_232' title='bbox 1286 1681 1385 1721; x_wconf 78' lang='lat' dir='ltr'><strong>qualis</strong></span> <span class='ocrx_word' id='word_1_233' title='bbox 1400 1681 1458 1712; x_wconf 85' lang='lat' dir='ltr'><strong>sim</strong></span> <span class='ocrx_word' id='word_1_234' title='bbox 1472 1681 1600 1721; x_wconf 81' lang='lat' dir='ltr'><strong>amicus,</strong></span> <span class='ocrx_word' id='word_1_235' title='bbox 1616 1685 1646 1712; x_wconf 81' lang='lat' dir='ltr'><strong>et</strong></span> 
     </span>
    </p>
   </div>
   <div class='ocr_carea' id='block_1_6' title="bbox 800 1779 1043 1792">
    <p class='ocr_par' dir='ltr' id='par_1_11' title="bbox 800 1779 1043 1792">
     <span class='ocr_line' id='line_1_26' title="bbox 800 1779 1043 1792; baseline 0 -1"><span class='ocrx_word' id='word_1_236' title='bbox 800 1779 1043 1792; x_wconf 60' lang='lat' dir='ltr'><strong>ee‘maeaeee-te</strong></span> 
     </span>
    </p>
   </div>
   <div class='ocr_carea' id='block_1_7' title="bbox 187 1857 1687 2803">
    <p class='ocr_par' dir='ltr' id='par_1_12' title="bbox 187 1857 1687 2803">
     <span class='ocr_line' id='line_1_27' title="bbox 192 1857 1647 1898; baseline 0.002 -9"><span class='ocrx_word' id='word_1_237' title='bbox 192 1861 276 1889; x_wconf 85' lang='lat' dir='ltr'><strong>tare.</strong></span> <span class='ocrx_word' id='word_1_238' title='bbox 320 1857 461 1898; x_wconf 87' lang='lat' dir='ltr'><strong>Repoue</strong></span> <span class='ocrx_word' id='word_1_239' title='bbox 476 1860 595 1898; x_wconf 80' lang='lat' dir='ltr'><strong>quaestu</strong></span> <span class='ocrx_word' id='word_1_240' title='bbox 609 1857 688 1889; x_wconf 82' lang='lat' dir='ltr'><strong>hoc.’</strong></span> <span class='ocrx_word' id='word_1_241' title='bbox 709 1857 810 1889; x_wconf 88' lang='lat' dir='ltr'><strong>Bent.</strong></span> <span class='ocrx_word' id='word_1_242' title='bbox 833 1858 896 1889; x_wconf 81' lang='lat' dir='ltr'><strong>alia</strong></span> <span class='ocrx_word' id='word_1_243' title='bbox 917 1861 996 1889; x_wconf 82' lang='lat' dir='ltr'><strong>esset</strong></span> <span class='ocrx_word' id='word_1_244' title='bbox 1012 1857 1130 1890; x_wconf 88' lang='lat' dir='ltr'><strong>Guelf.</strong></span> <span class='ocrx_word' id='word_1_245' title='bbox 1147 1860 1261 1889; x_wconf 80' lang='lat'><strong>3.—31</strong></span> <span class='ocrx_word' id='word_1_246' title='bbox 1287 1858 1349 1890; x_wconf 84' lang='lat' dir='ltr'><strong>Sed</strong></span> <span class='ocrx_word' id='word_1_247' title='bbox 1374 1868 1436 1890; x_wconf 87' lang='lat' dir='ltr'><strong>esse</strong></span> <span class='ocrx_word' id='word_1_248' title='bbox 1449 1859 1538 1897; x_wconf 80' lang='lat' dir='ltr'><strong>falsa</strong></span> <span class='ocrx_word' id='word_1_249' title='bbox 1553 1860 1647 1898; x_wconf 82' lang='lat' dir='ltr'><strong>suma</strong></span> 
     </span>
     <span class='ocr_line' id='line_1_28' title="bbox 190 1899 1645 1943; baseline 0.002 -13"><span class='ocrx_word' id='word_1_250' title='bbox 190 1901 259 1931; x_wconf 82' lang='lat' dir='ltr'><strong>nolo</strong></span> <span class='ocrx_word' id='word_1_251' title='bbox 286 1899 369 1932; x_wconf 88' lang='lat' dir='ltr'><strong>Mss.</strong></span> <span class='ocrx_word' id='word_1_252' title='bbox 397 1901 476 1932; x_wconf 91' lang='lat' dir='ltr'><strong>duo.</strong></span> <span class='ocrx_word' id='word_1_253' title='bbox 499 1901 600 1932; x_wconf 85' lang='lat' dir='ltr'><strong>Boecl.</strong></span> <span class='ocrx_word' id='word_1_254' title='bbox 625 1905 660 1932; x_wconf 81' lang='lat' dir='ltr'><strong>et</strong></span> <span class='ocrx_word' id='word_1_255' title='bbox 687 1901 735 1932; x_wconf 84' lang='lat' dir='ltr'><strong>sic</strong></span> <span class='ocrx_word' id='word_1_256' title='bbox 759 1901 874 1932; x_wconf 88' lang='lat' dir='ltr'><strong>Guelf.</strong></span> <span class='ocrx_word' id='word_1_257' title='bbox 891 1904 922 1932; x_wconf 84' lang='lat'><strong>3.</strong></span> <span class='ocrx_word' id='word_1_258' title='bbox 948 1901 1010 1932; x_wconf 90' lang='lat' dir='ltr'><strong>‘In</strong></span> <span class='ocrx_word' id='word_1_259' title='bbox 1036 1902 1132 1933; x_wconf 89' lang='lat' dir='ltr'><strong>Bem.</strong></span> <span class='ocrx_word' id='word_1_260' title='bbox 1157 1902 1255 1932; x_wconf 85' lang='lat' dir='ltr'><strong>deest</strong></span> <span class='ocrx_word' id='word_1_261' title='bbox 1272 1911 1346 1937; x_wconf 81' lang='lat' dir='ltr'><strong>esse,</strong></span> <span class='ocrx_word' id='word_1_262' title='bbox 1364 1902 1423 1932; x_wconf 89' lang='lat' dir='ltr'><strong>sed</strong></span> <span class='ocrx_word' id='word_1_263' title='bbox 1441 1912 1645 1943; x_wconf 83' lang='lat' dir='ltr'><strong>perperam:</strong></span> 
     </span>
     <span class='ocr_line' id='line_1_29' title="bbox 191 1943 1647 1985; baseline 0.003 -12"><span class='ocrx_word' id='word_1_264' title='bbox 191 1948 344 1974; x_wconf 87' lang='lat' dir='ltr'><strong>ceterum</strong></span> <span class='ocrx_word' id='word_1_265' title='bbox 361 1943 448 1974; x_wconf 87' lang='lat' dir='ltr'><strong>hunc</strong></span> <span class='ocrx_word' id='word_1_266' title='bbox 472 1943 624 1974; x_wconf 87' lang='lat' dir='ltr'><strong>ordinem</strong></span> <span class='ocrx_word' id='word_1_267' title='bbox 643 1944 822 1975; x_wconf 87' lang='lat' dir='ltr'><strong>verborum</strong></span> <span class='ocrx_word' id='word_1_268' title='bbox 846 1943 960 1984; x_wconf 79' lang='lat' dir='ltr'><strong>habet,</strong></span> <span class='ocrx_word' id='word_1_269' title='bbox 978 1954 1077 1985; x_wconf 85' lang='lat' dir='ltr'><strong>quem</strong></span> <span class='ocrx_word' id='word_1_270' title='bbox 1099 1950 1133 1975; x_wconf 89' lang='lat' dir='ltr'><strong>et</strong></span> <span class='ocrx_word' id='word_1_271' title='bbox 1157 1944 1312 1975; x_wconf 86' lang='lat' dir='ltr'><strong>Donatus</strong></span> <span class='ocrx_word' id='word_1_272' title='bbox 1337 1945 1442 1985; x_wconf 88' lang='lat' dir='ltr'><strong>ponit,</strong></span> <span class='ocrx_word' id='word_1_273' title='bbox 1460 1946 1578 1976; x_wconf 89' lang='lat' dir='ltr'><strong>addito</strong></span> <span class='ocrx_word' id='word_1_274' title='bbox 1597 1951 1647 1977; x_wconf 87' lang='lat' dir='ltr'><strong>ta-</strong></span> 
     </span>
     <span class='ocr_line' id='line_1_30' title="bbox 191 1986 1646 2028; baseline 0.003 -12"><span class='ocrx_word' id='word_1_275' title='bbox 191 1995 271 2016; x_wconf 89' lang='lat' dir='ltr'><strong>men</strong></span> <span class='ocrx_word' id='word_1_276' title='bbox 287 1986 391 2017; x_wconf 86' lang='lat' dir='ltr'><strong>verbo</strong></span> <span class='ocrx_word' id='word_1_277' title='bbox 406 1996 488 2018; x_wconf 76' lang='lat' dir='ltr'><strong>esse.-</strong></span> <span class='ocrx_word' id='word_1_278' title='bbox 512 1988 565 2017; x_wconf 83' lang='lat' dir='ltr'><strong>sed</strong></span> <span class='ocrx_word' id='word_1_279' title='bbox 577 1986 834 2024; x_wconf 79' lang='lat' dir='ltr'><strong>nolofulsafama</strong></span> <span class='ocrx_word' id='word_1_280' title='bbox 851 1997 937 2023; x_wconf 84' lang='lat' dir='ltr'><strong>esse;</strong></span> <span class='ocrx_word' id='word_1_281' title='bbox 962 1988 1064 2028; x_wconf 80' lang='lat' dir='ltr'><strong>aliqui</strong></span> <span class='ocrx_word' id='word_1_282' title='bbox 1082 1988 1183 2018; x_wconf 87' lang='lat' dir='ltr'><strong>etiam</strong></span> <span class='ocrx_word' id='word_1_283' title='bbox 1200 1988 1276 2018; x_wconf 88' lang='lat' dir='ltr'><strong>libri</strong></span> <span class='ocrx_word' id='word_1_284' title='bbox 1291 1988 1338 2018; x_wconf 75' lang='lat' dir='ltr'><strong>sic</strong></span> <span class='ocrx_word' id='word_1_285' title='bbox 1355 1988 1493 2028; x_wconf 85' lang='lat' dir='ltr'><strong>habent,</strong></span> <span class='ocrx_word' id='word_1_286' title='bbox 1509 1991 1562 2019; x_wconf 86' lang='lat' dir='ltr'><strong>sed</strong></span> <span class='ocrx_word' id='word_1_287' title='bbox 1578 1991 1646 2020; x_wconf 86' lang='lat' dir='ltr'><strong>nolo</strong></span> 
     </span>
     <span class='ocr_line' id='line_1_31' title="bbox 191 2028 1646 2073; baseline 0.002 -13"><span class='ocrx_word' id='word_1_288' title='bbox 191 2038 256 2060; x_wconf 88' lang='lat' dir='ltr'><strong>esse</strong></span> <span class='ocrx_word' id='word_1_289' title='bbox 273 2028 470 2067; x_wconf 82' lang='lat' dir='ltr'><strong>falsafama.</strong></span> <span class='ocrx_word' id='word_1_290' title='bbox 492 2034 672 2071; x_wconf 88' lang='lat' dir='ltr'><strong>utrumque</strong></span> <span class='ocrx_word' id='word_1_291' title='bbox 691 2030 811 2061; x_wconf 87' lang='lat' dir='ltr'><strong>melius</strong></span> <span class='ocrx_word' id='word_1_292' title='bbox 839 2040 938 2071; x_wconf 88' lang='lat' dir='ltr'><strong>quam</strong></span> <span class='ocrx_word' id='word_1_293' title='bbox 957 2030 1047 2072; x_wconf 87' lang='lat' dir='ltr'><strong>quod</strong></span> <span class='ocrx_word' id='word_1_294' title='bbox 1071 2031 1106 2061; x_wconf 88' lang='lat' dir='ltr'><strong>in</strong></span> <span class='ocrx_word' id='word_1_295' title='bbox 1127 2031 1274 2061; x_wconf 86' lang='lat' dir='ltr'><strong>lectione</strong></span> <span class='ocrx_word' id='word_1_296' title='bbox 1302 2031 1439 2071; x_wconf 82' lang='lat' dir='ltr'><strong>vulgata</strong></span> <span class='ocrx_word' id='word_1_297' title='bbox 1458 2036 1533 2070; x_wconf 87' lang='lat' dir='ltr'><strong>est;</strong></span> <span class='ocrx_word' id='word_1_298' title='bbox 1555 2032 1646 2073; x_wconf 91' lang='lat' dir='ltr'><strong>quod</strong></span> 
     </span>
     <span class='ocr_line' id='line_1_32' title="bbox 191 2071 1644 2113; baseline 0.003 -12"><span class='ocrx_word' id='word_1_299' title='bbox 191 2071 328 2112; x_wconf 87' lang='lat' dir='ltr'><strong>quidem</strong></span> <span class='ocrx_word' id='word_1_300' title='bbox 345 2071 387 2102; x_wconf 90' lang='lat' dir='ltr'><strong>ad</strong></span> <span class='ocrx_word' id='word_1_301' title='bbox 404 2081 535 2102; x_wconf 87' lang='lat' dir='ltr'><strong>versum</strong></span> <span class='ocrx_word' id='word_1_302' title='bbox 549 2071 696 2103; x_wconf 62' lang='lat' dir='ltr'><strong>attinet!</strong></span> <span class='ocrx_word' id='word_1_303' title='bbox 721 2073 782 2105; x_wconf 76' lang='lat' dir='ltr'><strong>Fa,</strong></span> <span class='ocrx_word' id='word_1_304' title='bbox 826 2073 835 2089; x_wconf 85' lang='lat'>‘</span> <span class='ocrx_word' id='word_1_305' title='bbox 848 2073 990 2104; x_wconf 80' lang='lat' dir='ltr'><strong>Plurimi</strong></span> <span class='ocrx_word' id='word_1_306' title='bbox 1009 2083 1050 2104; x_wconf 85' lang='lat' dir='ltr'><strong>ex</strong></span> <span class='ocrx_word' id='word_1_307' title='bbox 1066 2073 1199 2112; x_wconf 81' lang='lat' dir='ltr'><strong>nostris,</strong></span> <span class='ocrx_word' id='word_1_308' title='bbox 1217 2073 1280 2105; x_wconf 81' lang='lat' dir='ltr'><strong>Sed</strong></span> <span class='ocrx_word' id='word_1_309' title='bbox 1290 2075 1356 2104; x_wconf 86' lang='lat' dir='ltr'><strong>nolo</strong></span> <span class='ocrx_word' id='word_1_310' title='bbox 1369 2085 1434 2105; x_wconf 88' lang='lat' dir='ltr'><strong>esse</strong></span> <span class='ocrx_word' id='word_1_311' title='bbox 1446 2075 1644 2113; x_wconf 81' lang='lat' dir='ltr'><strong>salsafama.</strong></span> 
     </span>
     <span class='ocr_line' id='line_1_33' title="bbox 190 2113 1646 2157; baseline 0.003 -12"><span class='ocrx_word' id='word_1_312' title='bbox 190 2114 275 2146; x_wconf 84' lang='lat' dir='ltr'><strong>Tres</strong></span> <span class='ocrx_word' id='word_1_313' title='bbox 291 2113 352 2146; x_wconf 84' lang='lat' dir='ltr'><strong>Sed</strong></span> <span class='ocrx_word' id='word_1_314' title='bbox 374 2124 438 2145; x_wconf 81' lang='lat' dir='ltr'><strong>esse</strong></span> <span class='ocrx_word' id='word_1_315' title='bbox 461 2116 529 2146; x_wconf 88' lang='lat' dir='ltr'><strong>nolo</strong></span> <span class='ocrx_word' id='word_1_316' title='bbox 542 2114 629 2153; x_wconf 73' lang='lat' dir='ltr'><strong>falsa</strong></span> <span class='ocrx_word' id='word_1_317' title='bbox 648 2115 753 2153; x_wconf 85' lang='lat' dir='ltr'><strong>fama.</strong></span> <span class='ocrx_word' id='word_1_318' title='bbox 798 2116 851 2146; x_wconf 88' lang='lat' dir='ltr'><strong>Ex</strong></span> <span class='ocrx_word' id='word_1_319' title='bbox 873 2116 922 2147; x_wconf 90' lang='lat' dir='ltr'><strong>his</strong></span> <span class='ocrx_word' id='word_1_320' title='bbox 939 2116 1091 2147; x_wconf 74' lang='lat' dir='ltr'><strong>Faernus</strong></span> <span class='ocrx_word' id='word_1_321' title='bbox 1110 2117 1258 2147; x_wconf 86' lang='lat' dir='ltr'><strong>omnium</strong></span> <span class='ocrx_word' id='word_1_322' title='bbox 1282 2117 1500 2148; x_wconf 80' lang='lat' dir='ltr'><strong>deterrimam</strong></span> <span class='ocrx_word' id='word_1_323' title='bbox 1517 2118 1646 2157; x_wconf 64' lang='lat' dir='ltr'><strong>elegit!</strong></span> 
     </span>
     <span class='ocr_line' id='line_1_34' title="bbox 191 2157 1645 2200; baseline 0.003 -12"><span class='ocrx_word' id='word_1_324' title='bbox 191 2157 287 2188; x_wconf 84' lang='lat' dir='ltr'><strong>Bent.</strong></span> <span class='ocrx_word' id='word_1_325' title='bbox 313 2157 369 2197; x_wconf 86' lang='lat' dir='ltr'><strong>qui</strong></span> <span class='ocrx_word' id='word_1_326' title='bbox 385 2158 458 2198; x_wconf 87' lang='lat' dir='ltr'><strong>ipse</strong></span> <span class='ocrx_word' id='word_1_327' title='bbox 474 2157 582 2189; x_wconf 85' lang='lat' dir='ltr'><strong>edidit</strong></span> <span class='ocrx_word' id='word_1_328' title='bbox 599 2158 663 2189; x_wconf 80' lang='lat' dir='ltr'><strong>Sed</strong></span> <span class='ocrx_word' id='word_1_329' title='bbox 677 2159 745 2188; x_wconf 80' lang='lat' dir='ltr'><strong>nolo</strong></span> <span class='ocrx_word' id='word_1_330' title='bbox 756 2158 1030 2197; x_wconf 83' lang='lat' dir='ltr'><strong>essefalsafama,·</strong></span> <span class='ocrx_word' id='word_1_331' title='bbox 1053 2169 1149 2200; x_wconf 87' lang='lat' dir='ltr'><strong>quem</strong></span> <span class='ocrx_word' id='word_1_332' title='bbox 1163 2165 1352 2200; x_wconf 83' lang='lat' dir='ltr'><strong>sequuntur</strong></span> <span class='ocrx_word' id='word_1_333' title='bbox 1374 2160 1475 2191; x_wconf 83' lang='lat' dir='ltr'><strong>Both.</strong></span> <span class='ocrx_word' id='word_1_334' title='bbox 1501 2166 1535 2191; x_wconf 88' lang='lat' dir='ltr'><strong>et</strong></span> <span class='ocrx_word' id='word_1_335' title='bbox 1549 2161 1645 2192; x_wconf 81' lang='lat' dir='ltr'><strong>Pei-l.</strong></span> 
     </span>
     <span class='ocr_line' id='line_1_35' title="bbox 192 2200 1647 2235; baseline 0.003 -5"><span class='ocrx_word' id='word_1_336' title='bbox 192 2205 228 2230; x_wconf 88' lang='lat' dir='ltr'><strong>et</strong></span> <span class='ocrx_word' id='word_1_337' title='bbox 243 2200 292 2230; x_wconf 88' lang='lat' dir='ltr'><strong>sic</strong></span> <span class='ocrx_word' id='word_1_338' title='bbox 308 2200 456 2232; x_wconf 61' lang='lat' dir='ltr'><strong>Bia—32</strong></span> <span class='ocrx_word' id='word_1_339' title='bbox 480 2201 562 2231; x_wconf 81' lang='lat' dir='ltr'><strong>Eum</strong></span> <span class='ocrx_word' id='word_1_340' title='bbox 575 2201 712 2232; x_wconf 78' lang='lat' dir='ltr'><strong>viderier</strong></span> <span class='ocrx_word' id='word_1_341' title='bbox 728 2201 846 2232; x_wconf 88' lang='lat' dir='ltr'><strong>Guelf.</strong></span> <span class='ocrx_word' id='word_1_342' title='bbox 864 2205 980 2233; x_wconf 81' lang='grc'><strong>2.-35</strong></span> <span class='ocrx_word' id='word_1_343' title='bbox 1006 2202 1057 2232; x_wconf 85' lang='lat' dir='ltr'><strong>Ex</strong></span> <span class='ocrx_word' id='word_1_344' title='bbox 1075 2203 1277 2233; x_wconf 84' lang='lat' dir='ltr'><strong>auctoritate</strong></span> <span class='ocrx_word' id='word_1_345' title='bbox 1293 2203 1390 2233; x_wconf 84' lang='lat' dir='ltr'><strong>Bem.</strong></span> <span class='ocrx_word' id='word_1_346' title='bbox 1409 2203 1506 2234; x_wconf 83' lang='lat' dir='ltr'><strong>deleo</strong></span> <span class='ocrx_word' id='word_1_347' title='bbox 1523 2204 1647 2235; x_wconf 89' lang='lat' dir='ltr'><strong>dictio-</strong></span> 
     </span>
     <span class='ocr_line' id='line_1_36' title="bbox 191 2242 1687 2286; baseline 0.003 -13"><span class='ocrx_word' id='word_1_348' title='bbox 191 2251 267 2274; x_wconf 85' lang='lat' dir='ltr'><strong>nem</strong></span> <span class='ocrx_word' id='word_1_349' title='bbox 283 2242 350 2282; x_wconf 72' lang='lat' dir='ltr'><strong>hoc,</strong></span> <span class='ocrx_word' id='word_1_350' title='bbox 365 2243 436 2274; x_wconf 88' lang='lat' dir='ltr'><strong>sine</strong></span> <span class='ocrx_word' id='word_1_351' title='bbox 453 2243 658 2275; x_wconf 82' lang='lat' dir='ltr'><strong>detrimento</strong></span> <span class='ocrx_word' id='word_1_352' title='bbox 674 2253 789 2275; x_wconf 87' lang='lat' dir='ltr'><strong>versus</strong></span> <span class='ocrx_word' id='word_1_353' title='bbox 805 2250 840 2276; x_wconf 89' lang='lat' dir='ltr'><strong>et</strong></span> <span class='ocrx_word' id='word_1_354' title='bbox 856 2254 984 2276; x_wconf 88' lang='lat' dir='ltr'><strong>sensus.</strong></span> <span class='ocrx_word' id='word_1_355' title='bbox 1010 2245 1068 2276; x_wconf 87' lang='lat' dir='ltr'><strong>Fa.</strong></span> <span class='ocrx_word' id='word_1_356' title='bbox 1116 2245 1268 2276; x_wconf 73' lang='lat' dir='ltr'><strong>Faernus</strong></span> <span class='ocrx_word' id='word_1_357' title='bbox 1293 2245 1397 2286; x_wconf 86' lang='lat' dir='ltr'><strong>ejecit</strong></span> <span class='ocrx_word' id='word_1_358' title='bbox 1415 2246 1481 2277; x_wconf 82' lang='lat' dir='ltr'><strong>hoc.</strong></span> <span class='ocrx_word' id='word_1_359' title='bbox 1527 2247 1646 2278; x_wconf 85' lang='lat' dir='ltr'><strong>Nostri</strong></span> <span class='ocrx_word' id='word_1_360' title='bbox 1684 2253 1687 2256; x_wconf 87' lang='lat'>&#39;</span> 
     </span>
     <span class='ocr_line' id='line_1_37' title="bbox 191 2285 1645 2329; baseline 0.003 -13"><span class='ocrx_word' id='word_1_361' title='bbox 191 2294 306 2316; x_wconf 82' lang='lat' dir='ltr'><strong>omnes</strong></span> <span class='ocrx_word' id='word_1_362' title='bbox 335 2285 499 2325; x_wconf 87' lang='lat' dir='ltr'><strong>retinent,</strong></span> <span class='ocrx_word' id='word_1_363' title='bbox 515 2286 573 2317; x_wconf 86' lang='lat' dir='ltr'><strong>sed</strong></span> <span class='ocrx_word' id='word_1_364' title='bbox 591 2286 658 2317; x_wconf 88' lang='lat' dir='ltr'><strong>alio</strong></span> <span class='ocrx_word' id='word_1_365' title='bbox 674 2287 806 2319; x_wconf 85' lang='lat' dir='ltr'><strong>ordine.</strong></span> <span class='ocrx_word' id='word_1_366' title='bbox 851 2287 920 2319; x_wconf 85' lang='lat' dir='ltr'><strong>Pro</strong></span> <span class='ocrx_word' id='word_1_367' title='bbox 937 2289 985 2318; x_wconf 82' lang='lat' dir='ltr'><strong>hoe</strong></span> <span class='ocrx_word' id='word_1_368' title='bbox 1001 2288 1067 2318; x_wconf 91' lang='lat' dir='ltr'><strong>duo</strong></span> <span class='ocrx_word' id='word_1_369' title='bbox 1083 2296 1126 2318; x_wconf 82' lang='lat' dir='ltr'><strong>ex</strong></span> <span class='ocrx_word' id='word_1_370' title='bbox 1143 2288 1265 2319; x_wconf 86' lang='lat' dir='ltr'><strong>nostris</strong></span> <span class='ocrx_word' id='word_1_371' title='bbox 1281 2288 1369 2324; x_wconf 77' lang='lat' dir='ltr'><em>hoec;</em></span> <span class='ocrx_word' id='word_1_372' title='bbox 1393 2293 1429 2319; x_wconf 94' lang='lat' dir='ltr'><strong>ut</strong></span> <span class='ocrx_word' id='word_1_373' title='bbox 1445 2299 1537 2329; x_wconf 85' lang='lat' dir='ltr'><strong>saepe</strong></span> <span class='ocrx_word' id='word_1_374' title='bbox 1552 2296 1645 2321; x_wconf 88' lang='lat' dir='ltr'><strong>ante.</strong></span> 
     </span>
     <span class='ocr_line' id='line_1_38' title="bbox 191 2328 1645 2373; baseline 0.003 -14"><span class='ocrx_word' id='word_1_375' title='bbox 191 2329 284 2369; x_wconf 81' lang='lat' dir='ltr'><strong>Lege</strong></span> <span class='ocrx_word' id='word_1_376' title='bbox 300 2328 427 2369; x_wconf 85' lang='lat' dir='ltr'><strong>igitur:</strong></span> <span class='ocrx_word' id='word_1_377' title='bbox 451 2329 539 2361; x_wconf 78' lang='lat' dir='ltr'><strong><em>hoec:</em></strong></span> <span class='ocrx_word' id='word_1_378' title='bbox 562 2339 619 2368; x_wconf 80' lang='lat' dir='ltr'><strong>ego</strong></span> <span class='ocrx_word' id='word_1_379' title='bbox 643 2339 758 2370; x_wconf 80' lang='lat' dir='ltr'><strong>quoque</strong></span> <span class='ocrx_word' id='word_1_380' title='bbox 783 2330 879 2361; x_wconf 80' lang='lat' dir='ltr'><strong>etiam</strong></span> <span class='ocrx_word' id='word_1_381' title='bbox 904 2331 960 2361; x_wconf 83' lang='lat' dir='ltr'><strong>lzoc</strong></span> <span class='ocrx_word' id='word_1_382' title='bbox 981 2331 1109 2362; x_wconf 79' lang='lat' dir='ltr'><strong>credidi.</strong></span> <span class='ocrx_word' id='word_1_383' title='bbox 1133 2331 1234 2363; x_wconf 87' lang='lat' dir='ltr'><strong>Bent.</strong></span> <span class='ocrx_word' id='word_1_384' title='bbox 1260 2341 1358 2372; x_wconf 86' lang='lat' dir='ltr'><strong>quem</strong></span> <span class='ocrx_word' id='word_1_385' title='bbox 1384 2333 1538 2373; x_wconf 85' lang='lat' dir='ltr'><strong>sequitur</strong></span> <span class='ocrx_word' id='word_1_386' title='bbox 1563 2333 1645 2373; x_wconf 82' lang='lat' dir='ltr'><strong>Rip.</strong></span> 
     </span>
     <span class='ocr_line' id='line_1_39' title="bbox 190 2371 1646 2414; baseline 0.003 -13"><span class='ocrx_word' id='word_1_387' title='bbox 190 2371 255 2402; x_wconf 74' lang='lat' dir='ltr'><strong>haec</strong></span> <span class='ocrx_word' id='word_1_388' title='bbox 272 2381 405 2412; x_wconf 85' lang='lat' dir='ltr'><strong>quoque</strong></span> <span class='ocrx_word' id='word_1_389' title='bbox 422 2372 521 2404; x_wconf 71' lang='lat' dir='ltr'><strong>Both.</strong></span> <span class='ocrx_word' id='word_1_390' title='bbox 538 2372 595 2403; x_wconf 85' lang='lat' dir='ltr'><strong>sed</strong></span> <span class='ocrx_word' id='word_1_391' title='bbox 613 2378 648 2403; x_wconf 91' lang='lat' dir='ltr'><strong>et</strong></span> <span class='ocrx_word' id='word_1_392' title='bbox 672 2373 861 2414; x_wconf 82' lang='lat' dir='ltr'><strong>Tanaquill.</strong></span> <span class='ocrx_word' id='word_1_393' title='bbox 885 2373 996 2404; x_wconf 86' lang='lat' dir='ltr'><strong>Faber</strong></span> <span class='ocrx_word' id='word_1_394' title='bbox 1014 2378 1093 2404; x_wconf 83' lang='lat' dir='ltr'><strong>ante</strong></span> <span class='ocrx_word' id='word_1_395' title='bbox 1115 2374 1216 2405; x_wconf 85' lang='lat' dir='ltr'><strong>Bent.</strong></span> <span class='ocrx_word' id='word_1_396' title='bbox 1235 2374 1299 2405; x_wconf 70' lang='lat' dir='ltr'><strong>izoec</strong></span> <span class='ocrx_word' id='word_1_397' title='bbox 1315 2374 1356 2405; x_wconf 91' lang='lat' dir='ltr'><strong>ob</strong></span> <span class='ocrx_word' id='word_1_398' title='bbox 1373 2380 1538 2406; x_wconf 86' lang='lat' dir='ltr'><strong>metrum:</strong></span> <span class='ocrx_word' id='word_1_399' title='bbox 1564 2377 1574 2393; x_wconf 86' lang='lat'>‘</span> <span class='ocrx_word' id='word_1_400' title='bbox 1591 2376 1646 2406; x_wconf 82' lang='lat' dir='ltr'><strong>hoc</strong></span> 
     </span>
     <span class='ocr_line' id='line_1_40' title="bbox 187 2414 1646 2459; baseline 0.005 -15"><span class='ocrx_word' id='word_1_401' title='bbox 187 2415 308 2445; x_wconf 83' lang='lat' dir='ltr'><strong>credidi</strong></span> <span class='ocrx_word' id='word_1_402' title='bbox 332 2414 411 2445; x_wconf 85' lang='lat' dir='ltr'><strong>libri</strong></span> <span class='ocrx_word' id='word_1_403' title='bbox 427 2415 563 2455; x_wconf 90' lang='lat' dir='ltr'><strong>quidam</strong></span> <span class='ocrx_word' id='word_1_404' title='bbox 589 2425 666 2446; x_wconf 90' lang='lat' dir='ltr'><strong>cum</strong></span> <span class='ocrx_word' id='word_1_405' title='bbox 695 2415 858 2447; x_wconf 66' lang='lat' dir='ltr'><strong>Donato!</strong></span> <span class='ocrx_word' id='word_1_406' title='bbox 885 2417 983 2448; x_wconf 75' lang='lat' dir='ltr'><strong>lVest.</strong></span> <span class='ocrx_word' id='word_1_407' title='bbox 1008 2416 1063 2447; x_wconf 77' lang='lat' dir='ltr'><strong>hoc</strong></span> <span class='ocrx_word' id='word_1_408' title='bbox 1080 2417 1139 2447; x_wconf 67' lang='grc' dir='ltr'><strong>ΒΓ.</strong></span> <span class='ocrx_word' id='word_1_409' title='bbox 1165 2417 1257 2448; x_wconf 86' lang='lat' dir='ltr'><strong>Perl.</strong></span> <span class='ocrx_word' id='word_1_410' title='bbox 1296 2417 1335 2448; x_wconf 89' lang='lat' dir='ltr'><strong>Iu</strong></span> <span class='ocrx_word' id='word_1_411' title='bbox 1363 2418 1404 2450; x_wconf 89' lang='lat' dir='ltr'><strong>B.</strong></span> <span class='ocrx_word' id='word_1_412' title='bbox 1433 2419 1480 2448; x_wconf 81' lang='lat' dir='ltr'><strong>hoe</strong></span> <span class='ocrx_word' id='word_1_413' title='bbox 1497 2428 1515 2449; x_wconf 91' lang='lat' dir='ltr'><strong>e</strong></span> <span class='ocrx_word' id='word_1_414' title='bbox 1534 2428 1584 2459; x_wconf 91' lang='lat' dir='ltr'><strong>pr.</strong></span> <span class='ocrx_word' id='word_1_415' title='bbox 1602 2428 1646 2451; x_wconf 89' lang='lat' dir='ltr'><strong>m.</strong></span> 
     </span>
     <span class='ocr_line' id='line_1_41' title="bbox 188 2457 1642 2499; baseline 0.003 -12"><span class='ocrx_word' id='word_1_416' title='bbox 188 2457 255 2488; x_wconf 80' lang='lat' dir='ltr'><strong>haec</strong></span> <span class='ocrx_word' id='word_1_417' title='bbox 269 2467 287 2488; x_wconf 88' lang='lat' dir='ltr'><strong>e</strong></span> <span class='ocrx_word' id='word_1_418' title='bbox 302 2457 378 2489; x_wconf 76' lang='lat' dir='ltr'><strong>2da.</strong></span> <span class='ocrx_word' id='word_1_419' title='bbox 426 2457 479 2488; x_wconf 93' lang='lat' dir='ltr'><strong>Ad</strong></span> <span class='ocrx_word' id='word_1_420' title='bbox 498 2468 583 2489; x_wconf 88' lang='lat' dir='ltr'><strong>vers.</strong></span> <span class='ocrx_word' id='word_1_421' title='bbox 601 2458 733 2489; x_wconf 89' lang='lat' dir='ltr'><strong>initium</strong></span> <span class='ocrx_word' id='word_1_422' title='bbox 747 2460 823 2490; x_wconf 82' lang='lat' dir='ltr'><strong>Jam</strong></span> <span class='ocrx_word' id='word_1_423' title='bbox 841 2468 900 2499; x_wconf 87' lang='lat' dir='ltr'><strong>pro</strong></span> <span class='ocrx_word' id='word_1_424' title='bbox 917 2461 1001 2490; x_wconf 83' lang='lat' dir='ltr'><strong>Nam</strong></span> <span class='ocrx_word' id='word_1_425' title='bbox 1017 2458 1136 2491; x_wconf 82' lang='lat' dir='ltr'><strong>Guelf.</strong></span> <span class='ocrx_word' id='word_1_426' title='bbox 1153 2462 1271 2492; x_wconf 82' lang='grc'><strong>2.-36</strong></span> <span class='ocrx_word' id='word_1_427' title='bbox 1295 2461 1388 2490; x_wconf 75' lang='lat' dir='ltr'><strong>Nunc</strong></span> <span class='ocrx_word' id='word_1_428' title='bbox 1412 2465 1464 2491; x_wconf 84' lang='lat' dir='ltr'><strong>aut</strong></span> <span class='ocrx_word' id='word_1_429' title='bbox 1482 2461 1595 2492; x_wconf 88' lang='lat' dir='ltr'><strong>Guelf.</strong></span> <span class='ocrx_word' id='word_1_430' title='bbox 1613 2465 1642 2493; x_wconf 94' lang='lat' dir='ltr'><strong>l.</strong></span> 
     </span>
     <span class='ocr_line' id='line_1_42' title="bbox 189 2500 1642 2535; baseline 0.003 -5"><span class='ocrx_word' id='word_1_431' title='bbox 189 2503 274 2531; x_wconf 76' lang='lat'><strong>—38</strong></span> <span class='ocrx_word' id='word_1_432' title='bbox 298 2500 361 2531; x_wconf 79' lang='lat' dir='ltr'><strong>Sed</strong></span> <span class='ocrx_word' id='word_1_433' title='bbox 384 2500 566 2531; x_wconf 87' lang='lat' dir='ltr'><strong>delendum</strong></span> <span class='ocrx_word' id='word_1_434' title='bbox 589 2511 632 2532; x_wconf 85' lang='lat' dir='ltr'><strong>ex</strong></span> <span class='ocrx_word' id='word_1_435' title='bbox 656 2502 863 2533; x_wconf 85' lang='lat' dir='ltr'><strong>auctoritate</strong></span> <span class='ocrx_word' id='word_1_436' title='bbox 888 2503 985 2533; x_wconf 87' lang='lat' dir='ltr'><strong>Bem.</strong></span> <span class='ocrx_word' id='word_1_437' title='bbox 1001 2512 1040 2533; x_wconf 91' lang='lat' dir='ltr'><strong>ac</strong></span> <span class='ocrx_word' id='word_1_438' title='bbox 1058 2503 1150 2534; x_wconf 75' lang='lat' dir='ltr'><strong>vict.</strong></span> <span class='ocrx_word' id='word_1_439' title='bbox 1168 2509 1203 2533; x_wconf 86' lang='lat' dir='ltr'><strong>et</strong></span> <span class='ocrx_word' id='word_1_440' title='bbox 1220 2503 1350 2533; x_wconf 84' lang='lat' dir='ltr'><strong>ratione</strong></span> <span class='ocrx_word' id='word_1_441' title='bbox 1371 2504 1558 2535; x_wconf 84' lang='lat' dir='ltr'><strong>Trocliaici.</strong></span> <span class='ocrx_word' id='word_1_442' title='bbox 1584 2504 1642 2535; x_wconf 76' lang='lat' dir='ltr'><strong>Fa.</strong></span> 
     </span>
     <span class='ocr_line' id='line_1_43' title="bbox 191 2542 1642 2588; baseline 0.003 -14"><span class='ocrx_word' id='word_1_443' title='bbox 191 2542 313 2574; x_wconf 82' lang='lat' dir='ltr'><strong>Nostri</strong></span> <span class='ocrx_word' id='word_1_444' title='bbox 329 2553 456 2582; x_wconf 78' lang='lat' dir='ltr'><strong>omneS,</strong></span> <span class='ocrx_word' id='word_1_445' title='bbox 477 2545 530 2575; x_wconf 82' lang='lat' dir='ltr'><strong>sed</strong></span> <span class='ocrx_word' id='word_1_446' title='bbox 551 2545 727 2585; x_wconf 79' lang='lat' dir='ltr'><strong>reprimam.</strong></span> <span class='ocrx_word' id='word_1_447' title='bbox 773 2545 841 2576; x_wconf 87' lang='lat' dir='ltr'><strong>Sed</strong></span> <span class='ocrx_word' id='word_1_448' title='bbox 861 2555 974 2576; x_wconf 88' lang='lat' dir='ltr'><strong>versus</strong></span> <span class='ocrx_word' id='word_1_449' title='bbox 1003 2545 1113 2584; x_wconf 81' lang='lat' dir='ltr'><strong>gratia</strong></span> <span class='ocrx_word' id='word_1_450' title='bbox 1136 2547 1353 2577; x_wconf 78' lang='lat' dir='ltr'><strong>correctores</strong></span> <span class='ocrx_word' id='word_1_451' title='bbox 1368 2548 1423 2577; x_wconf 79' lang='lat' dir='ltr'><strong>sed</strong></span> <span class='ocrx_word' id='word_1_452' title='bbox 1439 2547 1516 2578; x_wconf 87' lang='lat' dir='ltr'><strong>olim</strong></span> <span class='ocrx_word' id='word_1_453' title='bbox 1533 2548 1642 2588; x_wconf 84' lang='lat' dir='ltr'><strong>ejece-</strong></span> 
     </span>
     <span class='ocr_line' id='line_1_44' title="bbox 189 2585 1643 2628; baseline 0.004 -13"><span class='ocrx_word' id='word_1_454' title='bbox 189 2591 281 2616; x_wconf 82' lang='lat' dir='ltr'><strong>runt.</strong></span> <span class='ocrx_word' id='word_1_455' title='bbox 328 2585 435 2617; x_wconf 89' lang='lat' dir='ltr'><strong>Immo</strong></span> <span class='ocrx_word' id='word_1_456' title='bbox 461 2587 583 2624; x_wconf 86' lang='lat' dir='ltr'><strong>retine,</strong></span> <span class='ocrx_word' id='word_1_457' title='bbox 598 2591 633 2618; x_wconf 91' lang='lat' dir='ltr'><strong>et</strong></span> <span class='ocrx_word' id='word_1_458' title='bbox 648 2588 759 2618; x_wconf 83' lang='lat' dir='ltr'><strong>versui</strong></span> <span class='ocrx_word' id='word_1_459' title='bbox 783 2588 883 2619; x_wconf 86' lang='lat' dir='ltr'><strong>aliter</strong></span> <span class='ocrx_word' id='word_1_460' title='bbox 907 2588 1168 2627; x_wconf 78' lang='lat' dir='ltr'><strong>consule‚faci‹1s</strong></span> <span class='ocrx_word' id='word_1_461' title='bbox 1191 2588 1283 2619; x_wconf 85' lang='lat' dir='ltr'><strong>abire</strong></span> <span class='ocrx_word' id='word_1_462' title='bbox 1301 2588 1452 2628; x_wconf 83' lang='lat' dir='ltr'><strong>jubens:</strong></span> <span class='ocrx_word' id='word_1_463' title='bbox 1478 2590 1583 2621; x_wconf 76' lang='lat' dir='ltr'><strong>Aliter</strong></span> <span class='ocrx_word' id='word_1_464' title='bbox 1595 2590 1643 2621; x_wconf 86' lang='lat' dir='ltr'><strong>si:</strong></span> 
     </span>
     <span class='ocr_line' id='line_1_45' title="bbox 189 2630 1645 2672; baseline 0.004 -14"><span class='ocrx_word' id='word_1_465' title='bbox 189 2631 236 2659; x_wconf 86' lang='lat' dir='ltr'><strong>set</strong></span> <span class='ocrx_word' id='word_1_466' title='bbox 260 2630 445 2669; x_wconf 81' lang='lat' dir='ltr'><strong>repprimam</strong></span> <span class='ocrx_word' id='word_1_467' title='bbox 460 2640 518 2662; x_wconf 85' lang='lat' dir='ltr'><strong>me.</strong></span> <span class='ocrx_word' id='word_1_468' title='bbox 562 2630 690 2662; x_wconf 88' lang='lat' dir='ltr'><strong>Heaut.</strong></span> <span class='ocrx_word' id='word_1_469' title='bbox 707 2640 730 2663; x_wconf 90' lang='lat'><strong>1.</strong></span> <span class='ocrx_word' id='word_1_470' title='bbox 746 2633 776 2661; x_wconf 80' lang='lat'><strong>2.</strong></span> <span class='ocrx_word' id='word_1_471' title='bbox 792 2633 845 2662; x_wconf 85' lang='lat'><strong>25.</strong></span> <span class='ocrx_word' id='word_1_472' title='bbox 889 2632 898 2648; x_wconf 84' lang='lat'>‘</span> <span class='ocrx_word' id='word_1_473' title='bbox 916 2631 1045 2662; x_wconf 88' lang='lat' dir='ltr'><strong>Illeue?</strong></span> <span class='ocrx_word' id='word_1_474' title='bbox 1070 2636 1123 2662; x_wconf 84' lang='lat' dir='ltr'><strong>set</strong></span> <span class='ocrx_word' id='word_1_475' title='bbox 1151 2632 1331 2672; x_wconf 83' lang='lat' dir='ltr'><strong>reprimam</strong></span> <span class='ocrx_word' id='word_1_476' title='bbox 1355 2632 1433 2664; x_wconf 87' lang='lat' dir='ltr'><strong>me.&#39;</strong></span> <span class='ocrx_word' id='word_1_477' title='bbox 1475 2633 1581 2664; x_wconf 77' lang='lat' dir='ltr'><strong>Aliter</strong></span> <span class='ocrx_word' id='word_1_478' title='bbox 1605 2634 1645 2672; x_wconf 86' lang='lat' dir='ltr'><strong>si,</strong></span> 
     </span>
     <span class='ocr_line' id='line_1_46' title="bbox 189 2669 1641 2714; baseline 0.003 -13"><span class='ocrx_word' id='word_1_479' title='bbox 189 2669 407 2711; x_wconf 82' lang='lat' dir='ltr'><strong>Aposiopesis</strong></span> <span class='ocrx_word' id='word_1_480' title='bbox 439 2673 487 2703; x_wconf 87' lang='lat' dir='ltr'><strong>rei</strong></span> <span class='ocrx_word' id='word_1_481' title='bbox 517 2682 678 2713; x_wconf 86' lang='lat' dir='ltr'><strong>congrua.</strong></span> <span class='ocrx_word' id='word_1_482' title='bbox 703 2678 741 2705; x_wconf 87' lang='lat' dir='ltr'><strong>ut</strong></span> <span class='ocrx_word' id='word_1_483' title='bbox 767 2673 886 2713; x_wconf 82' lang='lat' dir='ltr'><strong>Virgil.</strong></span> <span class='ocrx_word' id='word_1_484' title='bbox 930 2675 939 2690; x_wconf 92' lang='lat'>‘</span> <span class='ocrx_word' id='word_1_485' title='bbox 958 2674 1052 2706; x_wconf 86' lang='lat' dir='ltr'><strong>Quos</strong></span> <span class='ocrx_word' id='word_1_486' title='bbox 1079 2683 1165 2714; x_wconf 84' lang='lat' dir='ltr'><strong>ego:</strong></span> <span class='ocrx_word' id='word_1_487' title='bbox 1191 2674 1250 2705; x_wconf 87' lang='lat' dir='ltr'><strong>sed</strong></span> <span class='ocrx_word' id='word_1_488' title='bbox 1279 2674 1413 2712; x_wconf 83' lang='lat' dir='ltr'><strong>motos‚’</strong></span> <span class='ocrx_word' id='word_1_489' title='bbox 1435 2681 1470 2707; x_wconf 91' lang='lat' dir='ltr'><strong>et</strong></span> <span class='ocrx_word' id='word_1_490' title='bbox 1494 2676 1641 2709; x_wconf 83' lang='lat' dir='ltr'><strong>‘Quam-</strong></span> 
     </span>
     <span class='ocr_line' id='line_1_47' title="bbox 191 2714 1643 2759; baseline 0.003 -16"><span class='ocrx_word' id='word_1_491' title='bbox 191 2722 291 2752; x_wconf 86' lang='lat' dir='ltr'><strong>quam</strong></span> <span class='ocrx_word' id='word_1_492' title='bbox 309 2714 361 2753; x_wconf 85' lang='lat' dir='ltr'><strong>O;</strong></span> <span class='ocrx_word' id='word_1_493' title='bbox 385 2714 444 2746; x_wconf 86' lang='lat' dir='ltr'><strong>sed</strong></span> <span class='ocrx_word' id='word_1_494' title='bbox 463 2716 597 2747; x_wconf 85' lang='lat' dir='ltr'><strong>vincant</strong></span> <span class='ocrx_word' id='word_1_495' title='bbox 611 2715 633 2747; x_wconf 88' lang='lat'><strong>:&#39;</strong></span> <span class='ocrx_word' id='word_1_496' title='bbox 654 2716 703 2747; x_wconf 90' lang='lat' dir='ltr'><strong>sic</strong></span> <span class='ocrx_word' id='word_1_497' title='bbox 719 2716 787 2755; x_wconf 85' lang='lat' dir='ltr'><strong>hic,</strong></span> <span class='ocrx_word' id='word_1_498' title='bbox 801 2717 905 2748; x_wconf 82' lang='lat' dir='ltr'><strong>Aliter</strong></span> <span class='ocrx_word' id='word_1_499' title='bbox 916 2718 955 2756; x_wconf 83' lang='lat' dir='ltr'><strong>si,</strong></span> <span class='ocrx_word' id='word_1_500' title='bbox 969 2718 1023 2748; x_wconf 83' lang='lat' dir='ltr'><strong>sed</strong></span> <span class='ocrx_word' id='word_1_501' title='bbox 1038 2718 1212 2757; x_wconf 81' lang='lat' dir='ltr'><strong>reprimam.</strong></span> <span class='ocrx_word' id='word_1_502' title='bbox 1259 2717 1312 2748; x_wconf 83' lang='lat' dir='ltr'><strong>Ita</strong></span> <span class='ocrx_word' id='word_1_503' title='bbox 1330 2727 1419 2759; x_wconf 79' lang='lat' dir='ltr'><strong>saepe</strong></span> <span class='ocrx_word' id='word_1_504' title='bbox 1437 2719 1526 2759; x_wconf 87' lang='lat' dir='ltr'><strong>apud</strong></span> <span class='ocrx_word' id='word_1_505' title='bbox 1544 2728 1643 2759; x_wconf 76' lang='lat' dir='ltr'><strong>quos--</strong></span> 
     </span>
     <span class='ocr_line' id='line_1_48' title="bbox 190 2755 1641 2803; baseline 0.002 -16"><span class='ocrx_word' id='word_1_506' title='bbox 190 2755 242 2787; x_wconf 82' lang='lat' dir='ltr'><strong>vis</strong></span> <span class='ocrx_word' id='word_1_507' title='bbox 267 2758 465 2799; x_wconf 84' lang='lat' dir='ltr'><strong>scriptores,</strong></span> <span class='ocrx_word' id='word_1_508' title='bbox 482 2758 561 2796; x_wconf 68' lang='lat' dir='ltr'><strong>Sin,-</strong></span> <span class='ocrx_word' id='word_1_509' title='bbox 584 2759 722 2801; x_wconf 87' lang='lat' dir='ltr'><strong>reliquis</strong></span> <span class='ocrx_word' id='word_1_510' title='bbox 745 2768 808 2800; x_wconf 84' lang='lat' dir='ltr'><strong>per</strong></span> <span class='ocrx_word' id='word_1_511' title='bbox 830 2759 1061 2802; x_wconf 86' lang='lat' dir='ltr'><strong>Aposiopesin</strong></span> <span class='ocrx_word' id='word_1_512' title='bbox 1086 2760 1228 2793; x_wconf 84' lang='lat' dir='ltr'><strong>omissis.</strong></span> <span class='ocrx_word' id='word_1_513' title='bbox 1256 2760 1348 2794; x_wconf 84' lang='lat' dir='ltr'><strong>Bent.</strong></span> <span class='ocrx_word' id='word_1_514' title='bbox 1372 2770 1471 2803; x_wconf 85' lang='lat' dir='ltr'><strong>quem</strong></span> <span class='ocrx_word' id='word_1_515' title='bbox 1488 2763 1641 2802; x_wconf 69' lang='lat' dir='ltr'><strong>sequitui·</strong></span> 
     </span>
    </p>
   </div>
  </div>
 </body>
</html>
