1966 3302
312 256 398 298 658
810 262 849 291 r».
881 257 1124 290 'rERENTn
1159 257 1273 288 Arm

314 363 394 403 So.
425 361 520 403 Oh!
551 359 731 413 iniquus
751 370 814 407 es,
835 357 911 411 qui
931 370 999 397 me
1020 360 1168 396 tacere
1189 352 1244 394 de
1266 365 1311 392 re
1330 355 1451 394 tanta
1469 351 1684 405 postules.

314 430 403 472 CH.
435 428 540 471 Non
572 426 782 481 postulo:
821 425 916 478 jam
956 424 1158 476 loqueree
1198 420 1336 461 nihilo
1377 419 1523 460 minus
1561 431 1643 472 ego
1683 418 1768 460 hoc

484 496 647 538 faciam
669 499 828 534 tamen.
1711 487 1768 528 10

311 565 394 608 So.
427 563 618 605 Facies?
678 560 765 602 CH.
796 559 975 601 Verum,⁵
1027 559 1107 601 So.
1142 558 1249 599 Non
1269 556 1410 608 vides,
1430 557 1642 610 quantum
1662 556 1769 596 mali

486 645 545 673 ex
565 643 619 672 ea
638 643 684 671 re
707 629 911 670 excites?

318 700 556 743 Subditum
593 711 639 740 se
680 698 945 751 suspicatur.
1005 695 1096 737 CH.
1136 691 1397 736 Subditum!
1434 689 1517 732 ain'
1546 693 1594 732 tu
1608 691 1628 731 'l
1689 691 1767 732 So.

485 767 628 816 Certe,
645 766 840 819 inquam,
859 765 921 805 mi
941 764 1020 805 vir.

313 836 402 878 Cu.
434 835 669 883 Confitere,
692 837 819 874 tuum
839 845 924 873 non
944 845 1063 873 esse.
1124 830 1203 871 So.
1233 827 1331 870 Au!
1362 828 1550 869 obsecro
1571 829 1629 877 te,
1650 827 1766 869 istuc

482 902 674 943 inimicis
696 901 796 942 siet.

311 1037 472 1078 a’quitatis
486 1036 636 1067 rationem
653 1035 758 1074 habes,
773 1035 826 1074 qui
842 1034 917 1065 velis
931 1043 978 1064 me
994 1033 1086 1064 silere
1102 1033 1140 1063 de
1155 1041 1188 1062 re
1202 1031 1287 1062 tanti
1310 1029 1467 1070 momenti,
1483 1030 1517 1060 in
1532 1039 1593 1070 qua
1607 1028 1716 1068 agitur
1731 1029 1769 1059 de

307 1081 447 1121 pernicie
451 1079 531 1121 filii.
577 1079 647 1110 CH.
674 1079 749 1109 Νοη
770 1081 839 1118 peto
855 1081 889 1108 ut
914 1077 1006 1107 sileas
1021 1087 1029 1107 .·
1046 1076 1115 1113 J‘am
1131 1076 1252 1114 loquere
1268 1077 1415 1115 quantum
1442 1074 1523 1104 voles
1534 1083 1546 1109 ,·
1569 1071 1769 1104 nihilominus

311 1124 536 1163 exequarquod
552 1121 689 1152 institui.
735 1121 792 1152 So.
818 1121 1014 1160 Exequerz's?
1059 1120 1127 1149 CH.
1159 1118 1271 1149 Verum
1285 1117 1364 1148 dico.
1411 1116 1470 1147 So.
1497 1115 1770 1153 Nonconsz‘derus,

311 1169 462 1206 quantum
490 1166 564 1196 mali
591 1173 711 1195 moveas
737 1173 777 1195 ex
803 1164 858 1194 hac
883 1173 930 1201 re,
954 1161 1203 1192 exhaeredatione
1223 1160 1315 1202 filii;
1336 1160 1402 1200 ipse
1416 1159 1507 1201 filius
1521 1159 1555 1189 in
1569 1159 1770 1199 suspicionem

308 1209 394 1240 venit
411 1219 442 1240 se
458 1219 521 1240 esse
536 1208 739 1248 suppositum,
763 1216 823 1237 non
850 1215 955 1237 verum
969 1205 1088 1245 filium.
1134 1205 1202 1235 Cn.
1228 1203 1269 1234 Se
1292 1212 1357 1234 esse
1383 1201 1574 1243 suppositum
1600 1201 1769 1241 opinatur?

309 1252 371 1284 So.
397 1253 500 1292 Certe,
511 1251 555 1283 mi
569 1250 690 1289 conjux-
738 1249 806 1281 CH.
832 1249 947 1280 Facere
961 1258 1021 1279 uon
1033 1257 1097 1279 esse
1101 1247 1212 1289 filium
1226 1249 1324 1278 tuum.
1369 1245 1430 1279 So.
1453 1246 1518 1286 Au,
1533 1254 1608 1284 rogo
1623 1247 1667 1284 te,
1682 1244 1767 1275 istud

916 1332 1155 1344 oooooooooooo

310 1423 424 1457 Guelf.
440 1426 472 1455 2.
498 1422 577 1462 Bip.
592 1421 678 1461 legit
694 1422 802 1452 stulta.
848 1421 908 1453 So.
934 1421 1063 1460 Egone?
1078 1421 1217 1452 seim—8
1242 1420 1323 1450 Hoec
1340 1420 1444 1451 eadem
1459 1419 1574 1459 oratio]
1594 1419 1655 1454 Ita
1669 1419 1768 1452 Junt.

308 1468 389 1499 Ald.
407 1467 457 1498 St.
476 1467 564 1497 altae.
610 1465 755 1496 Plurimi
776 1470 890 1495 tamen
907 1464 992 1496 Mss.
1008 1474 1071 1494 non
1090 1469 1280 1504 agnoscunt
1295 1462 1332 1493 τὸ
1347 1463 1422 1502 hoec,
1445 1463 1503 1494 sed
1524 1472 1586 1493 nec
1603 1463 1674 1494 ET.
1691 1463 1765 1494 Ev.

310 1515 339 1542 l.
362 1514 393 1541 2.
421 1519 482 1540 nec
499 1513 642 1539 metu-nm
661 1507 823 1538 admittit.
869 1508 928 1538 Er.
947 1507 1034 1548 quod
1052 1507 1197 1546 mireris,
1231 1511 1365 1537 resecat
1379 1505 1418 1536 τὸ
1443 1507 1560 1536 eudem.
1590 1505 1667 1536 Gov
1680 1526 1688 1534 .
1701 1505 1766 1536 hoec

308 1553 497 1584 substituit.
524 1552 608 1582 Esto
623 1555 736 1582 autem
752 1553 871 1591 quinto
884 1551 959 1581 loco
973 1550 1309 1590 proceleusmaticus,
1324 1553 1420 1580 sexto
1434 1548 1603 1589 dactylus,
1614 1553 1648 1579 et
1661 1549 1766 1579 eadem

307 1596 526 1636 disyllabum,
546 1598 580 1625 et
607 1593 779 1625 constabit
804 1603 933 1624 versus.
968 1593 1071 1625 West.
1113 1593 1236 1624 Nullus
1264 1598 1315 1623 est
1331 1591 1428 1631 liber,
1443 1597 1572 1633 praeter
1583 1591 1680 1623 Bem.
1706 1592 1763 1632 qui

306 1639 430 1670 habeat
460 1646 646 1679 pronomen
671 1637 759 1675 hoec5
789 1646 855 1678 quo
880 1636 994 1667 demto
1021 1636 1148 1677 (neque
1172 1636 1262 1666 enim
1289 1636 1430 1666 multum
1447 1634 1490 1666 ad
1507 1644 1642 1666 sensnm
1664 1633 1766 1676 facit)

306 1692 424 1713 versus
448 1682 568 1712 melius
593 1680 743 1711 habebit.
770 1680 828 1711 Fa.
874 1679 949 1710 Nec
965 1684 1125 1718 metrum,
1141 1688 1203 1709 nec
1217 1679 1388 1709 sententia
1400 1678 1477 1709 huic
1495 1678 1606 1708 versui
1616 1682 1763 1709 constat.

303 1721 390 1756 ‘Hcec
405 1725 437 1755 in
454 1724 546 1755 nullo
563 1733 605 1754 ex
631 1723 754 1753 nostris
777 1726 838 1754 est.
885 1723 1041 1763 Repone,
1059 1723 1089 1753 Ι.
1110 1722 1170 1753 scis
1186 1721 1309 1762 potius:
1332 1731 1421 1762 quam
1437 1732 1467 1761 q.
1479 1721 1561 1752 redit
1576 1731 1606 1752 α.
1620 1720 1642 1751 i.
1660 1721 1765 1752 eadem

305 1766 436 1799 oratio?
472 1768 574 1798 Bent.
621 1766 743 1796 ‘Bem.
774 1770 808 1796 et
833 1764 912 1797 edd.
941 1767 1096 1807 quaedam
1120 1765 1184 1795 hoec
1213 1766 1329 1803 eadem,
1362 1763 1450 1795 unde
1474 1773 1592 1795 versus
1618 1763 1765 1795 laborat.

306 1811 422 1843 Quare
440 1811 500 1841 Fa.
518 1813 649 1840 resecat
664 1809 749 1839 lzoec:
774 1809 832 1839 Er.
850 1809 966 1847 eadem,
982 1812 1017 1839 et
1034 1808 1122 1839 Gov.
1134 1807 1275 1848 praefert
1291 1808 1369 1845 haec,
1383 1806 1472 1848 qnod
1489 1811 1524 1838 et
1540 1806 1636 1837 nobis
1649 1807 1765 1847 placet

305 1855 406 1885 metri
422 1863 535 1893 cansa,
552 1853 602 1883 uti
618 1853 723 1883 eadem
739 1851 906 1892 glossema
922 1851 1079 1882 videtur.'
1104 1851 1180 1891 Βὶρ.
1206 1851 1332 1881 Exulat
1347 1850 1423 1889 hoec,
1438 1849 1517 1881 Par.
1530 1854 1632 1887 teste,
1649 1859 1668 1880 a
1680 1848 1765 1881 Mss.

305 1897 494 1928 Pauper-1.
533 1895 634 1926 Both.
648 1895 746 1934 legit,
764 1894 862 1925 Immo
875 1895 980 1934 potius
994 1894 1114 1935 quidem
1138 1904 1229 1934 quam
1243 1903 1271 1925 r.
1293 1892 1357 1923 a.z’.
1385 1893 1489 1923 euclem
1514 1891 1638 1923 oratio!
1682 1892 1764 1923 Haec

306 1941 406 1971 abest
423 1940 463 1970 R.
478 1939 538 1969 Br.
557 1936 674 1969 Guelf.
697 1940 727 1968 3.
744 1937 934 1978 Delph.-9
949 1937 1039 1968 Illud
1056 1937 1105 1968 Oh
1123 1935 1334 1977 praecedenti
1352 1935 1465 1966 versui
1478 1944 1626 1976 appone.
1651 1935 1762 1967 oratio.

302 1982 364 2015 So.
391 1982 453 2023 ΟΙι,
478 1981 605 2021 Iniquus
633 1990 665 2011 es
689 1980 790 2012 Bent.
834 1980 892 2011 Ita
908 1984 944 2011 et
959 1979 1062 2010 habet
1086 1980 1274 2010 Both.—10
1299 1978 1416 2010 Malim
1438 1978 1510 2010 Non
1533 1977 1651 2018 postulo
1672 1978 1764 2016 jam.-

304 2026 437 2066 loquere.
461 2025 660 2055 West.—-ll
688 2024 773 2053 Num
790 2032 851 2063 pro
870 2023 941 2054 Non
957 2021 1073 2054 Gnelt'.
1088 2025 1119 2053 2.
1146 2023 1267 2052 Malum
1281 2023 1410 2053 3.—-12.
1435 2024 1474 2052 13
1501 2021 1587 2051 Tan.
1603 2020 1713 2051 Faber
1727 2025 1762 2052 et

305 2068 397 2099 Dae.
422 2067 594 2107 suspicetur
619 2066 760 2106 legunt3
783 2071 822 2097 ut
839 2065 940 2096 dubie
959 2066 1087 2096 dictum
1108 2065 1163 2096 sit.
1210 2065 1332 2106 Neque
1349 2064 1517 2104 enimjam
1535 2064 1762 2104 suspicionem

305 2121 326 2141 a
353 2112 442 2151 Syro
466 2109 627 2150 injectam
657 2113 841 2148 aperuerat
856 2109 979 2149 matri,
996 2113 1031 2139 et
1046 2118 1125 2139 mox
1140 2108 1308 2145 Sostrata,
1324 2106 1379 2138 Sic
1397 2107 1470 2145 erit,
1491 2106 1612 2147 inquit.
1659 2107 1763 2146 Legit

303 2153 410 2194 igitur
426 2152 548 2190 Faber,
569 2152 674 2191 Certe,
690 2151 734 2181 sic
750 2152 821 2192 erit,
835 2152 877 2181 mi
891 2152 950 2183 vir.
993 2151 1060 2182 Sed
1076 2152 1110 2182 in
1128 2151 1417 2191 praestantissimis
1440 2149 1551 2180 Libris
1567 2153 1631 2187 est,
1657 2149 1762 2190 Certe,

303 2196 444 2236 inquam,
461 2195 504 2225 mi
518 2195 576 2225 vir.
625 2194 791 2235 Confitere,
817 2198 902 2225 tuum
916 2203 977 2224 non
992 2195 1073 2234 esse]
1099 2195 1244 2225 Variant
1265 2193 1363 2224 Libri
1384 2192 1505 2232 scripti
1530 2197 1564 2223 et
1591 2191 1761 2223 editorum

305 2237 591 2279 praestantissimi.
637 2237 678 2267 In
693 2237 768 2268 aliis
781 2242 846 2273 est,
865 2237 1020 2275 utedidi,
1036 2238 1068 2267 in
1083 2238 1157 2268 aliis
1176 2236 1388 2278 simpliciter,
1404 2235 1572 2276 confiterm
1596 2243 1709 2265 rursus
1727 2235 1761 2266 in

303 2282 391 2321 aliis,
407 2281 562 2322 confitere,
576 2284 665 2311 tuum
678 2288 738 2310 non
755 2280 940 2322 essefilium.
987 2280 1058 2312 ΕΑ.
1074 2280 1172 2312 Junt.
1193 2281 1241 2311 St.
1258 2279 1320 2310 ΑΙι.
1352 2279 1436 2310 Mss.
1453 2282 1488 2309 et
1501 2277 1586 2308 editi
1603 2277 1759 2319 qnidam:

303 2324 385 2355 istuc
413 2323 531 2355 nostris
553 2322 691 2353 inimicis
713 2322 785 2354 siet.
830 2324 891 2354 Est
922 2327 1033 2355 antem
1065 2322 1208 2354 formula
1231 2321 1442 2362 deprecandi
1466 2319 1627 2351 infelicia.
1663 2321 1760 2352 West.

303 2366 447 2398 Iulibro
472 2366 639 2397 Bembino
664 2365 800 2406 legitur,
825 2366 918 2396 Certe
942 2365 987 2396 sic
1011 2367 1092 2397 erit:
1115 2370 1150 2397 et
1167 2375 1228 2406 pro
1258 2365 1322 2405 Ala,
1347 2366 1415 2396 Au:
1441 2373 1490 2395 eae
1509 2373 1589 2394 vero
1603 2367 1673 2394 tres
1689 2363 1760 2395 dic-

304 2410 428 2447 tiones,
450 2413 533 2440 tuum
559 2417 619 2439 non
644 2418 719 2447 esse,
741 2408 878 2448 penitus
897 2410 930 2439 in
948 2418 988 2440 co
1006 2409 1092 2440 libro
1109 2417 1174 2439 non
1194 2413 1294 2439 sunt:
1324 2418 1423 2449 qnam
1448 2416 1508 2438 nos
1522 2406 1705 2437 lectionem
1723 2411 1760 2438 ut

304 2452 583 2488 vetustissimam,
599 2455 636 2482 et
653 2451 762 2481 sensui
780 2461 818 2482 ac
837 2451 1002 2489 versibus,
1019 2452 1074 2492 qni
1094 2451 1192 2482 aliter
1209 2456 1299 2482 stare
1319 2460 1382 2482 non
1401 2454 1554 2492 possunt,
1571 2458 1760 2480 accommo-

304 2495 378 2525 dam
394 2494 600 2535 reponimus.
646 2494 731 2524 Sunt
745 2500 856 2525 autem
874 2495 1068 2525 tetrametri
1087 2495 1273 2533 trochaici3
1298 2494 1390 2534 prior
1405 2493 1542 2534 quidem
1557 2493 1759 2533 hypercata-

302 2537 470 2576 lecticus;
489 2537 655 2577 posterior
671 2537 911 2568 catalecticus:
930 2538 1063 2568 mallem
1080 2542 1191 2568 tamen
1208 2537 1251 2579 (si
1269 2538 1404 2568 demere
1420 2537 1541 2567 liceret
1557 2544 1600 2566 ex
1617 2544 1759 2575 respon-

303 2581 397 2611 sione
414 2580 603 2611 Chremetis
619 2579 804 2610 dictionem
823 2579 1001 2620 Subditum,
1023 2581 1111 2621 quod
1126 2580 1202 2611 fieri
1218 2586 1333 2621 posset
1349 2580 1441 2611 nullo
1463 2580 1668 2610 detrimento
1683 2587 1760 2609 sen-

305 2624 377 2665 sns)
403 2623 506 2654 etiam
534 2623 743 2662 superiorem
761 2632 834 2653 esse
851 2624 1087 2655 catalecticum
1105 2634 1111 2653 :
1137 2624 1196 2654 sed
1214 2623 1293 2665 qnia
1310 2623 1357 2655 sic
1373 2631 1506 2664 qnoque
1523 2627 1612 2653 stare
1630 2627 1760 2662 potest,

302 2665 351 2696 sic
383 2666 636 2705 relinquemus:
675 2665 789 2705 itaque
813 2667 976 2706 tegemus,
999 2665 1161 2698 Subditum
1190 2677 1222 2698 se
1244 2666 1428 2707 suspicatur.
1475 2665 1543 2696 Cn.
1568 2664 1760 2696 Subditum?

303 2707 357 2738 ain
374 2711 427 2738 tu?
470 2707 529 2738 So.
558 2708 651 2738 s'erte
668 2707 712 2737 sic
735 2708 808 2748 erit,
833 2709 883 2739 Mi
898 2710 959 2740 vir.
1007 2710 1076 2741 CH.
1104 2710 1268 2750 Confitere.
1315 2709 1374 2740 So.
1399 2704 1465 2746 Ἀιι,
1481 2708 1599 2738 obsecro
1620 2711 1662 2745 te,
1677 2708 1759 2738 istuc

302 2750 438 2781 inimicis
453 2751 522 2780 siet.
541 2750 599 2780 Fa.
646 2750 744 2781 vidit
764 2752 822 2782 Fa.
836 2752 915 2782 illud
936 2752 1100 2783 Subditum
1117 2753 1149 2782 in
1167 2760 1329 2792 responso
1343 2746 1530 2782 Chremetis
1543 2750 1758 2781 subdititium

303 2802 388 2828 esse,
404 2794 462 2824 sed
484 2802 548 2823 non
568 2802 665 2824 ausus
684 2799 734 2824 est
766 2795 900 2834 ejicere.
949 2796 1042 2826 Unus
1067 2804 1107 2826 ex
1133 2795 1321 2826 veterrimis
1350 2794 1473 2826 nostris
1496 2793 1615 2825 obsecro
1629 2793 1757 2835 absque
