1966 3302
461 227 881 258 HEAUTON'I'JMOR.
912 228 1024 258 Aer.
1046 227 1090 257 v.
1123 227 1191 259 sc.
1216 227 1244 257 1.
1502 219 1587 261 643

132 321 230 363 ΜΕ.
261 321 379 367 Non.
439 321 528 364 CH.
560 322 724 373 Quid?
760 323 879 364 non?
941 323 1039 364 ΜΕ.
1079 322 1201 374 Non,
1238 321 1433 376 inquam.
1494 323 1584 366 CH.

302 390 458 444 Neque
477 391 577 443 ipse
597 391 789 442 gnatus?
851 390 950 431 ΜΕ.
985 390 1112 438 Nihil
1142 403 1340 444 prorsus,
1364 390 1550 432 Chreme
1573 405 1583 432 ε

129 457 278 510 Magis
293 471 425 498 unum
445 459 576 499 etiam
597 459 776 508 instare,
798 462 848 499 ut
863 458 994 499 hodie
1015 457 1337 499 conficerentur
1353 460 1537 512 nuptiae.

130 524 217 566 Cn.
250 525 364 566 Mira
385 538 549 566 narras.
611 524 730 575 Quid
766 526 905 580 Syrus
935 525 1091 567 meus?
1124 539 1178 566 ne
1199 525 1238 566 is
1260 525 1438 579 quidem
1461 527 1586 581 quic-

299 593 463 646 quam?
523 593 620 633 ME.
653 592 794 634 Nihil.

128 659 216 701 CH.
247 659 578 710 Quamobrem?
640 660 739 701 ΜΕ.
769 659 942 702 Nescio
977 660 1214 714 equidem:
1247 660 1324 701 sed
1357 664 1399 701 te
1432 662 1582 712 miror,

297 728 374 781 qui
392 727 480 768 alia
501 733 588 770 tam
609 728 740 782 plane
764 728 899 769 scias.

125 796 214 838 Sed
234 796 305 836 ille
326 801 430 836 tuus
450 809 623 849 quoque
645 796 779 850 Syrus
798 795 916 837 idem
935 796 1041 836 mire
1063 795 1190 836 finxit
1209 795 1362 846 filium,
1522 798 1580 839 25

126 863 188 906 Ut
206 877 261 905 ne
279 863 507 917 paululum
530 863 708 918 quidem
739 864 958 914 subolem,
990 877 1089 904 esse
1121 865 1312 905 amicam
1342 864 1455 907 hanc
1490 865 1580 908 Cli-

298 945 398 973 mae.

124 998 212 1041 CH.
245 998 366 1050 Quid
384 999 483 1040 ais?
543 998 642 1040 ME.
674 999 807 1041 Mitto
822 1000 920 1054 jam
940 1001 1138 1043 osculari
1158 1004 1287 1056 atque
1309 1002 1550 1056 amplexari
1569 1017 1579 1044 ε

293 1067 340 1107 id
360 1066 466 1107 nihil
488 1071 609 1121 puto.

124 1134 211 1177 CH.
243 1134 363 1186 Quid
382 1139 465 1185 est,
487 1135 606 1188 quod
629 1136 821 1189 amplius
845 1137 1072 1178 simuletur
1090 1137 1110 1178 ’ἲ
1171 1138 1270 1179 ΜΕ.
1301 1137 1427 1180 Vah!
1490 1138 1579 1180 (ΞΗ.
1638 1158 1643 1161 ·

295 1202 414 1253 Quid
435 1204 536 1244 est‘?
598 1203 700 1245 ME.
733 1203 854 1245 Audi
875 1204 1007 1246 modo
1029 1218 1040 1246 :

120 1335 217 1367 discit.
263 1336 331 1367 Cn.
357 1337 454 1377 Quid,
469 1347 528 1368 non
543 1336 628 1368 dixit
639 1340 652 1367 ?
697 1337 768 1369 ME.
795 1337 901 1377 Nihil,
917 1338 1054 1378 inquam,
1069 1338 1229 1378 quicquam
1249 1339 1351 1370 simile
1366 1338 1461 1371 dixit.
1508 1338 1577 1369 CH.

121 1379 229 1420 Neque
243 1378 307 1419 ipse
312 1379 405 1421 filius
415 1378 431 1411 12
462 1380 562 1411 ΜΕΝ.
580 1380 672 1410 Nihil
682 1390 812 1421 prorsus
823 1393 834 1418 ;
852 1381 906 1412 sed
917 1382 1023 1422 potius
1037 1382 1166 1420 urgebat
1179 1382 1374 1418 solummodo,
1386 1386 1419 1412 m
1432 1382 1578 1412 hodierno

120 1422 169 1451 «tie
184 1422 300 1462 nuptia>
314 1423 551 1454 celebrarentur.
599 1423 668 1454 CH.
696 1423 782 1454 Mira
801 1423 910 1462 refers.
959 1424 1068 1460 Quid?
1112 1424 1212 1464 Syrus
1227 1435 1334 1455 servus
1348 1435 1441 1464 meus,
1456 1425 1573 1455 nihilne

119 1463 215 1495 etiam
225 1465 386 1505 quicquam
398 1466 512 1505 petiit?
556 1466 632 1496 ΜΕ.
656 1466 761 1497 Nihil.
809 1466 876 1497 CH.
904 1467 970 1498 Cur
990 1467 1071 1497 nihil
1086 1467 1202 1507 peciit?
1247 1468 1321 1498 ΜΕ.
1347 1468 1418 1498 Hoo
1434 1477 1490 1506 ego
1507 1468 1577 1506 qui·

120 1507 189 1538 dem
201 1507 331 1546 ignoto:
352 1509 406 1539 sed
428 1512 459 1538 le
483 1509 560 1539 illud
586 1509 704 1539 nescire
730 1510 818 1540 valde
834 1509 942 1545 miror,
966 1510 1020 1550 qui
1037 1513 1101 1540 tam
1116 1511 1198 1540 clare
1213 1513 1243 1541 et
1258 1511 1415 1551 perspicue
1431 1521 1480 1541 res
1497 1510 1577 1541 alins

120 1549 222 1587 scium,-
241 1551 294 1582 ille
318 1551 398 1581 idem
415 1551 515 1592 Syrus
530 1550 712 1589 informarit
726 1553 818 1582 etiam
837 1553 950 1583 mirum
964 1554 996 1583 in
1012 1553 1258 1594 niodumfilium,
1272 1555 1347 1584 adeo
1364 1557 1398 1584 ut
1414 1563 1451 1584 ne
1469 1554 1578 1584 [nillil-

119 1593 184 1622 lum
197 1594 318 1633 quidem.
333 1594 447 1624 sentiat
462 1595 619 1634 quisquam
645 1604 780 1626 amorem
807 1595 920 1626 Clinia>
947 1605 1022 1633 erga
1052 1596 1251 1627 Bacchidem.
1300 1597 1368 1628 CH.
1395 1596 1479 1631 Quid
1503 1593 1575 1627 uis?

119 1634 195 1666 ΜΕ.
219 1636 310 1667 Nunc
325 1637 432 1667 omitto
446 1637 645 1669 osculationes
659 1642 750 1677 alque
766 1639 925 1678 amplexus
943 1639 1133 1678 Clitiphonis
1143 1643 1172 1669 et
1188 1639 1366 1670 Bacchidis.
1401 1640 1468 1670 CH.
1485 1640 1573 1674 Quid

118 1681 164 1708 est
177 1680 257 1718 quod
268 1679 400 1720 amplius
414 1680 556 1712 simulari
568 1680 679 1721 possit,
691 1681 744 1711 ubi
758 1685 884 1712 ventum
894 1685 940 1712 est
954 1683 994 1713 ud
1007 1683 1109 1713 oscula
1122 1686 1152 1713 et
1168 1683 1326 1723 ampLexus
1342 1686 1354 1714 P
1384 1682 1422 1713 M
1429 1691 1460 1713 Β.
1482 1681 1577 1713 Vah!

728 1766 962 1780 ‘comme

117 1836 221 1877 Atque
240 1837 370 1870 omittit
395 1838 575 1870 Peri—21
602 1837 711 1874 Quid?
732 1836 816 1871 non?
859 1839 1043 1877 Duplicem
1071 1838 1138 1870 feci
1164 1839 1480 1880 interrogationem,
1507 1850 1576 1871 mo-

118 1886 220 1912 neme
236 1881 406 1917 Boeciero.
431 1882 473 1913 ob
500 1882 662 1922 majorem
690 1881 875 1922 emphasin.
905 1883 1004 1914 IVest.
1051 1883 1144 1914 Non?
1166 1883 1239 1923 quid
1262 1881 1345 1914 non?
1394 1884 1483 1922 Lege
1509 1884 1574 1918 Qui

116 1921 201 1954 non?
224 1923 325 1955 Bent.
373 1925 459 1959 Quid
473 1922 556 1956 non?
579 1925 638 1956 Er.
673 1925 766 1957 Pexl.
783 1925 822 1956 Z.
847 1924 924 1965 Bip.
941 1925 1065 1965 Delph.
1111 1926 1254 1957 Bomius
1270 1926 1353 1966 legit
1373 1926 1458 1957 Non.
1504 1927 1573 1958 CH.

119 1965 227 2001 Quid?
270 1967 344 1997 ΜΕ.
369 1968 453 2007 Non,
468 1967 604 2008 inquam,
649 1969 750 1999 Bent.
769 1968 862 1998 Peri.
878 1972 1116 2007 prorsum—22
1133 1968 1234 2009 Vulg.
1257 1969 1368 2007 Magis
1382 1979 1486 2000 unum.
1523 1970 1579 2000 132,

116 2008 228 2048 Magis
241 2009 296 2040 hoc
310 2020 414 2041 unum.
465 2011 567 2042 Unum
583 2011 609 2041 si
625 2010 775 2041 dedisset
792 2011 951 2050 scriptor,
968 2012 1176 2051 praecipunm
1199 2012 1233 2042 id
1250 2022 1366 2042 versus
1382 2012 1490 2043 locum
1508 2012 1572 2042 sibi

115 2057 290 2090 posceret,
313 2054 400 2093 quod
427 2052 503 2084 fieri
529 2053 658 2094 nequit.
681 2053 781 2084 Both..
807 2053 863 2094 qui
890 2054 994 2094 igitur
1018 2054 1077 2084 dat
1104 2054 1214 2094 Magis
1229 2065 1308 2086 nunc
1325 2055 1430 2086 elium.
1477 2056 1486 2071 ⁶
1503 2055 1571 2087 Ms.

117 2094 193 2126 Pal.
205 2097 236 2125 3.
261 2095 371 2134 Magis
386 2096 441 2126 hoc
455 2096 499 2127 u.’
526 2096 704 2128 Peru—24
729 2096 840 2127 Prava
856 2097 909 2128 hic
925 2097 1097 2128 distinctio
1115 2102 1178 2137 est,
1193 2107 1268 2139 quae
1287 2108 1418 2128 omnem
1436 2102 1571 2128 senten-

116 2136 180 2168 tiae
204 2147 361 2169 venerem
387 2138 568 2179 extinguit.
614 2139 768 2180 Repone,
792 2140 1009 2179 Quamobrem,
1029 2140 1140 2171 nescio.
1188 2141 1261 2173 ΜΕ.
1291 2140 1439 2180 Equidem
1455 2142 1573 2177 miror,-

116 2180 168 2220 (μα’
192 2181 255 2211 alia
282 2184 346 2211 iam
368 2181 458 2221 plane
487 2183 574 2213 scias.
599 2182 699 2214 Bent.
759 2182 816 2214 Ita
840 2188 876 2213 et
903 2183 996 2213 Perl.
1028 2183 1130 2214 Both.
1156 2184 1236 2223 Bip.
1270 2184 1354 2223 legit
1390 2184 1430 2219 Q.
1460 2184 1571 2215 nescio.

115 2222 190 2254 ΜΕ.
213 2223 365 2263 Equidem
381 2227 412 2255 te
426 2224 535 2264 miror,
549 2235 579 2266 q.
595 2236 624 2255 α.
640 2228 664 2256 t.
685 2235 717 2264 p.
732 2235 759 2256 ⁸.
784 2230 819 2256 et
836 2230 945 2263 notat,
968 2227 977 2242 ‘
995 2225 1075 2256 iliud
1099 2227 1152 2257 sed
1175 2226 1237 2257 hoc
1263 2226 1340 2257 loco
1357 2227 1443 2257 male
1460 2227 1572 2266 inges-

115 2270 197 2306 tum,
211 2275 288 2297 cum
306 2276 355 2307 sq.
373 2276 489 2298 versus
505 2268 706 2299 adversetur
733 2269 741 2285 ‘
759 2267 825 2298 Sed
849 2268 929 2305 ille,’
956 2274 1050 2300 recte
1067 2269 1208 2300 omisere
1225 2269 1284 2300 Er.
1301 2268 1357 2301 al!
1403 2270 1441 2300 Z.
1466 2269 1572 2300 habet

115 2309 342 2344 Quamobrem?
386 2310 458 2341 ΜΕ.
485 2311 621 2349 Nescio;
644 2310 781 2352 equidem
809 2311 917 2352 miror,
937 2313 989 2352 qui
1005 2322 1035 2343 α.
1053 2315 1078 2342 t.
1101 2322 1134 2352 p.
1159 2315 1273 2343 s.—25
1297 2312 1353 2343 Ita
1380 2313 1438 2343 Fa.
1463 2318 1498 2343 et
1526 2313 1569 2344 G.

114 2351 155 2382 F.
199 2351 282 2390 Alii,
309 2352 370 2383 Sed
399 2357 489 2384 tuum
518 2354 581 2386 ille.
626 2354 709 2385 Mss.
742 2360 777 2385 et
809 2353 893 2385 editi
920 2360 1057 2386 veteres
1080 2355 1225 2386 variant.
1254 2355 1354 2387 West.
1400 2356 1498 2387 Bem.
1515 2356 1570 2387 Vi.

114 2399 149 2425 et
174 2398 244 2425 tres
271 2405 312 2426 ex
342 2396 551 2427 Bentieianis
596 2396 657 2427 Sed
685 2397 738 2428 ille
767 2400 864 2428 tuum.
908 2397 964 2428 Ita
989 2402 1023 2428 et
1054 2398 1139 2435 Eug.
1170 2398 1208 2428 Z.
1243 2398 1337 2430 Perl.
1382 2397 1445 2428 Sed
1481 2402 1567 2429 tuum

111 2438 166 2468 ille
186 2437 266 2478 Bip.
291 2438 417 2478 Delph.
463 2438 525 2470 Sed
547 2440 599 2471 ille
623 2450 651 2480 q.
675 2444 748 2471 tuus
770 2441 893 2470 Bruns.
936 2440 946 2456 ‘
962 2441 1062 2481 Vulg.
1087 2440 1148 2472 Sed
1173 2441 1226 2472 ille
1250 2444 1337 2472 tuum
1353 2451 1382 2481 q.
1414 2440 1448 2472 S.
1479 2442 1569 2475 idem,

111 2481 164 2520 ὅτ.
191 2480 251 2511 sed
275 2480 307 2511 A
333 2488 368 2512 et
395 2481 429 2511 B.
448 2481 570 2522 itidem,
597 2484 771 2523 nostrique
799 2492 914 2514 omnes
939 2489 973 2514 et
995 2483 1118 2524 Calph.
1145 2487 1225 2514 tuus.
1273 2484 1412 2515 Scilicet
1441 2491 1569 2515 utrum—

112 2532 194 2563 queq
221 2526 291 2554 tuus
321 2529 356 2554 et
386 2528 484 2564 tuum,
513 2534 587 2556 esse
615 2527 812 2565 genuinum,
850 2536 1039 2566 nomenque
1077 2527 1166 2557 servi
1194 2536 1236 2557 ex
1270 2526 1332 2558 int.
1363 2526 1569 2567 irrepsisse-‚⁹

115 2565 208 2597 Roth.
236 2566 292 2606 qui
320 2567 424 2607 igitur
444 2568 539 2608 legit,
564 2568 627 2599 Sed
649 2569 701 2598 ille
717 2572 786 2599 tuus
802 2572 887 2599 tuum
903 2579 931 2608 q.
949 2569 1029 2600 idem
1060 2579 1100 2600 m.
1122 2569 1155 2607 f.
1175 2569 1208 2607 f.
1240 2572 1373 2600 vin—26
1398 2569 1569 2611 Gnyetns‚

111 2612 221 2639 metro
237 2611 465 2647 consulturus,
482 2610 576 2642 delet
597 2609 636 2641 τὸ
657 2611 799 2650 amicam,
817 2612 876 2642 sed
894 2617 1013 2642 contra
1030 2611 1130 2642 fidem
1149 2612 1326 2643 Codicum.
1355 2612 1454 2644 West.
1501 2614 1569 2644 Ve-

112 2652 271 2682 teri-imus
288 2658 403 2683 noster
426 2654 554 2684 subolae.
600 2652 700 2684 Alter
715 2654 842 2685 subolet.
888 2654 1001 2685 Ceteri
1021 2665 1134 2685 omues
1151 2654 1299 2686 suboleat.
1323 2655 1425 2686 Bent.
1471 2655 1571 2687 Subo-

111 2695 156 2724 lat
171 2695 229 2724 ΒΥ.
245 2694 338 2725 Peri.
361 2697 370 2712 ‘
385 2696 412 2726 C
426 2697 564 2736 paulum,
591 2697 678 2737 quod
697 2697 809 2727 versui
834 2697 1017 2729 convenit.'
1039 2698 1225 2729 Rom—27
1249 2698 1348 2736 Vulg.
1374 2698 1482 2729 mitto.-
1507 2698 1566 2728 sed

112 2737 187 2768 cod.
213 2737 242 2767 B
265 2739 384 2775 omitto,
407 2744 515 2778 recte,
540 2744 578 2770 ut
602 2739 764 2770 iambicus
793 2739 846 2770 hic
871 2741 916 2771 sit
942 2750 1072 2778 versus,
1095 2741 1203 2781 qualis
1225 2744 1260 2771 et
1286 2750 1440 2781 sequens.
1467 2742 1565 2772 Idem.

111 2778 228 2811 Guelf.
245 2782 277 2811 3.
298 2781 433 2813 mittum.
480 2782 581 2814 Bent.
598 2782 692 2814 Peri.
707 2782 784 2824 Bip.
802 2783 903 2814 Both.
922 2783 959 2814 Z.
979 2784 1104 2824 Delph.
1127 2784 1174 2814 nil
1186 2786 1356 2824 puta—28
1380 2784 1452 2815 ΜΕ.
1475 2783 1566 2814 Vale!
