1966 3302
600 190 814 220 trucYRAE
849 191 959 221 Aer.
993 191 1038 220 v.
1070 190 1136 221 sc.
1172 191 1244 221 ιιι.
1550 183 1634 224 897

183 286 278 328 Scit
297 286 382 328 sibi
403 286 676 328 nobilitatem
696 300 753 327 ex
775 299 846 336 eo,
865 292 909 329 et
928 300 1016 328 rem
1037 293 1198 337 natam,
1219 289 1262 327 et
1281 287 1467 339 gloriam
1489 300 1605 337 esse,

182 353 446 407 Referetque
484 353 670 407 gratiam
707 355 763 404 ei,
810 367 984 408 unaque
1032 368 1113 397 nos
1161 355 1247 396 sibi
1286 368 1420 410 opera
1455 356 1634 400 amicos-

347 421 513 475 junget.

181 522 244 551 lum
266 530 286 551 a
308 519 523 550 consuetudine
545 528 602 550 sua
622 520 809 557 semoverit,·
831 524 912 551 certo
934 520 1097 561 perspicit,
1121 531 1228 553 nomen
1251 531 1339 553 suum
1357 532 1398 553 ex
1411 533 1444 553 eo
1459 523 1582 562 insigne
1605 529 1633 556 et

180 563 280 594 nobile
287 562 360 601 fore
373 564 454 603 apud
467 572 569 593 omnes
580 573 592 598 ,·
613 573 681 594 cum
695 567 787 594 antea
799 562 955 594 obscurius
968 566 998 594 et
1013 564 1117 595 minus
1130 564 1247 595 celebre
1262 569 1359 596 esset:
1381 569 1446 596 tum
1458 576 1522 597 rem
1535 567 1634 604 fami-

178 607 286 637 liarem
310 608 433 636 auctum
453 605 509 644 iri,
527 609 557 636 et
573 606 693 636 laudem
715 616 775 637 non
799 606 979 637 mediocrem
999 616 1031 638 se
1053 610 1292 639 consecuturam.
1337 608 1502 650 Pamphilo
1528 612 1634 641 reddet

179 648 359 690 beneficium
369 651 538 689 acceptum,
549 658 667 690 unaque
681 658 773 690 opera
786 658 841 680 nos
854 649 915 680 sibi
927 649 1039 681 amicos
1052 650 1240 682 conciliabit.

790 743 1027 757 eeeeeeeeeeee

180 801 264 830 —31
289 798 347 830 Sic
361 798 440 830 libri
454 808 584 832 omnes.
628 800 806 834 Donatus:
832 802 887 833 Ex
909 812 955 842 eo,
971 806 1076 834 utrum
1098 811 1138 833 ex
1155 801 1338 842 Pamphi10;
1361 813 1401 834 an
1423 812 1464 834 ex
1484 813 1530 839 eo,
1547 813 1585 835 ex
1600 815 1636 836 ea

179 851 236 873 re:
258 844 289 872 et
302 842 358 872 hoc
370 842 490 874 melius.
534 844 639 874 Certe
658 845 779 876 melius
794 855 802 876 ι
827 845 886 876 sed
904 845 966 877 hoc
983 845 1085 877 etiam
1103 844 1265 885 expediat
1284 855 1430 876 summus
1447 846 1634 887 Magister;

179 892 242 915 cur
263 889 380 916 noster
400 885 491 917 inter
513 886 720 919 Nobilitatem
741 892 779 919 et
803 888 959 926 Gloriam,
974 898 1050 929 quae
1079 893 1235 929 cognatae
1263 893 1342 919 sunt
1368 888 1636 929 significationis,

180 926 262 958 Rem
283 927 317 958 in
341 928 487 959 medium
517 929 704 971 intruserit,
725 940 862 971 prorsus
885 931 1043 962 diversae.
1088 931 1266 964 Quomodo
1287 935 1400 962 autem
1421 941 1486 962 rem
1507 936 1637 964 natam?

181 969 266 1005 Quia
279 971 388 1011 multa,
402 971 513 1012 iuquit
528 971 630 1011 idem,
645 973 679 1004 in
699 983 766 1004 eam
779 974 910 1006 contulit
926 974 1120 1015 Pamphilus.
1163 974 1263 1005 Itane
1279 974 1380 1005 vero?
1409 974 1514 1015 Atqui
1538 975 1581 1006 de
1598 986 1634 1007 re

180 1017 324 1044 ventura
339 1013 394 1044 hic
411 1015 533 1054 agitur,
550 1024 616 1047 non
633 1015 675 1047 de
692 1017 868 1057 praeterita
882 1028 891 1048 x
915 1021 950 1048 et
963 1020 993 1048 si
1009 1027 1077 1048 vere
1092 1018 1130 1048 ab
1144 1027 1176 1049 se
1190 1018 1380 1056 segregarit,
1395 1027 1460 1048 non
1486 1027 1538 1048 res
1560 1029 1634 1050 cre-

179 1056 283 1095 verit,
297 1055 357 1087 sed
373 1056 532 1088 damnum
549 1058 739 1091 obvenerit.
785 1060 902 1091 Codex
918 1070 1003 1092 unus
1017 1070 1058 1090 ex
1073 1060 1174 1101 regiis
1189 1063 1311 1091 nactam
1330 1070 1389 1101 pro
1403 1063 1521 1091 natam.
1569 1062 1632 1092 Re-

179 1107 282 1138 pione,
297 1098 365 1130 Scit
379 1109 412 1131 se
426 1100 618 1132 nobilitatem
633 1112 673 1132 ex
687 1112 722 1133 ea
737 1111 773 1133 re
786 1106 906 1134 nactam
920 1106 951 1134 et
970 1104 1106 1143 gloriam
1120 1113 1196 1134 esse.
1240 1102 1309 1133 Ubi
1335 1103 1418 1134 ordo
1434 1107 1499 1142 est,
1514 1102 1583 1136 Scit
1603 1115 1634 1136 se

178 1150 219 1171 ex
238 1151 274 1172 ea
288 1151 323 1172 re
347 1146 471 1173 nactam
485 1154 549 1175 esse
571 1145 763 1177 nobilitatem
777 1149 808 1177 et
831 1146 977 1186 gloriam.
1000 1147 1101 1178 Bent.
1124 1156 1163 1177 ex
1178 1156 1212 1176 eo
1232 1149 1376 1186 paratam
1391 1150 1422 1177 et
1446 1146 1636 1179 Rom—32

179 1183 233 1214 Ex
249 1184 456 1216 auctoritate
472 1187 548 1217 libri
564 1188 660 1219 Bem.
676 1192 711 1219 et
728 1189 822 1220 Vict.
839 1189 990 1220 delemus
1018 1189 1292 1230 conjunctionem
1315 1199 1384 1230 que,
1400 1198 1464 1220 nec
1487 1191 1633 1221 sermoni

177 1228 417 1269 necessariam,
431 1234 467 1259 et
484 1230 595 1261 versui
621 1231 882 1271 incommodam,
896 1232 953 1273 qui
976 1235 1030 1263 est
1053 1232 1162 1264 lamb.
1180 1236 1314 1263 tetram.
1339 1233 1498 1264 catalect.
1515 1236 1553 1263 ut
1577 1243 1633 1264 ce-

179 1269 258 1305 teri,
279 1270 407 1302 habens
423 1271 598 1313 dactylum
624 1273 658 1304 in
684 1274 848 1306 secunda.
872 1275 931 1306 Fa.
978 1274 1108 1313 Referet
1130 1276 1271 1314 gratiam
1295 1274 1337 1313 ei,
1350 1285 1468 1316 unaque
1490 1285 1544 1306 nos
1574 1277 1636 1308 sibi

177 1322 270 1352 opera
293 1313 408 1345 amicos
423 1314 553 1354 junget.
597 1316 654 1347 Sic
682 1317 790 1349 voluit
816 1318 994 1357 Faernus;
1023 1318 1089 1349 etsi
1114 1318 1148 1348 in
1181 1317 1340 1349 Editione
1367 1318 1413 1349 sit
1440 1317 1634 1359 Referetque.

177 1355 275 1386 Bene
292 1366 385 1398 sane,
400 1359 488 1398 quod
512 1359 580 1390 duo
608 1359 759 1400 primarii
782 1360 862 1392 libri
877 1371 932 1402 que
948 1361 1099 1401 ejiciant.
1143 1360 1212 1392 Sed
1235 1370 1277 1391 ne
1294 1361 1344 1391 sic
1361 1361 1498 1403 quidem
1517 1372 1633 1393 versus

178 1398 373 1430 commodus
388 1405 452 1431 est.
497 1401 616 1433 Codex
632 1401 873 1443 Academicus,
899 1404 1077 1445 Refertque.
1123 1404 1278 1444 Repone‚
1296 1404 1408 1442 Refert
1427 1404 1567 1444 gratiam
1582 1406 1638 1445 eii,

178 1450 298 1482 unaque
312 1453 368 1473 nos
381 1443 442 1474 sibi
464 1454 556 1484 opera
580 1446 824 1486 amicosjungit.
871 1447 994 1487 Refert,
1021 1446 1150 1486 Jungit,
1166 1451 1206 1478 ut
1220 1456 1323 1488 supra
1340 1447 1421 1488 Scit,
1443 1448 1633 1488 elegantius

179 1494 281 1525 quam
308 1485 374 1517 ista
399 1487 541 1519 Futura.
587 1488 700 1527 Refert
728 1489 939 1530 corripitur;
963 1499 1038 1531 quae
1066 1490 1204 1521 licentia
1227 1490 1262 1520 in
1291 1490 1399 1530 primo
1423 1491 1510 1530 pede
1532 1489 1633 1522 facile

177 1527 391 1560 conceditur.
416 1530 512 1562 Bent.
538 1530 746 1573 Referensque
769 1533 909 1572 gratiam
935 1542 998 1564 una
1024 1543 1081 1563 nos
1103 1533 1205 1563 Both.
1226 1533 1339 1572 reseret
1362 1533 1439 1575 ssip.
1463 1534 1556 1566 Perl.
1573 1545 1634 1566 una

177 1579 246 1610 quae
261 1580 322 1612 pro
339 1581 408 1604 var.
426 1573 506 1605 lect.
520 1574 580 1605 ΒΓ.
610 1584 688 1606 mox
704 1580 713 1592 ‘
729 1575 809 1607 libri
822 1575 959 1618 quidam
972 1575 1061 1617 ope.’
1091 1576 1190 1608 West.

558 1804 763 1848 ACTUS
796 1806 852 1848 V.
913 1806 1121 1849 SCENA
1153 1809 1243 1851 III.

638 1912 894 1943 PARMENO.
954 1912 1176 1944 BACCHIS.

178 1977 306 2020 PAR.
330 1978 556 2020 AEDEPOL
577 1992 649 2022 nae
670 1994 814 2022 meam
834 1981 967 2023 herus
986 1994 1082 2023 esse
1104 1995 1279 2037 operam
1302 1983 1485 2039 deputat
1506 1988 1633 2040 parvi

351 2046 497 2100 pretii,

178 2112 269 2164 Qui
290 2114 347 2156 ob
368 2127 458 2155 rem
479 2115 645 2157 nullam
665 2117 798 2167 misit,
818 2117 982 2160 frustra
1002 2120 1078 2160 ubi
1096 2122 1235 2161 totum
1257 2119 1414 2161 desedi
1431 2120 1562 2171 diem,

178 2183 437 2238 Myconium
457 2183 680 2238 hospitem
702 2185 805 2227 dum
826 2191 1017 2240 expecto
1040 2189 1086 2229 in
1106 2201 1207 2230 arce
1229 2188 1583 2233 Callidemidem.

178 2252 334 2305 Itaque
354 2251 531 2306 ineptus
550 2252 681 2295 hodie
702 2254 807 2295 dum
826 2255 919 2296 illio
942 2255 1092 2308 sedeo,
1112 2261 1163 2297 ut
1183 2257 1373 2311 quisque
1390 2264 1588 2310 venerat,

221 2364 288 2399 ΡΑ.
312 2368 379 2399 Per
393 2369 491 2400 oedem
508 2370 650 2402 Pollucis
664 2371 756 2403 herus
774 2371 953 2413 Pamphilus
967 2373 1099 2404 laborem
1120 2382 1219 2404 meum
1240 2373 1332 2414 parvi
1348 2374 1496 2411 oestimat,
1511 2375 1563 2415 qui
1576 2384 1634 2414 pro

174 2408 275 2440 nihilo
289 2419 338 2440 me
352 2410 425 2442 illuc
440 2412 539 2452 misit,
550 2414 604 2445 ubi
619 2418 716 2445 totum
729 2415 810 2446 diem
816 2415 944 2453 frustra
959 2415 1073 2446 otiosus
1086 2416 1152 2447 sedi
1163 2427 1175 2453 ;
1197 2418 1272 2448 dum
1286 2417 1467 2457 Ilchonium
1485 2417 1633 2457 hospitem

180 2451 416 2486 Callidemidem
429 2455 558 2493 frustra
584 2458 618 2488 in
642 2467 712 2488 arce
738 2461 875 2498 expecto.
923 2458 1032 2499 Itaque
1045 2459 1176 2491 stolidus
1191 2470 1258 2501 ego,
1272 2461 1345 2491 dum
1360 2461 1425 2491 illie
1446 2461 1581 2501 desidem
1597 2465 1632 2492 ut

788 2552 906 2564 ‘m
910 2553 1024 2565 mo

168 2643 173 2646 η
222 2605 238 2633 l
265 2601 351 2635 GM.
375 2613 459 2636 meus
488 2604 521 2636 in
546 2609 656 2644 textu,
688 2616 787 2637 meam
819 2607 1005 2649 subscript.
1029 2608 1142 2640 exhib.
1170 2613 1247 2649 post
1267 2610 1368 2640 herus.
1394 2610 1488 2642 Perl.
1532 2610 1630 2642 Bem.

174 2645 271 2685 preti.
295 2646 355 2678 Fa.
398 2647 456 2680 Sic
478 2653 514 2679 et
538 2649 648 2680 nostri
666 2650 823 2680 meliores
840 2649 944 2690 Preti,
963 2656 999 2681 ut
1020 2652 1098 2692 Viti,
1116 2652 1233 2691 Gaudi,
1250 2652 1378 2684 Consili.
1423 2653 1566 2694 Semper
1583 2655 1631 2684 itu

178 2693 331 2728 oportet,
354 2693 393 2720 ut
415 2690 449 2721 in
467 2690 599 2722 Andria
623 2693 728 2723 semel
748 2692 935 2724 docuimus.
960 2693 1056 2725 Bent.
1082 2704 1182 2735 quem
1209 2701 1399 2736 sequuntur
1423 2697 1501 2736 Rip.
1529 2697 1630 2727 Bou..

179 2729 337 2764 Perl.—2
361 2733 417 2764 Me
432 2733 518 2766 misit
534 2733 653 2768 Guelf.
669 2738 765 2767 2.-4
789 2735 938 2768 Bembus
955 2736 989 2768 in
1011 2737 1144 2770 Libello
1172 2737 1214 2770 de
1238 2738 1375 2771 Fabulis
1414 2740 1629 2771 Terentianus

265 2785 378 2826 Delph.
392 2791 423 2820 et
443 2788 518 2822 Vur.
535 2789 622 2821 Clas.
836 2791 959 2822 Terent.
1473 2796 1490 2823 εὶ
1518 2794 1545 2823 1,
