1966 3302
314 236 399 279 558
815 249 853 278 P.
888 248 1129 278 ΤΕΕΕΝΤῙΙ
1163 250 1280 280 Arm

314 340 405 383 CH.
442 341 712 392 Menedemo,
736 347 783 383 at
805 355 934 396 porro
957 346 1073 384 recte
1095 356 1238 397 spem,
1257 349 1302 385 et
1323 344 1448 386 iilum
1469 345 1551 386 tibi

313 409 499 450 Salvom
520 410 752 450 affuturum
776 422 874 450 esse
895 409 983 459 hic,
1004 409 1196 459 confido,
1216 411 1495 464 propediem.

314 475 412 517 ΜΕ
443 477 625 518 Utinam
646 478 708 518 ita
740 478 800 518 Di
833 477 997 520 faxint!
1061 477 1149 519 CH.
1183 478 1395 521 Facient:
1427 492 1557 530 nunc,
1588 479 1627 519 si
1659 491 1782 520 com-

485 545 664 586 modum
685 549 768 596 est,

317 610 539 665 Dionysia
559 612 630 653 hic
653 617 754 653 sunt
773 612 932 665 hodie3
967 613 1086 666 apud
1107 626 1176 655 me
1198 614 1261 655 sis
1282 614 1402 655 volo.
1694 614 1781 655 110

315 677 412 719 ΜΕ.
445 679 553 721 Non
594 694 795 734 possum.
855 680 945 722 CH.
983 680 1074 722 Cur
1114 684 1235 723 non‘?
1279 694 1452 736 quaeso,
1491 681 1662 723 tandem
1702 681 1782 723 ali-

484 748 750 801 quantulum

313 814 417 855 Tibi
438 827 594 868 parce:
623 815 742 857 idem
764 816 926 857 absens
948 816 1093 857 facere
1113 821 1155 858 te
1174 816 1263 858 hoc
1285 816 1381 857 vult
1400 816 1527 858 filius.

314 881 414 924 ME.
447 882 551 924 Non
573 884 805 934 convenit,
827 885 903 938 qui
926 885 1051 925 illum
1073 885 1130 925 ad
1150 885 1349 926 laborem
1369 885 1634 938 impulerim,

313 950 448 992 Nunc
470 965 537 992 me
558 951 707 1005 ipsum
730 951 893 1006 fugere.
954 951 1042 994 CH.
1074 953 1254 994 Siccine
1276 958 1344 994 est
1366 953 1620 994 sententia?

314 1017 415 1061 ME.
448 1019 538 1060 Sic.
598 1018 687 1061 CH.
723 1019 844 1061 Bene
878 1019 998 1062 vale.
1061 1019 1158 1061 ΜΕ.
1198 1019 1256 1061 Et
1289 1025 1350 1062 tu.
1410 1019 1502 1063 CH.
1534 1019 1784 1076 Lacrymas

488 1087 691 1130 excussit
709 1087 835 1138 mihi,
1695 1089 1783 1131 115

315 1245 363 1266 me
377 1235 490 1266 erravi.
537 1235 607 1267 Cn.
630 1236 691 1275 At,
706 1245 723 1266 ο
740 1234 945 1266 Menedeme!
967 1238 1050 1265 certe
1073 1243 1158 1275 spero
1170 1236 1201 1264 et
1215 1234 1304 1263 credo
1320 1232 1408 1263 illum
1423 1230 1510 1262 brevi
1524 1231 1652 1269 salvum,
1665 1234 1697 1262 et
1712 1230 1786 1262 bene

310 1280 464 1310 ‘valentem
479 1279 518 1310 ad
534 1282 564 1309 te
577 1282 750 1310 venturum.
798 1278 870 1309 ME.
900 1277 1031 1309 Utinam
1048 1277 1094 1307 ita
1111 1275 1313 1313 Diifaciant.
1359 1275 1427 1305 CH.
1453 1273 1614 1316 Efficient,
1629 1276 1665 1305 ut
1674 1273 1785 1315 filium

311 1332 482 1362 recuperes.
532 1322 638 1361 Nunc,
658 1322 687 1352 si
703 1322 761 1352 tibi
777 1325 821 1352 est
838 1325 1042 1362 opportunum
1063 1323 1094 1351 et
1117 1322 1260 1358 gratum,
1287 1319 1351 1348 volo
1376 1317 1484 1348 venias
1508 1317 1599 1348 hodie
1615 1319 1697 1356 apud
1715 1325 1761 1347 me
1774 1326 1785 1347 .·

314 1365 527 1396 Bacchanalia
557 1365 606 1395 hic
635 1364 839 1396 celebrantur.
887 1364 960 1394 ME.
986 1364 1059 1394 Non
1082 1373 1218 1403 possum.
1265 1361 1334 1392 CH.
1363 1360 1428 1391 Cur·
1455 1358 1542 1392 non?
1565 1359 1784 1399 Aliquantum,

315 1419 428 1448 quaeso,
444 1412 513 1439 tuos
529 1408 651 1439 remitte
677 1408 804 1439 labores.
854 1407 959 1438 Clinia
972 1406 1064 1447 filius
1087 1409 1158 1436 tuus
1180 1404 1274 1435 etiam
1290 1404 1398 1434 absens
1411 1403 1493 1434 idem
1505 1407 1663 1443 precatur.
1709 1403 1785 1434 ΜΕ.

315 1452 388 1482 Νοη
405 1453 489 1482 decet
506 1461 585 1482 nunc
598 1461 645 1481 me
659 1460 777 1481 cessure
791 1461 810 1481 α
825 1449 939 1487 labore,
955 1450 1008 1489 qui
1031 1449 1119 1479 illum
1133 1448 1272 1479 laborare
1287 1446 1450 1486 coegerim.
1497 1447 1592 1476 CER.
1618 1445 1710 1476 Itane
1727 1445 1780 1475 de-

313 1493 467 1526 crevisti?
511 1494 585 1525 ΜΕ.
612 1494 674 1525 Ita.
720 1494 791 1525 CH.
816 1493 871 1524 Sis
897 1493 1001 1524 valens
1015 1495 1047 1524 et
1061 1502 1165 1523 sanus.
1211 1491 1285 1522 ME.
1312 1490 1359 1521 Τιι
1381 1499 1508 1530 quoque,
1526 1489 1668 1521 Chreme.
1714 1488 1784 1519 Cn.

931 1586 1170 1599 moveo-tenete

314 1662 323 1680 ‘
339 1662 426 1702 vulg.
442 1672 633 1700 maxumum,
647 1660 791 1693 vitiose?
822 1661 1007 1692 Maxumum
1023 1659 1107 1690 dant
1123 1658 1182 1689 Br.
1199 1656 1295 1688 Perl.
1307 1655 1410 1686 Bent.
1423 1653 1500 1693 Rip.
1514 1653 1665 1685 Z.--107
1683 1652 1780 1684 Recte

312 1716 402 1745 spero
424 1706 513 1736 illum
527 1705 586 1736 tibi
600 1706 719 1736 salvum
734 1703 926 1742 adfuturum.
973 1703 1058 1733 Post
1081 1711 1182 1742 spero,
1201 1710 1233 1731 ο.
1258 1700 1279 1730 l.
1306 1709 1331 1729 s.
1357 1698 1486 1729 habent
1510 1696 1784 1737 conjunctionem

312 1752 364 1780 et:
386 1748 434 1779 ita
450 1753 525 1788 post
540 1758 628 1788 spero
646 1746 937 1787 distinguendum,
953 1755 1064 1786 neque
1082 1745 1114 1775 id
1133 1744 1272 1773 verbnm
1291 1741 1333 1772 ad
1350 1741 1534 1782 sequentia
1548 1739 1781 1778 referendum,

315 1791 375 1821 sed
395 1792 587 1822 absolutum
604 1791 880 1832 relinquendum,
906 1790 967 1820 hoc
994 1788 1115 1819 modo:
1140 1786 1322 1817 Menedeme
1348 1788 1382 1814 at
1405 1793 1497 1824 porro
1518 1787 1602 1814 recle
1623 1792 1733 1822 sperem
1753 1785 1784 1813 et

312 1836 402 1866 illum
417 1834 477 1865 tihi
493 1835 622 1865 Salvum
643 1834 819 1875 affuturum
837 1842 900 1864 esse
915 1833 966 1863 hic
981 1831 1097 1873 confido
1118 1829 1308 1870 propediem.
1330 1827 1388 1858 Fa.
1432 1832 1440 1844 ‘
1459 1826 1622 1856 Delemus
1648 1829 1678 1857 et
1701 1831 1782 1856 ante

313 1877 416 1917 illum,
439 1879 528 1917 quod
547 1883 582 1909 et
600 1884 710 1908 metro
736 1877 928 1915 adversum,
948 1885 1012 1906 nec
1038 1883 1124 1914 opus
1147 1871 1224 1903 est!
1250 1871 1326 1911 Rip.
1373 1869 1470 1900 Lind.
1487 1869 1572 1905 legit
1597 1873 1634 1898 et
1661 1868 1784 1899 distin-

317 1921 402 1961 guit,
426 1921 620 1955 DIenedeme,
647 1924 681 1951 at
705 1929 796 1959 porro
820 1922 904 1950 recle
929 1927 1038 1959 spemn
1061 1918 1147 1948 illum
1164 1915 1222 1946 tibi
1240 1914 1383 1951 Salvum,
1397 1914 1561 1952 &cn-109
1584 1911 1688 1951 Vulg.
1711 1910 1784 1941 Uti-

315 1974 386 1994 nam
403 1964 449 1995 Di
464 1964 643 2002 itafoaez'nt.
688 1963 747 1994 ΒΓ.
765 1968 800 1993 et
817 1962 875 1992 alii
890 1960 1030 1999 saciant.
1077 1959 1223 1990 Botiiius
1242 1966 1307 1988 uon
1326 1955 1480 1995 agnoscit
1494 1954 1532 1985 τὸ
1547 1954 1608 1993 ita,
1625 1959 1661 1985 ut
1677 1953 1784 1985 etiam

315 2007 556 2047 calphurnius.
602 2009 612 2023 ‘
631 2007 759 2037 Omnes
783 2004 858 2036 fere
885 2004 1003 2039 nostri,
1031 2012 1113 2034 nunc
1131 2003 1160 2032 si
1185 2005 1230 2031 esc
1253 2000 1461 2030 commodum.-
1484 1997 1592 2037 magis
1621 2007 1664 2027 ex
1688 2006 1783 2027 mure

315 2050 486 2082 auctoris?
501 2050 598 2081 Bent.
633 2048 696 2080 Sed
712 2059 792 2079 nunc
807 2059 883 2079 com.
899 2051 944 2078 est
961 2045 1079 2078 Guelf.
1095 2046 1237 2076 2.—110
1249 2043 1304 2074 Al.
1320 2042 1481 2081 dist'mgu.
1513 2041 1608 2072 Dion.
1626 2039 1677 2070 hic
1690 2043 1783 2071 sunt.-

314 2094 404 2124 hodie
418 2105 447 2124 α.
464 2095 615 2124 m.—ll3
640 2092 695 2123 Ita
712 2091 855 2122 exhibeo
872 2101 914 2121 ex
932 2091 1017 2121 Mss.
1064 2089 1109 2119 Et
1133 2088 1180 2118 ita
1207 2088 1239 2117 in
1257 2090 1404 2126 quatuor
1420 2083 1520 2115 codd.
1540 2083 1629 2114 Pan.
1647 2083 1784 2118 legebat

314 2137 397 2167 Par.
445 2135 628 2167 Accedunt
652 2145 695 2166 ex
719 2134 823 2166 editis
837 2134 935 2166 Junt.
982 2131 1086 2163 Aldd.
1104 2131 1206 2161 ethis
1224 2128 1439 2159 vetustiores.
1488 2126 1569 2165 Alii,
1588 2133 1663 2166 post
1680 2124 1783 2156 Faer-

315 2189 408 2217 num,
431 2179 624 2219 impellerim.
672 2178 939 2217 AntesignanUS,
962 2175 1175 2216 impallerim5
1200 2181 1300 2213 quam
1325 2170 1528 2212 epenthesin
1549 2168 1666 2200 laudat
1690 2167 1786 2200 Glar.

315 2222 432 2263 Atque
459 2223 507 2253 ita
529 2221 573 2252 de
600 2221 762 2252 Farnabii
782 2222 871 2258 Lege
888 2219 999 2250 Pedia
1022 2218 1150 2249 nauum
1167 2221 1221 2247 est
1238 2214 1439 2255 pericnlum.
1462 2212 1563 2244 West.
1607 2213 1616 2228 ‘
1635 2211 1783 2242 Versum

315 2266 405 2296 hunc
430 2275 504 2296 esse
531 2263 734 2305 impeditum
760 2274 877 2295 omnes
900 2262 1038 2293 vident:
1063 2259 1221 2291 mendum
1243 2262 1296 2289 est
1317 2257 1352 2288 in
1374 2255 1480 2304 verbo
1497 2253 1696 2302 impulerim,·
1717 2263 1784 2295 quo

315 2314 440 2346 stante,
463 2313 522 2339 aut
538 2307 635 2338 deest
653 2317 719 2338 una
734 2307 864 2346 syllaba
881 2306 1028 2342 senario,
1043 2309 1104 2335 aut
1119 2309 1170 2334 est
1188 2301 1359 2333 trochaeus
1373 2299 1407 2330 in
1425 2303 1556 2338 quinta,
1581 2306 1639 2345 qiu
1664 2306 1724 2337 pes
1749 2297 1784 2328 iu

315 2352 406 2382 hunc
422 2361 557 2382 versum
582 2359 648 2380 non
673 2350 786 2381 cadit:
813 2359 888 2390 quae
906 2347 1128 2379 difficultates
1155 2344 1307 2376 vitantur
1323 2352 1367 2374 ex
1383 2342 1525 2382 antiqua
1540 2340 1690 2371 lectione
1706 2339 1785 2369 libri

316 2394 491 2432 Vaticani,
515 2394 548 2424 in
566 2403 631 2434 qno
648 2398 722 2423 erat
737 2392 944 2433 impellerim;
968 2390 1027 2421 sed
1045 2388 1168 2420 deinde
1185 2386 1312 2418 abrasis
1337 2385 1456 2416 mediis
1484 2382 1592 2414 literis
1616 2387 1784 2413 mutatum

315 2438 348 2468 in
366 2437 562 2478 impulerim,·
586 2437 633 2466 sic
663 2442 776 2466 tamen
806 2440 844 2466 ut
869 2434 962 2474 prior
990 2432 1093 2463 lectio
1109 2430 1229 2471 conjici
1248 2429 1367 2469 possit.
1415 2427 1511 2458 Idem
1534 2424 1664 2473 factumi
1689 2431 1723 2455 et
1749 2425 1784 2456 iu

315 2481 407 2511 Vict.
423 2480 486 2510 nisi
504 2479 592 2520 quod
610 2479 663 2509 hic
681 2479 827 2509 habebat
847 2476 1016 2516 impelerim
1036 2485 1096 2515 pei·
1112 2483 1215 2505 unum
1242 2471 1275 2503 l!
1299 2471 1356 2502 Fa.
1404 2470 1413 2487 ‘
1431 2470 1484 2501 Ad
1499 2468 1633 2499 laborem
1649 2468 1784 2515 τωρ-«Πε-

315 2524 388 2554 rim.
432 2523 488 2554 Sic
514 2522 610 2553 dedit
638 2522 697 2552 Fa.
725 2521 832 2552 nostri
861 2529 977 2550 omnes
1005 2516 1200 2558 impulerim.-
1223 2525 1290 2556 quo
1316 2522 1434 2545 versus
1450 2511 1586 2554 quiden·
1603 2511 1786 2542 claudicat.

314 2566 470 2607 Repone,
493 2565 629 2596 laborem
643 2565 714 2596 hinc
732 2561 924 2607 lmpulerim.¹
948 2563 1051 2593 Bent.
1089 2560 1175 2592 GM.
1188 2556 1397 2599 compulerim.
1422 2555 1525 2587 Both.
1539 2554 1784 2594 impellerem.—

980 2645 1122 2680 NOTAE

362 2720 424 2748 110
448 2717 607 2758 Dionysia
622 2717 671 2747 hic
696 2715 784 2755 sunt]
820 2715 907 2746 Ludi
937 2719 1026 2753 sunt,
1078 2710 1170 2742 unde
1200 2706 1442 2747 Bacchanalia,
1466 2703 1660 2737 Liberalia:
1684 2702 1786 2735 Grae·

318 2766 397 2798 sesti
417 2768 487 2798 diez
502 2768 533 2797 in
551 2768 710 2798 honorem
736 2765 903 2806 Dionysii,
918 2765 950 2795 id
969 2770 1023 2795 cst
1080 2764 1129 2796 cis
1146 2768 1227 2795 sunt
1242 2759 1424 2803 Dionysia.

317 2817 446 2850 Bacchi
465 2817 607 2858 Latinis,
623 2817 679 2858 qui
695 2822 729 2847 et
753 2816 853 2847 Liber
869 2815 1019 2853 dicitur;
