1966 3302
248 231 335 273 748
749 243 787 272 P.
820 243 1065 273 TEREN'rn
1100 243 1216 274 Arni

245 337 450 387 Tantum,
466 340 520 400 B}
537 350 683 405 neque
706 338 815 391 quid
845 352 913 380 me
945 339 1122 390 faciam,
1152 351 1290 394 neque
1311 339 1419 394 quid
1439 353 1582 394 agam,
1613 354 1705 383 cer-

419 409 510 446 tum
532 405 618 446 siet
633 402 658 446 ’ἴ

248 472 455 514 Membra
474 477 592 514 metu
613 473 775 514 debilia
796 477 926 524 sunt3
959 474 1132 515 animus
1153 474 1308 515 timore
1330 475 1557 533 obstipuit.

246 539 436 582 Pectore
456 542 694 583 consistere
714 541 823 582 nihil
845 541 1020 582 consilii
1041 542 1151 595 quit.
1210 541 1311 582 Vah
1330 543 1338 583 !
1370 542 1594 596 quomodo

247 606 326 649 Me
348 621 406 649 ex
423 608 506 650 hac
526 609 765 663 expediam
785 610 943 669 turba?
974 613 1095 651 tanta
1114 622 1229 651 nunc
1251 610 1450 670 suspicio
1472 610 1526 651 de
1545 624 1615 652 me
1636 610 1704 652 iu-

789 667 857 681 “n-a»

418 675 530 717 cidit
547 690 557 699 ·
1676 680 1707 720 5

250 745 412 799 Neque
434 758 489 786 ea
516 709 754 786 immerito.
816 745 1016 787 Sostrata
1043 745 1201 794 credit,
1233 744 1338 786 mihi
1371 758 1441 786 me
1476 746 1708 800 psaltriam

418 812 535 854 hanc

246 932 282 959 ut
304 937 398 968 neque
419 927 494 968 quid
517 936 566 958 me
583 926 717 964 faciam,
743 937 797 958 nec
812 928 887 968 quid
902 937 995 967 agam
1013 928 1091 959 scire
1105 928 1242 969 possim?
1263 938 1364 959 omnes
1380 928 1516 969 corporis
1530 928 1590 960 mei
1602 930 1710 969 partes

249 972 358 1002 timore
385 970 544 1010 languidoe
559 974 589 1001 et
605 970 844 1011 infirmoefactoe
859 974 930 1002 sunt
943 982 953 1002 .-
976 973 1097 1002 animus
1104 971 1277 1009 formidine
1299 971 1452 1002 attonitus
1467 974 1524 1009 est,
1541 975 1571 1002 et
1588 974 1706 1012 torpet:

247 1014 327 1045 nihil
354 1023 440 1044 mens
472 1012 594 1044 consilii
630 1023 736 1054 capere
766 1017 878 1054 potest.
928 1013 1018 1045 Vah!
1051 1024 1110 1054 qua
1137 1014 1257 1045 ratione
1279 1024 1320 1045 ex
1345 1015 1444 1045 tantis
1472 1014 1709 1055 difficultatibus

249 1066 296 1089 me
311 1056 489 1097 explicabo?
511 1059 669 1097 suspectus
687 1056 796 1094 factus
819 1066 888 1087 sum
912 1057 1066 1088 Sostratae
1078 1068 1088 1088 .·
1111 1057 1165 1088 illa
1181 1056 1281 1089 credit
1296 1066 1342 1088 me
1359 1056 1610 1099 liancfidicinam
1633 1066 1710 1088 meoe

858 1152 956 1164 ‘eet-e
961 1153 1100 1165 eeee‘ee·

250 1218 395 1250 videtur.
442 1218 483 1249 In
496 1218 582 1249 Mss.
596 1221 631 1249 et
647 1216 821 1258 impressis
840 1218 1008 1250 nonnullis
1024 1223 1078 1250 est
1093 1219 1218 1250 malum.
1240 1218 1350 1249 West.
1397 1217 1580 1249 Discrucior
1594 1218 1712 1249 animi:

249 1262 354 1293 hocine
368 1263 406 1293 de
421 1261 587 1302 improviso
602 1262 677 1292 mali
693 1261 770 1292 mihi
784 1262 892 1302 objici]
929 1262 986 1293 Sic
1014 1262 1157 1302 primum
1176 1271 1309 1292 versum
1327 1261 1507 1292 constituit
1529 1260 1680 1292 Faernus
1696 1271 1705 1291 ε

249 1305 311 1335 sed
336 1314 526 1346 perperam.
572 1304 611 1335 In
630 1304 814 1335 veterrimo
840 1309 971 1343 nostro,
992 1305 1176 1336 Discrucior
1191 1304 1288 1335 animi
1303 1304 1455 1334 clausula
1469 1308 1536 1343 est,
1560 1303 1631 1335 sive
1649 1313 1711 1344 per

250 1357 287 1379 se
304 1358 436 1379 versum
454 1347 643 1378 constituit.
678 1348 797 1378 Recte.
841 1348 896 1379 Sic
914 1348 1002 1379 enim
1017 1348 1125 1379 Varro
1141 1347 1231 1388 apud
1260 1345 1416 1377 Rufinum
1432 1347 1488 1378 De
1507 1346 1628 1377 Mettis
1646 1347 1710 1378 Co-

251 1391 347 1422 uiicis
365 1401 398 1431 p.
419 1393 515 1422 2707.
539 1391 548 1407 ‘
563 1391 670 1421 Varro
699 1390 731 1420 in
749 1399 816 1421 vn.
840 1391 882 1421 de
900 1392 1035 1431 Lingua
1051 1390 1198 1422 Latina:
1223 1390 1396 1421 Clausulas
1413 1399 1547 1430 quoque
1565 1389 1707 1429 primum

251 1435 442 1474 appellatas
458 1433 589 1472 dicunt,
611 1433 699 1474 quod
717 1433 920 1465 clauderent
937 1434 1162 1465 sententiam:
1188 1437 1225 1464 ut
1247 1431 1340 1473 apud
1357 1432 1514 1471 Accium,
1541 1433 1551 1450 ‘
1563 1431 1617 1463 An
1634 1433 1708 1463 haec

246 1477 319 1516 jam
336 1477 434 1507 obliti
449 1480 528 1507 sunt
546 1477 698 1516 Phryges
708 1476 729 1507 θ’
747 1477 997 1518 Nonnunquam
1017 1476 1058 1507 ab
1076 1476 1123 1507 liis
1137 1476 1271 1507 initium
1288 1475 1342 1514 fit,
1358 1479 1395 1506 ut
1412 1474 1501 1515 apud
1519 1475 1708 1514 Caecilium,

252 1520 261 1535 ‘
276 1520 319 1550 Di
343 1520 434 1559 boni,
457 1518 537 1560 quid
564 1519 660 1550 hoc?
682 1519 771 1559 apud
789 1521 1000 1557 Terentium,
1020 1521 1029 1537 ‘
1046 1519 1247 1550 Discrucior
1274 1518 1398 1549 animi?
1421 1519 1518 1549 Bent.
1566 1518 1708 1558 Repone

252 1572 292 1593 ex
308 1562 435 1602 improv.
451 1562 525 1592 niati
539 1562 581 1592 mi
595 1562 655 1599 oby'.
680 1562 732 1592 Id.
777 1563 868 1594 Disc.
884 1562 953 1602 am]
973 1562 1103 1593 Versus
1117 1571 1250 1602 novem,
1273 1561 1327 1602 qui
1345 1561 1397 1591 hic
1415 1563 1601 1601 sequuntur
1617 1561 1710 1591 dein-

253 1614 349 1645 cepS,
373 1610 410 1636 ut
438 1615 457 1635 a
484 1605 586 1635 Bent.
612 1605 789 1636 distinctos
814 1605 989 1637 habemus.
1014 1606 1100 1636 Peri.
1145 1605 1273 1636 Versus
1301 1603 1431 1643 priores
1455 1607 1585 1643 septem
1610 1603 1710 1643 hujus

252 1648 386 1686 Scenae,
410 1648 532 1678 misere
558 1647 715 1678 turbatos
744 1648 787 1679 ab
816 1648 915 1679 editt.
945 1657 1018 1688 nos,
1047 1648 1171 1689 partim
1196 1657 1272 1678 cum
1297 1646 1452 1685 Heinsio,
1484 1646 1551 1677 alia
1579 1646 1713 1678 ratione

253 1691 386 1721 facilius
414 1690 609 1721 ordinamus
635 1690 668 1720 in
694 1690 878 1729 Imubicos,
912 1691 969 1733 qui
998 1697 1127 1730 tamen,
1152 1701 1227 1732 quae
1255 1689 1355 1720 hodie
1380 1694 1433 1719 est
1462 1689 1610 1729 vulgata,
1644 1698 1711 1720 non

256 1743 372 1764 omues
389 1738 572 1773 assurgunt
588 1733 621 1763 in
638 1734 843 1765 octonarios.
868 1735 945 1774 Bip.
990 1734 1092 1764 Hunc
1111 1744 1158 1765 vs,
1176 1733 1300 1773 redigit
1326 1733 1356 1762 iu
1381 1731 1465 1762 duos
1490 1737 1522 1761 et
1552 1732 1710 1771 Bothius,

255 1777 311 1816 qui
324 1776 384 1806 dat
400 1776 497 1807 Hocc.
510 1776 587 1806 mihi
601 1777 674 1806 mali
689 1777 725 1807 de
740 1778 816 1817 imp.
830 1777 952 1816 obj.—2
975 1777 1032 1808 Sic
1049 1777 1107 1807 Fa.
1125 1776 1233 1807 dedit.
1278 1775 1327 1805 Tu
1344 1783 1469 1814 repone
1485 1774 1712 1805 Trochaicum

255 1823 506 1857 tetrametrum,
526 1819 676 1854 Tantum:
700 1822 734 1849 ut
749 1830 786 1851 nc
801 1820 875 1860 quid
889 1821 925 1851 de
947 1829 994 1850 me
1010 1820 1145 1858 faciam,
1167 1829 1234 1856 nec,
1259 1817 1334 1857 quid
1359 1827 1464 1856 agam,
1490 1820 1606 1848 certum
1629 1817 1713 1848 siet?

256 1863 323 1893 Nec
340 1862 371 1892 iu
389 1861 539 1892 secundo
556 1862 630 1892 loco
648 1872 710 1902 pro
724 1871 818 1902 neque
834 1867 904 1893 tres
920 1863 1026 1893 nostri
1041 1861 1212 1893 veterrimi
1228 1870 1304 1892 cum
1321 1865 1467 1900 quatuor
1482 1860 1555 1890 aliis
1571 1858 1711 1891 habent.

242 1904 345 1938 [Quid
367 1905 403 1935 sle
420 1914 479 1943 me,
503 1908 574 1935 tres
600 1914 641 1934 ex
668 1906 792 1935 nostris
815 1915 890 1936 cum
919 1905 1006 1936 Edd.
1035 1909 1118 1936 vett.
1142 1905 1240 1935 Bene.
1284 1902 1355 1942 Me]
1379 1903 1463 1934 GM.
1480 1904 1591 1934 deme.
1615 1902 1710 1933 Perl.

256 1948 308 1978 De
330 1946 392 1986 me]
416 1947 471 1978 Al.
495 1957 554 1986 me,
579 1951 707 1986 praeter
723 1953 880 1979 metrum.
909 1949 982 1988 Rip.
1029 1948 1162 1978 Tantum
1176 1950 1211 1977 ut
1234 1956 1341 1986 neque,
1363 1946 1437 1985 quid
1460 1955 1519 1985 me,
1543 1954 1609 1983 nec,
1634 1944 1711 1985 quid

255 2000 360 2029 agaim
377 1992 493 2020 certum
508 1990 582 2030 siet]
610 1991 708 2030 Vulg.
725 1990 798 2030 quid
814 1991 1000 2030 mcfaciam,
1016 2001 1071 2021 nec
1086 1990 1171 2030 quid,
1185 1991 1238 2030 &a
1261 1989 1365 2019 Bent.
1380 1987 1517 2019 codices
1533 1987 1710 2018 nonnullos

257 2038 409 2071 secutus,
434 2032 633 2073 quibuscum
657 2032 788 2064 faciunt
815 2034 854 2072 C,
889 2033 967 2064 Hel.
993 2033 1270 2072 trochaicumque
1297 2032 1384 2061 bunc
1413 2030 1622 2069 redditurus,
1642 2030 1712 2070 legi

253 2076 358 2116 jussit
379 2076 453 2116 quid
468 2076 505 2106 de
520 2085 567 2106 me
585 2075 616 2114 f.
660 2075 726 2106 Sed
745 2075 874 2106 frustra
890 2076 964 2106 talis
988 2085 1104 2106 versus
1121 2075 1325 2106 obturbaret
1341 2073 1501 2104 creticos.
1527 2073 1602 2104 Fac.
1628 2073 1715 2111 glos-

258 2128 350 2149 sema
377 2122 443 2150 est.
486 2117 616 2149 Durior
642 2127 758 2149 versus
781 2119 830 2149 rei
856 2119 1026 2158 congruit.
1049 2118 1147 2150 Both.
1195 2118 1261 2148 Nec
1277 2117 1350 2157 quid
1365 2126 1458 2155 agam
1475 2116 1611 2146 Br.-3.
1627 2118 1648 2146 4
1672 2116 1713 2146 Ιῃ

258 2161 442 2192 Codieibus
458 2160 657 2201 quibusdam
675 2166 727 2192 est
741 2161 907 2201 obstupuit.
931 2161 1046 2201 Atque
1063 2161 1110 2192 ita
1126 2160 1279 2192 correxit
1294 2160 1327 2190 in
1344 2159 1448 2190 Librn
1465 2168 1525 2189 suo
1543 2158 1714 2198 Guyetus.

264 2204 365 2235 West.
410 2203 555 2234 Membra
577 2206 660 2234 metu
676 2204 787 2235 debilia
801 2207 893 2235 sunt:
917 2205 1036 2235 animus
1062 2204 1171 2235 timore
1196 2203 1355 2242 obstipuit.
1401 2202 1530 2232 Pectore
1546 2201 1714 2232 consistere

258 2247 339 2278 nihil
351 2247 471 2277 consilii
486 2246 564 2285 quit.
595 2246 677 2285 Vah]
713 2247 766 2277 lta
784 2246 953 2278 Faernus:
979 2246 1038 2277 sed
1057 2247 1089 2277 in
1107 2247 1194 2277 liunc
1211 2245 1345 2276 modum
1363 2253 1478 2275 versus
1501 2243 1631 2279 rodiam
1657 2244 1715 2284 qni

260 2289 487 2321 Clioriambici
516 2292 613 2320 sunt:
640 2289 783 2320 Membra
808 2293 893 2321 metu
917 2289 1031 2321 debilia
1056 2292 1149 2320 sunt.-
1186 2289 1307 2319 ‹rnimus
1325 2297 1392 2327 proe
1409 2287 1517 2317 timore
1536 2286 1715 2326 Obstipuit.-

257 2337 380 2373 pectore
404 2332 570 2363 consistere
595 2332 641 2362 nil
665 2333 772 2363 consili
794 2333 873 2373 quit.
895 2333 998 2363 Bent.
1044 2332 1136 2362 Nihil
1158 2333 1267 2362 consil-t
1293 2331 1453 2371 quicquam
1473 2328 1589 2370 potest]
1613 2328 1716 2368 Vulg.

259 2376 341 2406 m'hil
355 2375 476 2406 consilii
491 2375 570 2415 quit.
613 2374 680 2405 Sed
705 2380 775 2407 vet.
791 2376 866 2406 cod.
885 2386 941 2416 ap.
960 2374 1057 2406 Liud.
1074 2374 1197 2406 consilii
1215 2373 1287 2413 quid
1312 2376 1435 2414 potest;
1458 2371 1546 2401 unde
1563 2374 1716 2401 nostrum

261 2428 376 2459 supra,
399 2417 488 2459 quod
516 2422 551 2448 et
578 2417 698 2447 Heins.
724 2419 890 2459 agnoscit,
919 2418 960 2449 ad
988 2427 1175 2449 sermonem
1203 2416 1349 2447 AEscliini
1375 2421 1410 2447 et
1439 2414 1588 2445 rationes
1614 2413 1717 2445 metri

262 2461 391 2502 aptius.
416 2461 496 2500 Bip.
541 2460 624 2491 GM.
643 2461 760 2500 script.
789 2461 918 2501 Obstup.
964 2460 1075 2492 Abest
1092 2458 1200 2490 consili
1224 2469 1242 2490 a
1260 2457 1422 2490 Guelf.2.
1470 2457 1562 2489 Valet
1576 2465 1638 2496 pro
1653 2454 1727 2496 quit

261 2504 296 2536 J.
322 2505 408 2535 Perl.
430 2503 501 2544 qui,
524 2503 676 2544 quamvis
696 2503 767 2542 jam
784 2504 912 2535 dixerit
926 2513 962 2534 se
978 2503 1036 2534 hos
1055 2513 1118 2534 vss.
1144 2506 1182 2532 ut
1205 2511 1223 2532 a
1248 2502 1351 2532 Bent.
1375 2500 1554 2532 distinctos
1578 2498 1719 2537 habere,

262 2546 410 2577 collocat
426 2550 541 2576 tamen
562 2545 626 2576 Vah
642 2546 676 2575 in
690 2545 755 2576 tine
773 2548 824 2577 sui
843 2555 958 2578 versus
975 2550 1006 2578 5.
1042 2545 1181 2577 Claudit
1196 2545 1275 2586 Bip.
1292 2554 1426 2576 versum
1442 2546 1475 2575 3.
1490 2550 1573 2573 voce
1584 2544 1720 2581 pectore,

265 2593 301 2620 et
317 2590 376 2620 dat
391 2588 560 2629 obstupuit.
607 2588 708 2619 Both.
724 2589 809 2629 legit
823 2600 831 2620 :

520 2630 665 2661 Membra
679 2631 794 2662 debilia
808 2635 894 2670 sunt,
916 2632 1036 2662 animus
1051 2630 1231 2672 obstupidus
1245 2632 1304 2670 est,

524 2674 650 2704 Pectori
665 2674 775 2704 consili
788 2674 832 2705 nil
846 2675 913 2714 quit
926 2675 1102 2705 consistere.

265 2718 370 2748 -4-’7
394 2716 436 2748 In
450 2715 552 2747 Bodl.
568 2716 601 2746 id
621 2715 731 2747 deest.
758 2717 802 2748 W
802 2720 859 2747 est.
907 2718 1062 2752 Quomodo
1086 2726 1134 2747 me
1156 2726 1196 2747 ex
1221 2715 1278 2746 hac
1301 2713 1462 2756 expediam
1482 2711 1574 2743 turba
1592 2708 1720 2759 Tanta?

264 2770 345 2790 nunc
361 2760 491 2800 suspicio
506 2760 544 2789 de
558 2768 605 2789 mc
618 2758 727 2789 incidit
742 2769 751 2789 .-
773 2770 869 2799 ncque
884 2769 920 2790 en
934 2759 1106 2799 immerito]
1136 2759 1193 2790 Sic
1220 2767 1335 2789 versus
1358 2755 1530 2788 ordinavit
1554 2754 1720 2802 Faernus,

267 2802 327 2834 sed
342 2803 442 2834 aliter
459 2802 662 2834 veterrimus
679 2806 816 2841 noster;
841 2806 879 2834 ut
905 2803 992 2834 scias
1019 2802 1204 2843 Magistros
1228 2805 1362 2833 veteres
1386 2798 1468 2831 nihil
1492 2798 1546 2829 hic
1572 2797 1719 2829 scivisse.
