1966 3302
544 222 889 255 ADELPHORUM
925 221 1035 251 Aer.
1071 220 1100 249 ι.
1133 220 1200 250 sc.
1234 220 1286 249 11.
1558 207 1642 248 (583

184 323 352 364 Omitto
367 336 383 363 τ
410 321 539 362 modo
560 320 665 375 quid
689 318 960 372 designavit!
1022 316 1105 357 Ml.
1138 316 1359 367 Quidnam
1381 315 1424 356 id
1445 316 1542 355 est'?

184 391 276 432 DE.
312 390 446 430 Fores
467 388 646 440 effregit,
669 392 796 441 atque
817 386 861 426 in
884 386 1004 428 aedes
1025 385 1150 425 irruit
1301 379 1322 386 ”

183 459 388 500 Alienas:
420 457 566 510 ipsum
586 456 824 505 dominum,
845 460 979 508 atque
1002 466 1174 494 omnem
1196 452 1423 500 familiam,

187 525 407 566 Mulcavit
428 537 567 577 usque
588 523 644 564 ad
665 526 871 564 mortem:
903 521 1064 574 eripuit
1085 520 1315 561 mulierem
1589 517 1640 557 lO

186 592 331 643 Quam
353 593 547 633 amabat.
607 590 814 632 Clamant
835 602 1001 638 omnes,
1022 586 1326 639 indignissime

188 661 371 701 Factum
393 673 502 700 esse.
565 659 666 716 Hoc
689 657 940 698 advenienti
960 658 1068 709 quot
1088 654 1207 703 mihi,
1231 652 1385 702 Micio,

188 729 378 770 Dixere!
441 728 492 768 ln
516 740 589 768 ore
610 711 665 766 'Et
686 726 803 766 omni
820 723 1004 778 populo.
1064 721 1283 774 Denique,
1365 773 1370 780 .

187 797 237 837 Si
258 795 568 837 conferendum
589 793 841 847 exemplum
861 797 943 841 est,
969 804 1052 831 non
1072 789 1248 831 fratrem
1270 787 1390 828 videt

187 863 274 905 Rei
294 862 394 903 dare
414 874 605 915 operam,
627 861 714 901 ruri
736 873 836 901 esse
857 871 1038 913 parcum
1055 870 1108 899 ac
1131 856 1323 897 sobrium
1339 855 1358 894 ‘l
1591 854 1644 895 15

191 931 373 972 Nullum
395 930 525 984 hujus
547 929 687 970 simile
707 927 888 970 factum.
949 925 1067 966 Haec
1089 938 1187 965 eum
1209 924 1288 973 illi,
1310 921 1468 972 Micio,

191 999 323 1047 Dico,
345 998 423 1038 tibi
447 997 653 1050 dicosgii
674 996 797 1036 illum
821 993 1041 1045 corrumpi
1065 992 1185 1033 sinis.

191 1065 275 1106 M1.
309 1065 506 1106 Homine
530 1065 728 1117 imperito
748 1075 968 1116 nunquam
991 1061 1230 1114 quicquam
1252 1058 1472 1113 injustius»,

191 1132 295 1184 Qui,
313 1133 397 1174 nisi
418 1131 536 1186 quod
557 1132 653 1187 ipse
675 1132 794 1182 fecit,
817 1130 925 1171 nihil
945 1134 1113 1170 rectum
1134 1131 1274 1181 putat.

193 1275 262 1306 M1.
288 1274 446 1310 Quidnam
466 1274 500 1304 id
526 1272 596 1306 est?
641 1273 709 1306 DE.
733 1274 865 1305 Portam
879 1271 965 1313 rupit
980 1271 1106 1307 (edium,
1121 1270 1155 1300 in
1171 1270 1253 1299 cedes
1273 1267 1389 1308 irrupit
1404 1266 1532 1307 alienas,
1546 1268 1647 1308 ipsum

192 1318 349 1349 dominam
374 1328 442 1348 cum
464 1317 545 1348 omni
564 1316 692 1355 familia
717 1316 903 1355 verberavit,
926 1314 1037 1346 ictibus
1052 1313 1210 1351 laceravit,
1225 1322 1261 1342 ac
1274 1320 1361 1351 paene
1376 1310 1500 1349 occidit,
1514 1313 1648 1351 pervim

193 1360 324 1392 abduxit
337 1360 509 1400 mulierem,
522 1361 608 1399 cujus
620 1369 724 1391 amore
739 1360 886 1400 impulsus
901 1361 978 1389 erat.
1026 1357 1136 1387 Omnis
1148 1355 1279 1396 populus
1294 1353 1440 1392 vociferat
1445 1364 1480 1383 ιιι*
1494 1354 1648 1391 nefarium

191 1404 288 1435 scelus
303 1404 495 1434 commissum
510 1412 584 1434 esse.
631 1403 714 1438 Quot
736 1403 814 1434 mihi
828 1403 886 1434 huc
901 1400 1048 1439 venienti,
1065 1399 1177 1438 Mitis»,
1189 1399 1243 1429 hoc
1258 1397 1500 1427 nuntiaverunt?
1534 1397 1652 1427 Factus

194 1450 241 1478 est
256 1447 352 1478 totius
376 1445 479 1486 populi
496 1445 609 1484 fabula
633 1449 663 1476 et
689 1447 823 1486 querela.
872 1444 961 1480 Quod
975 1444 1003 1474 si
1017 1443 1188 1482 esi-emplum
1203 1450 1370 1481 proponere
1386 1439 1463 1471 utile
1479 1442 1538 1478 est,
1552 1448 1650 1469 nomw

193 1489 330 1521 advertit
346 1489 486 1527 fratrem
507 1499 595 1519 suum
613 1489 828 1529 Ctesiphonem
849 1487 883 1518 in
899 1498 933 1518 re
946 1486 1107 1525 familiari
1123 1485 1262 1524 augenda
1276 1484 1412 1513 studium
1430 1492 1515 1512 omne
1530 1492 1655 1521 pone-re⁷

193 1532 291 1562 vitam
316 1533 425 1562 ducere
443 1531 619 1570 frugaliter
643 1534 669 1562 el
695 1534 900 1572 temperanter
915 1530 948 1560 in
967 1539 1044 1568 agro
1060 1526 1203 1558 colendo?
1228 1526 1343 1556 nullum
1361 1535 1491 1564 unquam
1507 1524 1653 1562 ejusmodi

185 1574 314 1612 facinus
327 1574 379 1605 ille
394 1584 486 1605 ausus
500 1578 556 1605 est.
606 1574 683 1605 Hoee
698 1584 767 1604 cum
783 1575 815 1604 in
831 1574 918 1604 illum
930 1573 1009 1610 dico,
1023 1572 1057 1602 in
1070 1575 1100 1602 te
1116 1571 1208 1601 etiam
1224 1570 1311 1600 dico:
1344 1572 1378 1598 ta
1390 1569 1477 1598 illum
1489 1567 1653 1608 depravari

196 1618 326 1658 pateris,
340 1617 446 1648 Milio.
490 1618 556 1648 Mi.
582 1617 717 1648 Homine
732 1618 842 1656 ignaro
863 1626 967 1647 rernm
994 1624 1150 1654 nunquam
1173 1612 1334 1653 quicquam
1359 1610 1584 1651 iniquius-suit,
1599 1610 1654 1649 qni

199 1660 279 1691 nihil
293 1660 506 1698 rectefactum
522 1660 670 1701 aestimat,
685 1660 747 1692 nisi
766 1661 844 1701 quod
859 1669 878 1690 a
892 1659 993 1700 seipso
1007 1658 1132 1696 factum
1146 1659 1203 1687 est.
1250 1656 1320 1686 DE.
1346 1654 1449 1689 Quare
1472 1654 1537 1684 hoec
1552 1653 1632 1684 dicis
1642 1656 1655 1682 'e

802 1761 1040 1776 eeeeeeee-eolo

196 1841 256 1872 Fa.
300 1839 356 1871 Sic
367 1844 403 1871 et
419 1840 527 1871 nostri
545 1840 712 1882 plerique.
738 1841 899 1872 Bene—7
926 1836 1166 1879 Dissignavit?]
1188 1838 1243 1869 Ita
1265 1836 1331 1868 Ms.
1371 1836 1504 1875 Design.
1521 1835 1604 1866 edit.
1623 1841 1658 1866 et

198 1893 276 1914 cum
292 1883 390 1923 signo
405 1884 631 1914 exclamandi.
656 1885 775 1915 Bruns.
820 1884 1022 1923 Dissiguatit
1038 1888 1074 1913 et
1088 1883 1174 1921 Eug.
1211 1880 1431 1919 Interrogant
1448 1884 1522 1918 post
1537 1879 1658 1917 desig-n.

199 1927 301 1957 Bent.
315 1926 408 1957 Perl.
424 1927 561 1957 Dimitto
575 1926 692 1958 Gnelf.
706 1930 805 1958 3.-9
831 1928 961 1957 Omnem
972 1926 1098 1956 omittit
1113 1923 1294 1964 Bip.f01·te
1309 1932 1371 1963 per
1387 1921 1658 1960 incogitantiam.

198 1971 284 1999 —10
307 1968 475 2008 Multovz't]
500 1969 628 2000 Omnes
645 1970 772 2010 antiqui
789 1969 880 2008 libri,
900 1969 1063 2000 Mulcavit.
1091 1969 1146 1998 Fa.
1191 1967 1246 1997 Sic
1269 1966 1334 1996 dno
1351 1975 1391 1995 ex
1404 1964 1528 1995 nostris
1545 1970 1657 1995 veter-

200 2012 287 2042 rimi.
309 2011 407 2042 Bent.
452 2013 620 2053 Mulcavit]
642 2013 680 2043 In
698 2013 783 2044 GM.
798 2018 833 2043 et
849 2013 908 2043 ΒΓ.
923 2012 1022 2042 Mult.
1067 2011 1136 2041 Sed
1152 2009 1326 2041 Victorius
1343 2012 1473 2045 censet,
1490 2007 1547 2038 ubi
1563 2008 1659 2037 mulc-

199 2057 269 2085 tare
285 2059 344 2084 ant
360 2055 491 2085 multare
508 2054 541 2085 in
554 2056 614 2085 liae
630 2056 877 2096 significatione
895 2056 1040 2095 legatur,
1055 2059 1137 2085 tnnc
1152 2052 1290 2093 legend.
1308 2061 1381 2082 esse
1398 2051 1540 2081 mulcare.
1564 2050 1658 2080 Perl.

201 2096 372 2136 Mulcavit]
397 2097 453 2127 Sic
479 2103 570 2128 recte
599 2098 730 2138 antiqui
760 2099 779 2129 1.
798 2108 828 2130 ο.
873 2099 940 2128 Alii
966 2098 1054 2128 male
1083 2101 1118 2127 et
1143 2098 1274 2126 usitato
1301 2103 1417 2125 errore
1442 2093 1554 2124 Mulct.
1580 2093 1659 2132 Bip.

203 2139 353 2170 Multae-it
381 2140 592 2180 Deum—12
617 2141 656 2171 In
683 2142 750 2172 Ms-
778 2141 869 2181 Lips.
887 2145 923 2171 et
939 2139 1167 2180 EP.junctin1
1198 2139 1337 2178 legitur,
1352 2137 1485 2168 Factum
1508 2145 1570 2167 esse
1592 2136 1659 2166 hoc.

203 2183 467 2230 VVesterhovius.
499 2182 614 2214 Guelf.
630 2186 661 2213 2.
687 2193 821 2225 quoque
844 2184 964 2223 pungit
991 2187 1067 2223 post
1084 2183 1093 2199 ‘
1107 2180 1194 2219 hoc‚’
1215 2190 1282 2211 non
1304 2185 1384 2221 post
1407 2182 1501 2209 ‘esse
1514 2179 1534 2210 :'
1558 2184 1593 2209 et
1609 2179 1658 2209 sic

203 2225 262 2256 ΒΓ.
278 2234 333 2266 qui
349 2225 409 2255 dat
424 2226 503 2265 quod
520 2235 581 2266 pro
597 2229 766 2266 quot.—-13
791 2226 910 2257 Dixere
919 2225 948 2266 J]
969 2225 1095 2256 Sustuli
1118 2223 1396 2263 interrogationis
1422 2227 1550 2253 notam.
1597 2222 1661 2252 Est

202 2268 292 2299 enim
309 2268 511 2299 exclamatio
535 2278 610 2299 cum
629 2269 864 2300 admiratione.
911 2268 1010 2299 Bodl.
1026 2277 1091 2298 non
1109 2267 1267 2306 agnoscit
1282 2265 1321 2296 τὸ
1335 2266 1427 2297 omni.
1450 2265 1559 2296 West.
1606 2264 1661 2295 In·

201 2315 380 2359 terrogent
394 2311 543 2342 Bennz.
557 2311 636 2352 Bip.
668 2313 738 2342 Dat
754 2313 811 2342 ΒΓ.
825 2312 957 2342 Dixere.
985 2311 1022 2342 ln
1037 2320 1100 2347 ore,
1116 2311 1254 2349 &cx—14
1279 2309 1363 2340 Mss.
1378 2314 1414 2339 et
1426 2308 1510 2338 editi
1524 2307 1661 2348 qnidam

145 2368 148 2369 ⁷
203 2359 349 2385 vetusti:
371 2357 503 2394 patrem.
527 2355 721 2385 West.—-l5
747 2355 964 2386 Vetustiores
993 2353 1100 2384 nostri
1124 2362 1244 2392 magno
1268 2361 1422 2390 nurnero,
1452 2351 1513 2381 Rei
1535 2360 1659 2391 operam

202 2398 290 2428 dore.
310 2396 413 2427 Bent.
439 2397 495 2437 qui
512 2397 561 2427 sic
587 2397 644 2428 dat
672 2407 747 2428 cum
774 2397 867 2428 Perl.
914 2398 986 2428 Dat
1016 2397 1072 2427 ΒΓ.
1095 2396 1165 2425 ruri
1190 2405 1266 2433 esse,
1291 2404 1417 2434 parcum
1446 2404 1482 2424 ac
1498 2394 1560 2425 sob.
1585 2394 1659 2424 Dat

205 2440 310 2471 Both.
334 2449 456 2479 operam
478 2440 556 2478 ruri,
570 2449 696 2480 parcum
718 2451 755 2471 ac
775 2440 926 2471 sob.—16
953 2440 1080 2470 Nullum
1103 2437 1194 2476 hujus
1217 2438 1316 2468 simile
1334 2436 1475 2475 fluctum]
1498 2436 1660 2477 Plerique

203 2482 279 2513 libri
295 2491 370 2513 curn
393 2482 660 2522 interrogatione
684 2483 754 2513 haec
778 2484 985 2524 exprimunt.
1032 2481 1133 2514 Quod
1163 2480 1243 2521 qnid
1267 2479 1330 2510 sibi
1346 2480 1441 2517 velit,
1463 2488 1530 2509 non
1550 2479 1660 2510 video.

208 2526 303 2556 West.
348 2524 465 2556 Nostri
492 2526 639 2556 universi
666 2535 740 2557 cum
765 2526 853 2557 Edd.
880 2530 965 2556 vett.
983 2524 1107 2563 sactum
1131 2523 1251 2554 simile.-
1275 2522 1470 2553 melioribus
1497 2522 1659 2552 numeris.

204 2568 304 2599 Bent.
349 2567 481 2599 Factum
509 2568 638 2600 simile!
672 2569 754 2599 dant
782 2569 883 2600 Both.
910 2569 1002 2599 Perl.
1048 2566 1141 2598 Facti
1167 2563 1284 2596 Guelf.
1314 2567 1432 2595 1.—lS
1457 2564 1524 2595 Ms.
1560 2565 1660 2595 Bodl.

205 2610 327 2641 Boend.
344 2615 381 2641 et
394 2611 485 2651 Lips.
503 2621 576 2641 cuni
596 2611 668 2642 EA.
684 2617 719 2642 et
738 2612 810 2643 ΕΡ.
827 2611 906 2641 nihil
921 2611 1085 2650 quicquam
1110 2608 1258 2646 injustius
1273 2611 1330 2638 est.
1358 2608 1464 2638 west.
1512 2607 1660 2638 Codices

204 2653 312 2684 nostri
328 2662 444 2684 omnes
456 2653 603 2692 injustius
614 2657 676 2684 est:
699 2654 811 2685 scribe
824 2654 927 2694 igitur
938 2653 1109 2691 injustiust.
1134 2652 1236 2682 Bent.
1283 2651 1436 2688 Injustius
1448 2653 1492 2680 est
1510 2650 1548 2681 R.
1565 2650 1662 2682 Liml.

207 2695 358 2734 Injustius
380 2700 424 2727 est
441 2696 485 2728 G.
510 2697 580 2727 ET.
597 2697 675 2727 EM.
704 2697 798 2727 West.
815 2697 847 2726 in
866 2697 945 2726 Add.
968 2696 1023 2726 Sic
1040 2696 1098 2727 ΒΓ.
1145 2694 1283 2733 Ιφῄαείἰιι
1300 2692 1340 2723 'st
1363 2693 1543 2723 Fert—19
1567 2693 1662 2732 Quia,

207 2738 267 2767 ‘nisi
283 2740 361 2778 quod
376 2739 439 2778 ipse
453 2740 539 2776 facit
566 2739 663 2771 Boot.
692 2740 788 2770 ll'est.
837 2739 926 2769 Nihil
944 2739 1011 2770 Ms.
1034 2739 1088 2769 Nil
1112 2737 1196 2768 edit.
1226 2737 1339 2767 Rruns.
1386 2736 1440 2766 De
1466 2735 1526 2765 hac
1554 2736 1662 2765 vaiic-

209 2785 280 2811 tate
308 2780 378 2812 fere
406 2782 553 2813 silemus.
599 2782 668 2814 flio
693 2783 796 2815 etiam
823 2782 953 2814 variant
975 2781 1051 2814 edd.
1097 2782 1255 2811 Ceterum
1277 2779 1360 2817 facit
1389 2777 1554 2811 Guelf.1.
1580 2778 1657 2818 Bip,
