1966 3302
441 529 746 586 AELII
848 527 1388 605 DONATI,

556 704 599 736 V.
622 704 661 736 C.
687 702 928 735 ORATORIS
952 704 1093 736 URBIS
1116 704 1283 745 ROMAE,

338 842 680 886 PRAEFATIO
714 844 787 886 IN
819 843 1144 886 HECYRAM
1176 845 1504 888 TERENTII.

194 1009 296 1048 ΗΜ
332 1010 481 1048 Fabula
513 1009 741 1061 Apollodori
777 1023 864 1048 esse
903 1009 1045 1048 dicitur
1078 1011 1243 1050 Graeca:
1289 1025 1378 1049 nam
1414 1019 1452 1049 et
1491 1013 1575 1063 ipsa
1608 1018 1649 1049 et

193 1074 406 1113 PuoRMro
438 1075 485 1112 ab
506 1074 643 1113 eodem
666 1074 848 1112 dicuntur
868 1087 955 1113 esse
975 1075 1201 1114 translatae:
1238 1089 1325 1113 cum
1360 1077 1520 1127 reliquae
1551 1090 1647 1127 qua-

194 1145 280 1176 tuor
310 1138 387 1176 sint
415 1138 623 1176 Menandri
654 1138 814 1176 Comici.
873 1139 1062 1176 HECYRA
1090 1148 1219 1178 autem
1249 1141 1403 1188 dicitnr,
1425 1141 1526 1187 ideo,
1556 1142 1649 1191 quia

194 1218 262 1254 per
282 1217 415 1254 socrus
436 1213 474 1243 et.
494 1218 648 1243 soceros
669 1205 708 1242 in
724 1218 770 1243 ea
786 1212 954 1256 aguntur
974 1205 1109 1244 multa.
1154 1207 1254 1244 Nam
1271 1214 1309 1244 et
1330 1208 1451 1257 ἑκυρὸς
1472 1214 1511 1245 et
1526 1208 1648 1255 ἑκυρὰ,

193 1269 316 1305 soceri
349 1283 505 1314 nomen,
527 1282 740 1320 socrusque
769 1269 1003 1320 significant.
1062 1269 1133 1306 Est
1161 1277 1290 1308 autem
1326 1271 1446 1308 mixta
1477 1271 1649 1308 motoriis

195 1333 342 1371 actibus
365 1347 409 1371 ac
423 1334 615 1372 statariis:
636 1333 878 1385 multumque
895 1335 1175 1372 sententiarum
1190 1342 1228 1372 et
1243 1335 1453 1385 figurarum
1473 1334 1652 1373 continet

194 1396 232 1433 in
267 1404 350 1435 toto
381 1397 496 1449 stylo.
567 1397 682 1435 Unde
712 1411 800 1435 cum
833 1397 1004 1436 delectet
1032 1398 1254 1449 plurimum,
1285 1411 1363 1435 non
1390 1399 1519 1436 minus
1545 1398 1649 1436 utili-

193 1461 286 1498 tatis
325 1461 437 1500 affert
475 1462 774 1513 spectatoribus.
849 1462 979 1512 Atque
1018 1461 1056 1498 in
1096 1461 1171 1499 hac
1211 1462 1346 1513 primae
1385 1469 1517 1514 partes
1557 1470 1650 1500 sunt

195 1524 388 1570 Lachetis,
405 1521 590 1563 secundae
605 1524 811 1576 Pamphili,
826 1525 951 1564 tertiae
972 1525 1170 1577 Phidippi‚
1200 1533 1351 1576 quartae
1368 1525 1621 1563 Parmenonis
1641 1538 1650 1563 ε

195 1601 241 1626 ac
270 1588 454 1640 deinceps
473 1589 630 1628 aliarum
648 1589 916 1641 personarum,
935 1604 1023 1640 quae
1043 1590 1104 1627 his
1126 1590 1322 1641 adjunctae
1351 1597 1454 1628 sunt.
1514 1589 1652 1627 Divisa

195 1659 256 1689 est
284 1661 427 1699 autem,
457 1661 501 1691 ut
525 1663 680 1699 ceterae,
711 1654 883 1704 quinque
914 1654 1076 1691 Actibus
1107 1653 1320 1704 legitimis:
1361 1667 1459 1704 quos
1490 1653 1529 1690 in
1560 1654 1653 1691 sub-

195 1716 286 1754 ditis
313 1716 612 1768 distinguemuS.
669 1718 715 1755 In
734 1718 809 1756 hac
830 1717 1023 1769 Prologus
1049 1724 1110 1756 est
1129 1725 1168 1755 et
1185 1718 1403 1770 multiplex,
1431 1726 1470 1757 et
1487 1718 1652 1756 rhetori-

195 1794 265 1818 cus
295 1781 423 1827 nimis,
451 1788 657 1834 propterea
684 1781 789 1832 quod
824 1795 927 1833 saepe
948 1783 1109 1820 exclusa
1139 1783 1225 1820 haec
1254 1783 1458 1820 Comoedia
1487 1782 1653 1833 diligen-

194 1845 342 1882 tissima
369 1844 598 1882 defensione
618 1844 834 1895 indigebat.
890 1846 1020 1896 Atque
1053 1847 1091 1883 in
1123 1846 1197 1884 hac
1225 1846 1399 1884 Protasis
1428 1845 1654 1884 turbulenta
1708 1854 1724 1866 ·

195 1916 268 1954 est,
300 1909 468 1959 Epitasis
510 1908 675 1955 mollior,
713 1908 811 1947 lenis
847 1909 1123 1961 Catastrophe.
1179 1910 1280 1948 Acta
1322 1923 1416 1948 sane
1450 1916 1511 1948 est
1549 1909 1651 1948 ludis

196 1972 506 2023 Megalensibus,
536 1974 656 2011 Sexto
676 1972 796 2016 Julio,
830 1973 878 2011 C.
896 1973 1052 2011 Rabirio
1074 1973 1266 2012 AEdilibus
1288 1975 1523 2012 Curulibus:
1554 1974 1653 2024 egit-

195 2050 269 2087 que
304 2037 345 2073 L.
372 2037 586 2075 Ambivius.
641 2036 871 2075 Modulatus
909 2044 971 2075 est
1003 2051 1088 2076 earn
1118 2039 1285 2077 Flaccus
1322 2038 1512 2076 Claudius
1547 2038 1650 2076 tibiis

195 2101 366 2151 paribus.
395 2102 495 2139 Tota
515 2101 655 2139 Graeca
666 2110 738 2147 est,
758 2102 940 2153 factaque
961 2109 999 2141 et
1015 2102 1121 2140 edita
1153 2103 1289 2154 quinto
1311 2103 1412 2149 loco,
1433 2103 1508 2141 Cn.
1532 2102 1652 2140 Oeta-

195 2165 270 2210 vio,
296 2165 340 2203 T.
364 2165 513 2202 Manlio
545 2166 659 2204 Coss.
717 2165 882 2203 Cantica
901 2173 941 2203 et
961 2166 1134 2204 diverbia
1163 2180 1314 2204 summo
1345 2167 1383 2204 in
1418 2166 1492 2204 hac
1521 2168 1651 2204 favore

197 2236 381 2279 suscepta
401 2236 502 2267 sunt,
559 2230 770 2280 Προτατικὰ
798 2230 838 2267 in
856 2230 931 2268 hac
959 2233 1151 2280 πρόσωπα,
1181 2231 1220 2268 id
1241 2238 1314 2277 est,
1335 2244 1514 2282 personae
1544 2240 1653 2270 extra

197 2301 466 2344 argumentum
496 2294 585 2332 duae
625 2301 731 2341 sunt,
766 2294 973 2332 Philotidis
1004 2302 1043 2333 et
1075 2296 1196 2346 Syrae.
1254 2296 1297 2332 In
1333 2302 1415 2332 tota
1449 2296 1654 2334 Comoedia

196 2357 271 2395 hoc
292 2358 432 2409 agitur,
461 2360 504 2396 ut
534 2372 595 2396 res
625 2372 737 2397 novae
757 2359 866 2405 fiant,
895 2372 968 2397 nec
988 2366 1116 2397 tamen
1149 2359 1381 2397 abhorreant
1402 2372 1424 2396 a
1441 2368 1653 2397 consuetu-

196 2420 298 2459 dine.
355 2420 597 2460 Inducuntur
626 2422 727 2460 enim
754 2423 952 2461 benevolae
984 2436 1141 2466 socrus;
1175 2422 1396 2461 verecunda
1426 2437 1569 2466 nurus;
1603 2424 1654 2461 le-

198 2485 380 2522 nissimus
401 2486 438 2523 in
456 2499 615 2524 uxorem
634 2486 809 2533 maritus,
831 2493 870 2524 et
889 2487 980 2525 item
1000 2486 1158 2525 deditus
1187 2487 1300 2525 matri
1330 2500 1411 2525 suae
1432 2501 1442 2530 ;
1472 2490 1652 2526 meretrix

194 2549 309 2587 bona.
