1966 3302
511 228 854 262 ADELPHORUM
891 225 999 255 Aer.
1023 223 1096 252 ιιι.
1128 222 1194 251 sc.
1221 221 1271 250 ιι.
1525 208 1609 248 713

174 329 377 370 Animam
397 327 560 380 recipe.
621 325 709 366 GE.
742 322 955 364 Prorsus!
1015 320 1092 360 So.
1126 316 1247 368 Quid
1280 315 1398 368 istuc
1433 325 1612 367 prorsus

347 408 446 448 ergo
468 394 554 434 'st‘?
604 392 692 433 GE.
723 390 951 432 Perimus!

173 463 338 505 Actum
359 461 435 502 'stl
495 460 572 501 So.
602 459 817 511 Eloquere
838 470 956 509 ergo,
977 456 1163 496 obsecro
1187 460 1243 502 te,
1265 450 1370 505 quid
1394 449 1463 489 sit.
1523 448 1611 489 GE.

341 529 467 571 Jam!
528 527 606 567 So.
636 524 882 577 Quidjam‚
905 523 1054 564 Geta?

172 597 262 638 GE.
294 595 558 638 AEschinus!
617 594 694 634 So.
727 592 848 642 Quid
870 592 908 631 is
931 590 1069 643 ergo?
1130 587 1220 629 GE.
1252 584 1436 625 Alienus
1462 586 1528 624 est
1557 582 1613 622 ab

342 667 485 704 nostra
505 661 687 702 familia.
748 660 825 699 So.
859 658 1002 699 Hem!

176 732 320 773 Perii!
351 730 515 784 quare?
575 727 668 769 GrE.¹
697 727 860 768 Amare
881 725 1055 778 occepit
1074 722 1217 764 aliam.
1277 719 1353 760 So.
1385 718 1469 759 Vae
1491 717 1617 757 mise-

343 811 403 837 rae
423 796 551 837 mihi!
1561 785 1618 825 29

173 865 264 906 GE.
296 863 456 917 Neque
477 863 522 903 id
543 861 716 903 occulte
735 860 841 901 fert:
873 859 929 899 ab
949 858 1103 898 lenone
1125 857 1246 910 ipsus
1267 854 1427 907 eripuit
1459 852 1619 906 palam.

174 933 252 974 So.
285 930 426 973 Satin'
447 930 530 970 hoc
551 935 716 970 certum
735 926 823 967 'st‘l
883 924 972 966 GE.
995 924 1198 965 Certum:
1221 922 1339 980 hit-*sce
1356 920 1496 962 oculis
1517 931 1619 972 ego-

343 1002 431 1039 met
452 997 559 1047 vidi,
588 996 803 1037 Sostrata.
864 993 942 1034 So.
976 990 1062 1042 Ah,
1240 980 1252 987 ‘
1278 982 1291 987 '¹

177 1167 236 1198 So.
264 1166 349 1202 Quid
363 1175 521 1207 properas,
546 1165 588 1196 mi
615 1161 721 1194 Gela?
765 1162 913 1193 Animum
937 1160 1057 1198 collige.
1103 1157 1169 1188 GE.
1194 1155 1339 1186 Omnino.
1386 1154 1445 1185 So.
1471 1153 1555 1188 Quid
1578 1153 1622 1183 is-

175 1210 231 1240 tud
243 1209 388 1241 omniuo?
434 1209 500 1239 GE.
525 1207 691 1243 Periimus,
715 1209 818 1236 actum
842 1208 886 1234 est
909 1205 946 1234 ‹le
968 1203 1066 1233 nobis.
1109 1201 1167 1231 So.
1192 1200 1328 1236 Enurra,
1352 1207 1463 1237 quoeso‚
1486 1205 1623 1235 quoenam

172 1251 283 1283 ressit.
329 1252 396 1283 GE.
419 1252 505 1282 Jam.
550 1251 607 1281 So.
633 1248 806 1286 Quidjam,
832 1248 941 1277 Geta?
985 1245 1052 1276 GE.
1078 1243 1255 1274 AEschinus.
1298 1242 1358 1272 So.
1384 1239 1582 1277 Quidigitur
1595 1238 1624 1268 is

169 1295 249 1332 fecit
260 1294 276 1326 ΖΡ
320 1295 386 1325 GE.
410 1293 570 1324 Alienavit
585 1294 722 1323 animum
736 1301 822 1321 suum
834 1301 852 1319 a
867 1289 973 1325 nobis;
996 1296 1098 1318 amare
1114 1285 1227 1325 incepit
1243 1284 1335 1314 aliam
1352 1282 1517 1321 virginem,
1532 1291 1622 1320 quam

177 1337 382 1377 Pamphilam.
428 1337 487 1368 So.
512 1334 623 1366 Hem!
644 1335 735 1374 perii.
781 1333 886 1367 Quare
907 1332 1025 1362 alienus
1042 1329 1150 1367 factus
1172 1330 1217 1358 est
1240 1338 1258 1357 a
1274 1325 1382 1357 nobis?
1428 1325 1493 1356 GE.
1517 1324 1623 1354 Aliam.

176 1380 317 1419 amicam,
346 1379 455 1410 relicta
485 1378 651 1418 PamphiLo
672 1377 747 1418 filia
775 1379 842 1413 tua,
868 1374 927 1404 sibi
942 1373 1062 1412 junxit.
1109 1372 1167 1402 So.
1196 1370 1249 1401 Voe
1273 1370 1390 1399 miserae
1413 1366 1512 1398 mihi!
1556 1367 1625 1397 GE.

178 1422 286 1462 Neque
314 1422 348 1453 id
378 1423 469 1458 celat,
500 1422 625 1461 ipsemet
651 1430 669 1450 a
694 1421 798 1450 lenone
822 1417 956 1457 puellam
979 1416 1010 1446 vi
1033 1414 1171 1445 abstulit.
1217 1413 1275 1443 So.
1298 1411 1422 1443 Satisne
1438 1411 1491 1440 hoc
1507 1412 1624 1440 certum

177 1464 294 1498 habes?
337 1464 404 1496 GE.
432 1465 523 1495 Certe
544 1463 593 1494 his
608 1462 702 1494 oculis
717 1465 834 1501 egomet
849 1458 1032 1500 deprehendi
1047 1458 1112 1497 hoc,
1137 1456 1291 1487 Sostrata.
1334 1455 1392 1485 So.
1418 1453 1447 1483 Ο
1467 1462 1512 1483 me
1527 1452 1619 1490 insor-

779 1575 836 1587 ‘ee
843 1574 1016 1587 detenet&

178 1678 252 1699 rum
266 1667 534 1699 Grammaticum
551 1667 716 1708 Guyetus,
731 1666 835 1697 verba
849 1667 922 1697 haec
938 1663 1119 1696 Cantliarae
1145 1660 1282 1695 nutrici,
1301 1668 1365 1689 non
1382 1659 1548 1690 Sostratae
1565 1658 1626 1689 tri-

178 1711 350 1750 buentem,
366 1715 487 1751 utpote
506 1711 693 1748 blandiora,
715 1719 814 1750 quam
832 1718 892 1749 pro
916 1713 1068 1738 matrona
1083 1710 1120 1736 et
1142 1712 1239 1734 servo
1265 1702 1368 1733 dicta.
1410 1702 1476 1732 Sed
1503 1701 1626 1732 etheri

178 1754 338 1794 heraeque
354 1753 459 1784 servis
476 1758 511 1784 et
525 1753 655 1784 ancillis
679 1751 952 1788 blandiebantur,
971 1749 1105 1790 quoties
1127 1756 1205 1777 usus
1221 1745 1390 1776 veniebat.
1435 1744 1518 1774 Tum
1536 1744 1627 1775 Geta

177 1796 267 1827 solus
282 1806 416 1827 omnem
431 1795 589 1827 familiam
607 1795 832 1826 sustentabat.
877 1792 1045 1832 Georgius
1061 1796 1174 1821 autem
1196 1788 1370 1819 Fabricius
1386 1786 1456 1824 illa,
1471 1786 1522 1816 hei
1537 1786 1626 1825 mihi,

179 1839 358 1870 Cantharae
377 1838 507 1870 tribuit.
537 1839 639 1870 West.
664 1839 729 1868 Cur
744 1838 853 1868 times?
875 1840 953 1878 post
968 1833 1182 1875 quidfestinas
1198 1830 1314 1863 Guelf.
1330 1832 1448 1861 3.—26
1472 1828 1629 1869 Apparet

179 1882 351 1912 Donatum
374 1881 521 1912 Animam
544 1882 677 1922 legisse,
699 1890 765 1911 non
780 1880 941 1918 Animum,
962 1876 1129 1919 quomodo
1155 1880 1270 1906 tamen
1294 1878 1345 1904 est
1365 1872 1398 1902 in
1427 1872 1626 1913 quibusdam

179 1924 264 1955 Mss.
285 1929 322 1955 et
344 1924 445 1955 editis
469 1923 771 1965 praestantissimis,
787 1923 868 1964 quia
883 1923 925 1952 de
940 1922 949 1938 ‘
968 1918 1131 1952 anhelitu’
1149 1918 1419 1956 interpretatnr3
1443 1924 1517 1946 cum
1533 1915 1541 1931 ‘
1558 1916 1629 1945 ani-

179 1965 268 1998 mus’
289 1966 338 2001 ad,
356 1968 665 1998 consternationem
697 1967 809 2006 potius
837 1963 1015 1996 referatur.
1044 1963 1138 1992 West.
1177 1959 1325 1991 Animum
1353 1959 1464 1997 recipe.
1506 1957 1627 1989 Placet

180 2008 260 2040 mihi
275 2009 377 2040 lectio
393 2009 551 2040 Bembini
565 2010 712 2040 Animum
726 2008 847 2048 recipe.-
871 2008 934 2038 hoc
955 2007 1042 2038 enim
1071 2010 1107 2035 et
1120 2002 1272 2034 Terentii
1287 2001 1410 2039 sensui,
1427 2007 1460 2030 et
1480 2000 1533 2038 iis,
1549 2010 1626 2041 quae

177 2053 246 2083 Do.
259 2051 303 2083 de
315 2052 464 2083 anhelitu
481 2052 578 2091 dicit,
591 2052 697 2090 magis
710 2052 864 2092 quadrat.
889 2050 950 2081 Fa.
983 2049 1087 2080 Certa
1099 2047 1201 2077 lectio
1213 2044 1382 2081 Animam3
1406 2048 1441 2073 et
1455 2043 1504 2073 sic
1518 2043 1627 2074 codex

181 2098 296 2125 noster
319 2097 393 2125 900.
421 2104 592 2126 annorum.
616 2095 713 2125 Bent.
728 2095 877 2125 Animum
902 2094 960 2123 ΒΓ.
977 2092 1017 2123 Ζ.
1041 2091 1212 2130 Ruga—27
1239 2088 1390 2127 Eloquere
1413 2086 1533 2116 obsecro
1554 2086 1628 2126 quid

179 2137 235 2168 ait.
272 2137 375 2167 Multi
397 2137 419 2167 1.
437 2147 463 2168 s·
480 2137 569 2168 inter
584 2146 666 2177 quos
683 2137 780 2167 Bem.
798 2141 875 2177 post
904 2136 1065 2175 Eloquere,
1089 2132 1217 2163 addunt
1240 2140 1331 2169 ergo:
1355 2128 1444 2169 quod
1473 2137 1552 2159 vero
1578 2139 1629 2159 se-

181 2180 309 2220 quitur,
326 2179 429 2209 etiam
443 2185 568 2219 praeter
585 2189 643 2210 eos
658 2179 762 2210 libros
778 2188 813 2210 et
830 2178 1073 2215 Basilicanurn,
1090 2176 1158 2206 Do.
1182 2174 1284 2205 habet
1301 2174 1362 2203 hoc
1378 2171 1490 2209 modo,
1507 2171 1628 2202 obsecro

181 2225 214 2253 te
229 2221 301 2262 quid
316 2222 377 2252 sit.-
401 2232 476 2262 qnae
505 2222 583 2253 mihi
606 2222 736 2262 plenior
752 2221 890 2252 videtur
916 2221 1044 2252 oratio:
1070 2216 1179 2248 versui
1203 2221 1297 2247 certe
1320 2216 1450 2254 optime
1474 2215 1633 2245 consulit.

183 2265 243 2296 Fa.
266 2265 420 2295 Actumst.
456 2265 607 2305 Eloquere
622 2274 694 2303 ergo
709 2264 830 2296 obsecro
847 2267 877 2294 te
888 2264 962 2303 quid
973 2263 1029 2293 sit.
1050 2261 1135 2292 Jam.
1168 2259 1251 2294 Quid
1267 2258 1337 2296 jum
1353 2257 1447 2288 Geta.
1491 2257 1546 2287 Sic
1571 2256 1628 2288 de-

182 2307 234 2338 dit
250 2307 309 2337 Fa.
327 2312 363 2338 et
376 2307 481 2338 ascito
495 2317 570 2347 ergo
593 2306 783 2338 Iambicum
806 2307 895 2336 inter
910 2304 1116 2336 Trochaieos
1133 2301 1229 2333 fecit.
1272 2301 1416 2331 Veteres
1435 2300 1540 2330 nostri
1556 2298 1630 2330 fere

183 2359 298 2380 omnes
324 2359 390 2380 non
415 2350 539 2381 liabent
565 2359 658 2388 ergo;
681 2351 740 2380 sed
769 2349 975 2380 recentiores
1002 2347 1150 2389 quinque
1174 2344 1312 2374 habent.
1358 2343 1461 2382 Lege,
1477 2344 1633 2373 Accumst.

181 2392 320 2433 Loquere
347 2402 421 2432 ergo
448 2392 569 2423 obsecro
597 2396 638 2424 te.
666 2393 766 2423 Bent.
797 2392 839 2423 Te
868 2390 996 2422 omittit
1025 2389 1125 2421 Both.
1154 2387 1288 2427 Loquere
1317 2395 1390 2424 ergo
1420 2385 1513 2416 Perl.
1542 2386 1631 2424 Ergo

183 2436 311 2465 omittit
337 2435 480 2466 Biz—28
504 2434 560 2465 Al.
584 2435 667 2470 Quid
691 2445 764 2474 ergo
790 2434 838 2465 is?
862 2434 930 2464 Pro
949 2433 993 2464 ‘ab
1012 2435 1119 2463 nostra
1144 2430 1201 2460 alii
1228 2439 1268 2459 ex
1295 2429 1347 2458 vel
1365 2439 1382 2458 a
1405 2431 1523 2459 nostra.
1561 2427 1632 2458 Pro

184 2477 269 2509 Hem
292 2477 490 2516 Bip.liabet
511 2478 574 2508 Hei
600 2478 723 2508 mihi.-
734 2480 775 2508 30
799 2477 917 2508 Codex
946 2485 1029 2506 unus
1055 2484 1074 2504 ιι
1095 2475 1210 2504 lenone.
1244 2471 1427 2502 palmerius
1453 2470 1634 2501 subdistin-

185 2520 279 2560 guit:
301 2530 320 2550 ιι
333 2521 455 2551 lenone.-
477 2520 564 2560 ipsus
577 2521 691 2560 eripuit
704 2521 816 2559 palam.
841 2520 944 2550 Bent.
973 2519 1002 2549 A
1018 2519 1123 2548 lenone
1138 2515 1301 2554 Bip.—31
1328 2513 1457 2544 Faerno
1475 2514 1631 2544 Donatus

185 2563 283 2603 legit,
296 2562 405 2593 Scisne
426 2563 481 2594 lzoc
504 2566 610 2593 certo?
632 2562 746 2603 Atque
770 2563 819 2593 ita
845 2562 946 2593 estin
967 2560 1039 2591 EA.
1058 2568 1132 2589 cum
1163 2557 1251 2597 apud
1270 2556 1427 2593 poetam,
1444 2561 1517 2586 tum
1541 2556 1630 2596 apud

184 2604 430 2645 Interpretem‚
451 2605 510 2636 sed
527 2610 562 2636 et
578 2605 643 2635 Ms.
662 2605 781 2635 Boeud.
814 2605 852 2635 In
874 2604 948 2635 aliis
966 2603 1060 2633 libris
1077 2606 1141 2637 est,
1157 2601 1216 2631 So.
1233 2598 1337 2630 Satin’
1361 2599 1415 2628 hoc
1435 2602 1539 2629 certo?
1561 2598 1630 2630 GE.

188 2647 293 2678 Certo.
327 2648 452 2678 Rursus
469 2648 504 2678 in
517 2648 589 2678 aliis
604 2648 779 2687 utrobique
796 2651 848 2677 est
866 2647 968 2677 Certe.
992 2645 1098 2675 West.
1116 2643 1160 2674 G.
1176 2648 1210 2673 et
1228 2642 1308 2672 EM.
1338 2640 1440 2671 Satin‘
1456 2641 1511 2671 hoc
1524 2639 1632 2673 certe?

187 2689 255 2720 GE.
289 2690 391 2721 Certe.
424 2690 519 2720 Ideni
545 2691 576 2720 in
602 2689 762 2721 Addend.
780 2688 856 2721 Ah!
897 2690 979 2719 Mss.
995 2692 1031 2718 et
1054 2685 1210 2725 impressi
1238 2684 1370 2725 quidam
1396 2684 1542 2719 veteres,
1570 2684 1633 2723 Ah,

186 2731 252 2761 nh!
274 2732 363 2772 quod
387 2733 502 2763 laudat
526 2733 652 2764 Rivius.
677 2733 773 2763 Idem.
819 2731 938 2762 Nostri
961 2731 1065 2767 Certe,
1081 2732 1185 2759 certe:
1210 2728 1262 2758 vel
1286 2728 1391 2764 Certo,
1409 2729 1502 2757 certo.
1528 2727 1630 2757 Bent.

192 2773 317 2805 Certum
332 2775 401 2809 'st3
432 2775 500 2808 GE.
521 2775 612 2807 Certe
623 2775 666 2807 Ζ.
698 2775 806 2809 Satine
828 2774 882 2806 hoc
901 2776 1005 2805 certe?
1041 2772 1108 2804 GE.
1129 2771 1233 2802 Certe.
1260 2771 1319 2802 Bt.
1347 2769 1403 2810 qui
1430 2769 1531 2800 etiam
1554 2767 1630 2800 Aa!
