1966 3302
278 212 361 252 714
770 224 807 253 P.
840 225 1079 257 TEREN'rn
1118 229 1228 259 Arni

280 315 356 358 Me
376 314 602 357 miseram!
633 316 737 370 quid
759 319 911 361 credas
923 321 1049 375 jam‘?
1073 328 1148 364 aut
1168 324 1239 381 cui
1260 323 1445 366 credas?
1476 327 1719 366 nostrumne

452 383 706 425 AEschinum
724 385 742 425 ‘2
1192 381 1240 389 *W

280 449 539 492 Nostrarum
561 451 694 492 vitam
717 454 941 496 omnium?
973 456 1016 496 in
1046 469 1134 510 quo
1155 460 1316 499 nostrae
1340 470 1461 511 speS,
1481 470 1718 512 omnesque

449 530 558 571 opes
579 518 678 560 sitae

279 584 441 637 Erant3
472 585 546 638 qui
580 586 672 627 sine
701 586 784 629 hac
812 587 992 642 jurabat
1023 602 1070 631 se
1102 603 1237 631 unum
1270 604 1488 645 nunquam
1507 592 1722 635 victurum

450 652 589 704 diem3

283 719 372 771 Qui
394 733 443 760 se
463 720 506 760 in
527 720 596 760 sui
616 721 778 773 gremio
795 724 1040 775 positurum
1062 737 1245 778 puerum
1266 725 1440 789 digebat
1457 726 1596 781 patris
1610 739 1639 783 3>
1666 726 1726 767 35

285 787 359 829 Ita
378 788 725 838 obsecraturum‚'
743 794 793 831 ut
813 790 966 853 liceret
987 792 1072 833 sibi
1092 793 1204 834 hanc
1225 788 1403 834 uxorein
1425 793 1598 835 ducere.
1642 795 1651 842 'i

281 854 368 896 GE.
401 855 540 905 Hera,
559 856 777 909 lacrymas
798 859 918 900 mitte
932 852 957 900 ‘s
977 873 1030 901 ac
1059 861 1224 914 potius,
1256 860 1375 914 quod
1407 861 1462 902 ad
1493 862 1604 902 hanc
1632 845 1723 902 r¹em

452 935 562 976 opus
584 927 668 974 est,
690 937 819 977 porro
841 928 1035 968 consule.

281 1038 444 1071 tunatam!
477 1039 626 1074 Quaenam
640 1049 688 1070 res
695 1038 764 1077 jam
779 1041 863 1071 credi
874 1045 986 1082 potest,
1000 1046 1054 1074 aut
1065 1043 1115 1074 cui
1129 1042 1245 1074 homiui
1259 1044 1425 1074 credatur?
1445 1046 1586 1074 nosterne
1600 1043 1726 1074 AE'schz'-

279 1093 337 1113 nus
358 1083 422 1113 haec
439 1081 545 1120 fecit?
568 1081 619 1112 ille
634 1083 716 1113 salus
732 1087 869 1114 nostrum
890 1084 1049 1117 omnium?
1078 1086 1110 1116 in
1126 1096 1182 1125 quo
1196 1095 1265 1126 spes
1279 1089 1402 1125 nostrae,
1417 1085 1518 1116 omnia
1533 1086 1609 1116 bona
1621 1089 1727 1117 nostra

276 1125 380 1166 posita
396 1127 508 1155 erant?
529 1124 579 1164 qui
599 1125 729 1164 jurabat
753 1136 784 1156 se
804 1137 840 1157 ne
863 1137 955 1159 renum
977 1129 1098 1168 quidem
1119 1130 1199 1159 diem
1219 1129 1286 1159 sine
1304 1128 1466 1168 Pamphila
1485 1128 1604 1168 spirare
1615 1138 1703 1169 posse
1715 1132 1729 1160 ‚⁹

280 1168 334 1208 qui
343 1168 541 1208 promittebat
556 1177 588 1198 se
600 1177 742 1207 puerum,
758 1170 809 1208 qui
823 1171 999 1202 nasciturus
1011 1175 1101 1207 esset,
1114 1181 1170 1211 pro
1184 1181 1237 1201 suo
1251 1171 1432 1209 legitimo'z'n
1447 1180 1502 1201 sno
1511 1171 1582 1202 sinu
1593 1172 1727 1211 positum

281 1212 478 1242 educaturum
488 1209 504 1242 ζ’
525 1219 557 1240 se
582 1210 666 1250 patri
687 1212 938 1253 supplicaturum,
951 1217 985 1244 ut
1007 1215 1201 1254 permitteret
1216 1224 1281 1244 eam
1294 1213 1355 1245 sibi
1370 1213 1564 1244 matrimonio
1569 1212 1727 1253 jungere?

283 1253 351 1286 GE.
377 1253 478 1293 Hera,
493 1253 596 1284 desine
610 1254 786 1294 lacrymari,
805 1265 841 1285 ac
853 1256 955 1296 potius
975 1258 1054 1297 quod
1069 1257 1108 1288 ad
1123 1258 1201 1288 hanc
1215 1266 1282 1288 rem
1302 1257 1426 1296 attinet,
1441 1257 1474 1288 in
1487 1259 1642 1297 posterum
1658 1266 1728 1287 con-

875 1350 1012 1363 ouom
1013 1352 1110 1364 ‘‘‘‘‘

282 1414 424 1446 omittit.
470 1414 598 1445 Certum
623 1414 745 1455 probat
761 1414 926 1455 Bip.-32
949 1415 990 1446 In
1007 1416 1169 1456 plusculis
1186 1417 1270 1448 Mss.
1288 1420 1323 1448 et
1338 1415 1415 1448 edd.
1431 1416 1566 1456 optimis
1584 1422 1635 1448 est
1657 1427 1728 1448 nos-

281 1461 364 1490 trum
378 1457 582 1493 AEschz'num5
603 1457 692 1498 qnod
708 1458 789 1488 licet
806 1458 848 1490 ad
871 1463 1016 1489 metrum
1034 1459 1143 1490 minus
1159 1465 1275 1499 aptum
1292 1461 1347 1499 sit,
1364 1460 1498 1490 videtur
1514 1463 1626 1490 tamen
1640 1460 1728 1490 subi-

283 1506 329 1532 tae
343 1500 555 1531 admirationi
571 1500 676 1540 magis
693 1500 831 1532 servire.
860 1501 960 1532 West.
998 1502 1150 1533 Nostrum
1160 1502 1341 1533 AEschinum
1349 1500 1380 1541 2]
1405 1502 1594 1533 Nostrumne
1606 1503 1730 1534 AEschi-

282 1553 354 1575 num
369 1543 494 1576 habent
511 1542 614 1582 aliqui
638 1543 714 1574 libri
737 1543 837 1574 etiam
863 1543 1004 1584 antiqui,
1019 1545 1106 1576 inter
1130 1542 1212 1586 quos
1228 1545 1326 1576 Bem.
1351 1554 1416 1585 qua
1436 1544 1584 1576 lectione
1602 1545 1730 1584 optime

283 1589 354 1617 stat
381 1585 584 1616 trochaicus,
608 1585 666 1617 Fa.
699 1586 783 1620 Quid
797 1586 867 1624 jam
892 1585 1025 1617 credas?
1050 1610 1057 1618 .
1077 1611 1084 1619 .
1103 1610 1110 1618 .
1126 1591 1266 1618 nostrum
1289 1587 1472 1618 AEschz‘num
1497 1588 1645 1618 Nostram
1667 1588 1729 1618 ΒΓ.

284 1627 444 1666 Quidjam
467 1629 584 1667 credas,
598 1631 653 1658 aut
667 1638 692 1659 a.
708 1629 832 1659 credas?
854 1639 884 1660 n.
902 1630 1094 1669 AEschz'num,
1113 1631 1263 1661 Nostram
1278 1630 1380 1662 Both.
1419 1630 1503 1666 Quid
1516 1630 1586 1668 jam
1601 1629 1730 1661 credas?

285 1671 377 1703 Peri.
400 1671 409 1687 ‘
428 1669 504 1701 Ah!
524 1680 570 1701 me
593 1671 747 1701 miseram.
784 1670 836 1703 At.
854 1672 1014 1703 omittunt
1040 1673 1103 1703 hoc
1120 1673 1263 1703 alterum
1280 1673 1331 1712 ah,
1347 1673 1435 1714 quod
1458 1674 1664 1713 geminatum
1679 1677 1732 1704 est

282 1714 316 1744 in
333 1713 387 1744 ed.
405 1717 522 1744 nostra
539 1717 665 1744 vetere.
699 1714 784 1746 Quae
798 1715 935 1745 omissio
952 1714 1049 1753 fecit,
1064 1720 1102 1746 ut
1118 1715 1196 1746 dein
1213 1716 1254 1747 al.
1273 1720 1392 1747 eontra
1407 1715 1503 1746 Bem.
1521 1720 1731 1756 praepostere

283 1757 469 1787 redderent
484 1756 555 1794 jam
579 1755 707 1787 credas.'
730 1756 895 1796 Bip.—33
921 1757 1049 1789 Omnes
1067 1758 1146 1788 libri
1163 1759 1283 1798 scripti
1300 1759 1348 1788 ita
1364 1758 1545 1797 coliocant,
1565 1767 1632 1798 spes
1647 1768 1731 1799 opes-

282 1810 340 1840 que
355 1808 469 1830 omnes.
494 1799 552 1831 Fa.
599 1799 745 1829 Nostram
759 1800 856 1830 vitam
870 1801 1024 1832 omnium:
1046 1800 1081 1831 in
1104 1811 1161 1840 quo
1185 1804 1301 1832 nostrae
1317 1811 1384 1841 spes
1405 1809 1531 1841 opesque
1546 1810 1648 1832 omnes
1661 1802 1731 1832 sitoe

284 1844 405 1873 Erant.-
421 1842 473 1882 qui
487 1841 552 1872 sine
567 1841 624 1872 hac
631 1840 760 1878 jurabat
774 1852 807 1872 se
823 1852 916 1873 unum
929 1852 1084 1884 nunquam
1097 1844 1251 1875 victurum
1264 1843 1356 1876 diem.
1379 1843 1435 1874 Sic
1449 1843 1585 1874 codices
1597 1852 1730 1874 omnes:

284 1884 386 1916 fallor
402 1890 528 1922 tamen,
544 1894 585 1915 an
603 1884 734 1915 Auctor
751 1885 798 1916 sic
815 1885 931 1916 dedit:
962 1887 1108 1917 Nostram
1123 1886 1261 1917 omnium
1273 1887 1392 1917 vitam:
1414 1886 1448 1916 in
1463 1895 1519 1926 quo
1534 1889 1649 1917 nostroe
1664 1896 1734 1927 spes

283 1938 412 1968 opesque
426 1937 529 1958 omnes
545 1927 638 1964 sitae5
665 1927 727 1962 Qui
741 1937 772 1958 se
786 1927 852 1958 sine
866 1927 1060 1965 hacjurabat
1073 1939 1169 1960 unum
1181 1939 1332 1970 nunquam
1345 1930 1500 1960 victurum
1514 1928 1605 1960 diem.
1628 1929 1731 1960 Bent.

286 1971 437 2001 Nostram
451 1981 481 2001 v.
497 1980 526 2001 o.
540 1971 563 2000 ι’.
579 1980 608 2010 q.
625 1980 655 2000 n.
669 1980 738 2010 spes
753 1980 879 2011 opesque
894 1981 952 2002 om.
976 1972 1036 2002 ΒΓ.
1083 1973 1234 2003 Nostram
1258 1972 1336 2012 Bip.
1362 1972 1401 2003 Z.
1419 1972 1512 2002 Peri.
1558 1971 1636 2012 Spes
1649 1981 1733 2012 opes-

284 2023 340 2053 que
365 2014 443 2053 Bip.
491 2013 642 2043 Nostrum
656 2013 790 2044 omnium
816 2015 848 2044 in
874 2024 932 2054 quo
956 2015 1032 2045 vitae
1052 2024 1119 2055 spes
1134 2024 1262 2055 opesque
1275 2017 1389 2045 nostroe
1403 2023 1508 2044 onmes
1523 2013 1605 2054 sitae,
1624 2014 1687 2049 Qui
1702 2023 1734 2045 se

286 2057 474 2088 Rom-35
500 2055 674 2086 Gerardus
704 2056 970 2096 Falkenbnrgius
995 2067 1055 2088 suo
1080 2057 1199 2089 Codici
1224 2058 1446 2098 ascripserat:
1468 2059 1477 2074 ‘
1492 2057 1558 2088 Qui
1581 2056 1664 2087 sein
1681 2057 1734 2087 sui

287 2099 416 2139 gremio
434 2097 621 2138 positurum
639 2107 779 2138 puerum
794 2098 945 2137 dicebat,
963 2101 1089 2140 patreis
1102 2100 1159 2131 Ita
1168 2101 1437 2132 obsecraturum.
1461 2100 1510 2130 Ut
1526 2099 1734 2139 primitivum

287 2143 331 2173 sit
348 2151 408 2181 pro
427 2141 616 2181 possessivo
632 2140 652 2171 :'
669 2141 700 2171 ἐν
712 2142 756 2180 τῷ
771 2141 880 2172 ἑαυτοῦ
895 2141 1008 2182 κόλπῳ.
1036 2143 1079 2173 In
1094 2144 1162 2174 Ms.
1179 2144 1271 2183 Lips.
1285 2147 1321 2174 et
1337 2141 1458 2174 Boend.
1472 2142 1598 2182 legitur
1613 2141 1735 2173 eodem

286 2185 399 2224 modo,
425 2184 487 2213 uisi
513 2183 601 2224 quod
622 2188 742 2223 patrem
768 2184 917 2223 habent;
941 2186 1108 2226 quomodo
1124 2190 1159 2217 et
1174 2186 1310 2217 Fabrini
1328 2184 1450 2223 edidit,
1465 2189 1501 2215 et
1515 2184 1644 2225 Juntae,
1658 2193 1734 2216 cum

287 2227 389 2257 Aido.
435 2226 616 2266 Scioppius
629 2232 663 2257 et
680 2227 723 2258 G.
737 2227 775 2258 F.
793 2227 1005 2267 existimant,
1020 2227 1058 2258 τὸ
1071 2230 1172 2268 patris
1187 2228 1316 2259 dictum
1333 2237 1394 2268 pro
1408 2226 1525 2267 putreis
1541 2228 1594 2258 vel
1607 2231 1735 2267 patres;

289 2270 384 2310 quasi
401 2269 575 2299 [Eschinus
592 2269 747 2306 dixisset,
771 2280 806 2301 se
822 2275 1004 2311 utrumque
1023 2277 1168 2310 patrem,
1192 2271 1376 2302 Micionem
1393 2269 1604 2309 adoptivum,
1620 2275 1654 2301 et
1667 2270 1738 2301 De-

288 2321 396 2342 meam
415 2312 593 2351 germinum
610 2320 683 2342 esse
707 2312 973 2344 obsecraturum.
1001 2313 1096 2344 West.
1145 2314 1208 2350 Qui
1234 2324 1266 2345 se
1291 2314 1325 2344 in
1350 2313 1400 2344 sui
1423 2312 1543 2351 gremio
1564 2312 1736 2350 positurum

287 2364 413 2395 puerum
430 2354 560 2392 dicebat,
575 2357 695 2394 patrem
711 2355 763 2386 Ita
777 2355 1016 2392 obsecraturum,
1030 2360 1065 2388 ut
1080 2357 1185 2387 liceret
1201 2357 1258 2387 sibi
1270 2357 1348 2386 hanc
1359 2364 1485 2386 uxorem
1495 2355 1613 2386 (lucere.
1637 2355 1735 2386 Bem.

290 2404 326 2428 et
344 2398 382 2428 V.
401 2407 460 2436 pro
484 2401 616 2436 patrem,
633 2397 758 2428 habent
773 2399 896 2437 patris‚·
919 2404 957 2429 ut
973 2399 1015 2430 sit
1032 2399 1128 2438 ordo,
1145 2400 1177 2429 in
1194 2400 1320 2439 gremio
1337 2398 1387 2429 sui
1404 2397 1508 2438 patris
1526 2408 1533 2427 :
1558 2398 1590 2428 in
1608 2398 1686 2428 Bas.
1703 2402 1739 2429 et

290 2440 461 2480 plerisque
479 2440 552 2469 aliis
577 2440 698 2478 legitur
721 2444 850 2480 patres;
873 2441 960 2482 quod
988 2447 1022 2471 et
1048 2442 1132 2472 hanc
1156 2442 1337 2472 lectionem
1365 2450 1408 2471 ex
1430 2444 1528 2480 parte
1545 2439 1734 2472 confirmat.

289 2482 388 2515 Quod
407 2491 486 2512 vero
503 2482 666 2522 sequitur,
689 2483 739 2513 ita
755 2483 938 2514 Bembinus
955 2484 1069 2524 habet,
1084 2484 1162 2515 hanc
1177 2484 1203 2514 si
1218 2493 1343 2514 uxorem
1359 2485 1486 2519 ducere;
1510 2487 1547 2513 ut
1563 2482 1735 2522 conjicere

290 2526 391 2555 detur
407 2525 447 2563 si,
464 2534 524 2563 pro
537 2524 607 2562 sibi,
622 2525 710 2556 sicut
728 2526 736 2542 ‘
750 2526 794 2555 mi
807 2525 814 2538 ’
837 2535 901 2566 pro
920 2528 929 2543 ‘
943 2526 1047 2566 mihi,'
1072 2529 1227 2568 antiquos
1245 2526 1440 2566 scripsisse:
1465 2534 1527 2555 nec
1543 2534 1622 2555 sane
1638 2526 1739 2556 aliter

290 2573 358 2599 stat
377 2577 502 2603 versus,
521 2567 583 2596 nisi
599 2573 656 2598 aut
672 2568 720 2598 ita
735 2568 873 2607 scribas,
888 2574 946 2600 aut
963 2574 1058 2600 certe
1075 2570 1108 2600 in
1121 2571 1294 2600 scansione
1308 2578 1380 2599 eam
1394 2568 1573 2598 dictionem
1590 2568 1621 2597 in
1635 2577 1736 2598 iniiam

290 2610 451 2650 syilabani
469 2609 668 2640 contrahas:
695 2620 771 2650 quae
788 2610 911 2641 deinde
936 2621 996 2651 per
1017 2612 1245 2652 synaloepham
1263 2612 1417 2642 elidatur.
1440 2610 1499 2642 Fa.
1545 2610 1655 2641 Patris
1669 2610 1736 2640 duo

292 2663 333 2682 v).
362 2652 483 2682 nostris
507 2652 677 2682 veterrimi
692 2662 700 2689 ;
726 2654 831 2683 ceteri
855 2657 969 2693 putres.
1014 2655 1123 2685 Porro
1150 2665 1190 2684 ex
1219 2653 1375 2685 Petrensi
1403 2652 1520 2683 codice
1547 2652 1737 2691 legendum,

291 2696 369 2726 lianc
385 2705 416 2725 se
433 2704 558 2725 1111'01'L’m
572 2696 690 2725 ducere.
714 2695 815 2726 Beut.
859 2697 958 2727 Both.
974 2706 1016 2727 ex
1033 2697 1112 2728 Hel.
1135 2698 1220 2737 legit
1246 2696 1309 2732 Qui
1324 2696 1405 2726 senis
1421 2696 1453 2725 in
1466 2695 1586 2733 gremio
1599 2695 1647 2725 sui
1664 2718 1672 2725 .
1685 2713 1714 2726 ,s
1729 2719 1737 2725 .

294 2747 327 2768 αι
344 2739 365 2769 I.
382 2737 457 2767 hanc
473 2747 503 2767 se
520 2747 549 2767 u.
564 2738 595 2767 d.
634 2738 693 2767 ΒΓ.
714 2740 831 2777 patres.
865 2738 979 2769 Gueif.
993 2742 1025 2770 2.
1041 2740 1123 2771 senis
1137 2740 1184 2770 sui
1201 2749 1262 2779 pro
1277 2748 1308 2770 se
1323 2740 1356 2768 z'n
1369 2737 1428 2768 sui.
1462 2737 1587 2777 Delph.
1608 2736 1738 2777 patris?

293 2782 439 2812 itae—36
461 2780 554 2812 Hanc
569 2779 629 2810 sibi
652 2779 712 2811 Br.
738 2780 831 2813 Perl.
873 2782 916 2812 Ut
933 2783 954 2813 l.
970 2782 1047 2813 hanc
1062 2793 1091 2815 u.
1106 2783 1138 2814 d.
1163 2781 1290 2823 Delph.
1329 2781 1372 2812 Ut
1387 2780 1408 2812 l.
1425 2779 1503 2811 hanc
1516 2789 1548 2811 se
1561 2789 1592 2812 u.
1606 2781 1637 2813 d.
1660 2780 1737 2821 Bip.
