1966 3302
329 230 416 273 902
824 238 863 267 ι’.
896 235 1136 266 TERENTH
1168 235 1285 265 Arm

333 337 459 378 PAR.
490 330 646 376 Visum
669 338 750 375 est.
825 333 956 374 PAM.
989 331 1191 373 Certen'?
1273 330 1397 372 PAR.
1428 328 1574 370 Certe.
1652 327 1780 370 ΡΑΜ.

505 403 628 444 Deus
650 415 759 452 sum,
784 401 822 442 si
844 402 925 441 hoc
947 401 1009 442 ita
1030 403 1111 440 est.
1171 398 1295 440 PAR.
1329 397 1493 438 Verum
1514 396 1714 449 reperies.

339 471 468 513 ΡΑΜ.
501 469 755 519 Manedum,
793 467 950 510 sodes:
983 467 1136 516 timeo,
1172 479 1226 507 ne
1267 464 1389 506 aliud
1424 463 1615 517 credam,
1654 468 1785 517 atque

509 537 630 578 aliud
656 536 849 577 nunties,

342 609 468 651 PAR.
499 605 680 647 Maneo.
761 604 889 645 PAM.
932 603 1008 644 Sic
1050 607 1092 643 te
1132 601 1315 650 dixisse,
1359 599 1529 654 opinor,
1570 599 1786 645 invenisse

514 673 802 728 Myrrhinam,
1761 663 1790 702 5

340 743 609 787 Bacchidem
631 741 838 782 annulum
859 752 986 780 suum
1007 738 1182 779 habere.
1239 735 1365 778 PAR.
1396 730 1599 776 Factum.
1661 732 1790 774 ΡΑΜ.

513 810 625 851 Eum
648 822 775 863 quem
798 808 904 850 olim
926 808 967 848 ei
990 807 1115 859 dedi;

348 955 431 986 Huic
446 955 493 986 rei
512 954 666 995 provisum
681 957 738 985 est.
783 953 884 984 ΡΑΜ.
906 950 958 982 An
978 950 1055 981 satis
1073 950 1298 981 consideratum
1323 951 1391 979 est?
1435 948 1528 978 PAR.
1549 945 1650 977 Salis.
1694 943 1794 975 ΡΑΜ.

343 999 482 1030 Deorum
503 997 660 1036 felicitate
678 997 786 1035 fruor,
815 995 843 1026 si
872 995 927 1025 hoc
956 1003 1062 1024 cerum
1092 997 1148 1024 est.
1207 993 1299 1023 PAR.
1342 991 1454 1022 Verum
1482 999 1546 1020 esse
1580 987 1795 1029 deprehendes.

344 1042 444 1072 ΡΑΜ.
469 1041 577 1079 Mane,
597 1050 721 1080 quoeso;
743 1048 851 1070 vereor·
865 1047 903 1068 ne
917 1036 1002 1067 aliud
1018 1035 1094 1067 mihi
1108 1036 1317 1075 persuadeam,
1333 1043 1369 1065 ac
1383 1038 1417 1064 ut
1433 1033 1510 1064 mihi
1524 1032 1658 1063 nuncies.
1701 1029 1794 1060 PAR.

344 1084 470 1115 Manen.
517 1084 615 1114 PAM.
640 1082 693 1113 Sic
719 1086 749 1113 te
776 1082 894 1112 dixisse
920 1079 997 1110 mihi
1022 1079 1149 1118 videris,
1172 1077 1372 1118 IUyrrhz'nam
1401 1075 1577 1115 cognovisse
1605 1072 1796 1105 Bacchidem

343 1137 432 1158 suum
447 1127 593 1158 annulum
607 1125 728 1157 habere.
752 1125 844 1156 PAR.
867 1123 920 1154 Sic
935 1122 1017 1154 dixi.
1041 1122 1141 1153 PAM.
1159 1121 1241 1152 Eum
1257 1120 1403 1151 annulum
1417 1119 1469 1159 qui
1483 1117 1558 1149 olim
1572 1117 1601 1148 ei
1616 1127 1635 1148 a
1649 1125 1696 1147 me
1706 1115 1798 1145 datus

953 1216 1194 1229 θύννοισι-’φο

347 1307 424 1329 nem
441 1295 568 1328 ordinis
583 1300 617 1327 et
633 1294 894 1326 constructionis
911 1303 998 1332 esse,
1014 1303 1052 1324 ne
1066 1303 1113 1323 me
1130 1293 1163 1323 in
1179 1292 1265 1322 breve
1280 1290 1427 1328 conjicias
1442 1293 1571 1329 tempus,
1585 1297 1660 1329 pro,
1675 1297 1713 1318 ne
1727 1285 1798 1318 'oon-

338 1341 437 1380 jz'cz'as
453 1341 486 1371 in
502 1340 590 1370 breve
614 1339 776 1378 gaudium,
794 1343 828 1368 et
851 1347 928 1368 mox
956 1337 1082 1367 Graeca
1110 1336 1293 1374 locutione,
1309 1333 1382 1371 frui
1405 1333 1460 1363 hoc
1474 1332 1558 1371 falso
1582 1331 1710 1370 gaudio,
1725 1339 1800 1371 pro,

341 1384 483 1421 fruendi,
500 1383 566 1419 vel,
580 1386 614 1412 ut
626 1382 732 1419 fruar.
778 1380 934 1421 Guyetus
958 1380 990 1409 in
1009 1379 1127 1420 glossis
1143 1377 1315 1409 ἆνεκδότοις
1332 1376 1380 1407 ita
1396 1375 1551 1407 ordinat:
1577 1375 1628 1405 Ne
1643 1383 1690 1404 me
1703 1372 1799 1411 conji-

349 1427 414 1457 cias
424 1425 494 1464 frui
510 1426 564 1456 hoc
581 1424 664 1462 falso
677 1423 793 1463 gaudio
810 1424 842 1454 in
859 1423 946 1454 breve
963 1426 1093 1462 tempus.
1139 1420 1238 1454 Quod
1255 1419 1343 1451 forte
1361 1430 1379 1450 e
1394 1418 1531 1450 Fabrini
1548 1417 1698 1447 editione
1714 1425 1802 1446 sum-

350 1470 406 1509 sit,
422 1468 478 1500 ubi
495 1469 612 1499 itidem
639 1468 687 1497 ita
710 1466 934 1505 construitur,
953 1466 1177 1505 vertiturque,
1199 1462 1351 1496 Accioche
1377 1465 1410 1492 lu
1436 1471 1495 1492 non
1519 1461 1563 1492 vni
1578 1459 1666 1497 sacci
1686 1459 1802 1498 godere

350 1515 456 1552 questa
476 1511 565 1549 salsa
579 1511 749 1550 “Megrezza
769 1510 803 1540 in
829 1513 932 1549 questo
962 1508 1050 1539 brere
1080 1511 1190 1547 tempo.
1235 1505 1408 1545 Intelligit
1427 1509 1539 1534 autem
1564 1504 1572 1520 ‘
1591 1503 1701 1534 Breve
1719 1507 1803 1532 tem-

352 1554 437 1596 pus‚'
463 1554 587 1584 durnin
606 1556 695 1584 aedes
710 1552 871 1592 Pliidippi
888 1553 1041 1582 intraret.
1066 1551 1207 1581 Codices
1219 1548 1354 1589 quidam
1371 1547 1489 1587 scripti
1507 1550 1542 1577 et
1557 1544 1713 1586 impressi
1727 1547 1804 1584 post

354 1608 407 1628 an.
426 1600 519 1629 1469.
546 1598 596 1627 Ne
609 1607 655 1627 me
672 1596 704 1628 in
721 1595 807 1626 breve
822 1596 877 1625 lioc
892 1594 1037 1633 conjicias
1052 1597 1180 1634 tempus.
1226 1592 1347 1623 Cicero
1363 1591 1457 1621 Fam.
1471 1598 1522 1620 νι.
1538 1591 1590 1620 12.
1614 1590 1623 1605 ‘
1641 1588 1716 1619 Neo
1731 1595 1803 1617 sum

353 1647 422 1672 tarn
438 1641 575 1677 stultus,
592 1644 630 1670 ut
646 1645 679 1670 te
696 1647 795 1669 usura
811 1636 887 1668 falsi
905 1636 1016 1676 gaudii
1042 1636 1108 1667 frui
1131 1634 1254 1666 velim!
1307 1634 1347 1665 In
1365 1633 1485 1674 quibus
1500 1631 1611 1662 verbis
1624 1627 1806 1661 manifesta

352 1684 499 1715 imitatio
513 1682 722 1713 Terentiana
738 1679 813 1712 est!
851 1681 950 1712 Il'cst.
994 1681 1002 1696 ‘
1016 1680 1067 1710 Ex
1088 1678 1256 1719 aliquibus
1270 1676 1376 1715 libris,
1404 1676 1493 1707 inter
1509 1684 1593 1716 quos
1609 1678 1645 1705 et
1660 1673 1753 1704 Vict.
1769 1679 1807 1703 et

353 1727 484 1757 ratione
500 1725 690 1764 Trochaici,
704 1724 801 1754 deleo
818 1732 1002 1763 pronomen
1018 1721 1093 1753 hoc-⁹
1120 1722 1179 1752 Fa.
1225 1722 1234 1737 ‘
1249 1719 1443 1761 Legendum
1458 1718 1624 1756 existimo,
1641 1716 1692 1748 Ne
1704 1725 1751 1746 me
1772 1716 1807 1745 in

354 1770 444 1801 breve
457 1768 597 1809 pellicias
612 1772 731 1807 tempus
753 1766 867 1806 gaudio
883 1766 1032 1804 lmcfalso
1049 1764 1145 1801 frui.'
1180 1764 1284 1794 Bent.
1336 1763 1345 1779 ‘
1360 1762 1515 1793 Insolens
1531 1759 1691 1801 loquendi
1707 1757 1808 1796 ratio,

354 1812 504 1850 conjicere
519 1812 649 1851 aliquem
664 1811 696 1840 in
713 1810 801 1840 breve
816 1812 942 1848 tempus.
989 1809 1090 1839 Bent.
1108 1807 1189 1847 legit
1206 1816 1242 1837 ne
1257 1816 1304 1836 me
1319 1805 1351 1835 in
1367 1805 1455 1836 breve
1470 1803 1610 1844 pellicias
1623 1802 1737 1841 gaudio
1752 1800 1808 1830 hoc

355 1857 434 1887 fuls-o
444 1855 528 1893 frui,
542 1854 600 1884 sed
618 1863 660 1884 ne
674 1854 747 1883 liaec
765 1851 900 1892 quidem
914 1852 1114 1892 conjectura
1126 1849 1362 1880 difficultatem
1380 1847 1489 1888 pellit.
1535 1843 1809 1881 Infinitivussrui

357 1899 496 1938 ponitur
522 1907 583 1936 pro
609 1898 650 1927 ad
665 1895 848 1933 fruendum,
864 1898 902 1924 ut
917 1904 1020 1935 supra
1036 1902 1091 1924 111.
1109 1896 1140 1923 2.
1159 1895 1210 1922 10.
1238 1891 1361 1921 introiit
1388 1889 1502 1920 videre.
1526 1898 1555 1918 v.
1582 1887 1740 1918 Perizon.
1765 1884 1806 1916 ad

357 1942 473 1972 Sanct.
490 1940 636 1971 Minerv.
655 1947 702 1969 ιν.
720 1941 751 1970 6.
767 1947 799 1977 p.
817 1936 904 1968 073!
924 1938 966 1968 R.
983 1937 1028 1968 D.
1068 1936 1076 1952 ‘
1094 1935 1148 1966 Al.
1165 1936 1196 1965 in
1211 1934 1300 1965 breve
1314 1934 1368 1964 ltoc
1383 1936 1513 1972 tempus.
1554 1930 1622 1962 Sed
1639 1929 1760 1961 Faern.
1772 1932 1810 1959 ut

359 1985 553 2015 consuleret
570 1982 754 2019 trochaico,
767 1979 894 2010 delevit
910 1980 976 2015 hoc,
1002 1978 1088 2019 quod
1107 1987 1170 2008 nec
1194 1977 1322 2007 habent
1345 1975 1427 2007 Cod.
1445 1975 1537 2005 Vict.
1553 1973 1687 2013 aliique.
1732 1970 1811 2003 Alia

358 2037 441 2058 vero
459 2025 640 2057 difficultas
656 2029 705 2055 est
721 2023 753 2053 in
771 2022 874 2054 verbo
886 2022 1043 2062 conjicias,
1055 2027 1087 2051 et
1102 2020 1356 2051 constructione
1370 2028 1444 2049 cum
1461 2016 1643 2053 infin.frui.
1686 2015 1808 2046 Sensus

360 2070 495 2111 quidem
511 2067 582 2099 fere
600 2067 688 2098 idern
705 2072 755 2097 est
772 2075 847 2096 cum
862 2065 954 2096 dicto
971 2066 1028 2096 illo
1044 2064 1171 2095 Heaut.
1188 2072 1227 2093 11.
1242 2066 1272 2093 2.
1290 2065 1342 2093 51.
1359 2071 1397 2092 ne
1414 2070 1460 2091 me
1475 2060 1509 2090 in
1525 2059 1669 2090 liz-titiam
1682 2057 1810 2095 frustra

359 2113 516 2151 conjicias.
560 2110 625 2141 Sed
644 2110 708 2140 alia
724 2110 823 2149 longe
839 2108 964 2146 verba3
996 2116 1105 2147 neque
1122 2105 1222 2136 facile
1247 2103 1430 2145 approbari
1447 2102 1615 2133 credimus
1633 2103 1668 2132 in
1693 2104 1812 2141 tempus

361 2156 451 2187 breve
463 2154 620 2193 conjicias,
634 2155 695 2183 ἃς.
720 2152 811 2183 Hinc
827 2152 928 2182 Bent.
947 2160 1007 2191 pro
1022 2149 1169 2188 conjicias
1185 2149 1312 2188 absque
1326 2146 1434 2178 Codd.
1450 2146 1509 2176 sed
1528 2154 1588 2185 pro
1604 2144 1737 2183 ingenio
1752 2151 1812 2174 suo

362 2198 471 2230 edidit
486 2198 519 2228 in
541 2197 586 2229 br.
610 2195 751 2237 pellicias
767 2198 790 2225 t.
814 2204 847 2231 g.
864 2194 893 2226 h.
912 2193 943 2232 f.
991 2194 1062 2225 Nos
1078 2191 1227 2229 facilins,
1244 2192 1270 2220 si
1288 2190 1496 2229 conjecturae
1514 2188 1608 2218 locus
1632 2187 1687 2224 sit,
1711 2185 1812 2216 aude-

362 2251 435 2272 mus
450 2252 459 2273 :
483 2250 520 2271 ue
533 2241 575 2271 mi
590 2240 622 2269 in
639 2239 684 2269 br.
703 2237 847 2279 conficias
866 2240 983 2277 tempus
998 2246 1032 2275 g.
1047 2234 1159 2273 h.s.s.
1177 2239 1212 2265 et
1228 2233 1395 2264 infinitivo
1412 2231 1619 2271 assignamus
1632 2229 1697 2260 vim
1715 2237 1813 2260 accu-

364 2284 477 2319 sativi,
498 2283 611 2322 gaudii
632 2281 732 2322 hujus
755 2280 992 2317 falsifructum.
1041 2277 1195 2319 Conficias
1209 2281 1321 2307 autem
1337 2274 1425 2306 foret
1441 2274 1529 2304 idem
1546 2283 1585 2304 ac
1600 2272 1744 2313 effectum
1758 2271 1813 2302 Ιια-

364 2328 433 2359 beas
459 2337 484 2358 s.
514 2326 595 2356 satis
618 2325 744 2355 habeas
759 2322 896 2354 fecisse.
929 2321 975 2353 cf.
1002 2321 1043 2351 ad
1068 2321 1155 2351 Eun.
1172 2330 1207 2350 v.
1223 2322 1254 2350 4.
1271 2322 1304 2349 6.
1349 2317 1404 2349 An
1420 2317 1515 2348 malis
1529 2315 1711 2354 conjiciam?
1732 2323 1814 2355 quo-

364 2369 465 2401 modo
480 2378 556 2399 mox
573 2369 706 2399 inverse
723 2376 752 2397 v.
769 2369 800 2397 4.
827 2365 911 2395 dicit
933 2365 1036 2399 timeo,
1052 2373 1090 2394 ne
1109 2363 1196 2394 aliud
1211 2363 1344 2400 credam,
1359 2365 1450 2401 atque
1465 2360 1550 2390 aliud
1565 2356 1712 2389 nunties!
1734 2357 1813 2396 Bip.

364 2414 373 2428 ‘
390 2412 540 2444 Verbum
556 2411 703 2449 conjicias
717 2409 959 2440 Terentianum
979 2407 1089 2446 Anglo
1104 2415 1170 2436 non
1183 2405 1325 2445 placuit,
1337 2404 1393 2444 qui
1408 2402 1547 2442 pellicias
1563 2399 1703 2441 praefert
1714 2399 1815 2430 Plau-

366 2454 498 2487 tinum!
523 2454 675 2485 Perl.—-3
702 2452 745 2483 Ο.
761 2452 781 2483 l.
800 2461 825 2482 s.
841 2454 960 2482 certene
971 2449 1108 2488 liabent,
1124 2453 1251 2488 praeter
1267 2448 1362 2478 Rem.
1375 2450 1409 2478 et
1423 2446 1517 2476 Vict.
1533 2444 1589 2485 qui
1605 2447 1706 2474 certen
1717 2453 1727 2473 .·
1749 2451 1815 2483 quo

366 2498 554 2539 posteriore
571 2495 672 2527 modo
689 2504 804 2525 versus
819 2499 872 2524 est
889 2493 1050 2524 trochaic.
1067 2491 1226 2522 catalect.
1242 2496 1280 2521 ut
1303 2489 1424 2527 ceteri,
1442 2492 1602 2527 correpta
1619 2492 1731 2517 tamen
1748 2485 1814 2516 hoc.

369 2542 430 2572 Fa.
475 2540 551 2571 Hoc
569 2544 674 2570 recte.
706 2537 822 2568 Nom-i
839 2539 970 2568 certene.
994 2536 1094 2566 Bent.
1141 2534 1212 2564 Iloc
1224 2533 1315 2563 delet
1331 2532 1431 2563 Both.
1448 2530 1525 2571 quia
1541 2529 1575 2560 id
1601 2530 1610 2546 ‘
1625 2528 1666 2559 ad
1682 2537 1816 2558 sensum

368 2589 421 2614 est
437 2583 576 2622 frustra,
600 2591 661 2611 nec
687 2584 825 2611 venuste
843 2580 924 2610 elisa
941 2588 1005 2608 vox
1029 2577 1068 2615 si,
1090 2586 1163 2617 quae
1182 2576 1254 2615 jaru
1280 2576 1350 2606 icta
1365 2583 1431 2605 non
1447 2571 1605 2613 liquescit
1622 2580 1663 2602 ex
1678 2569 1818 2611 regula!

367 2630 443 2657 —5.
458 2629 480 2656 6
502 2626 627 2656 Versus
643 2623 747 2663 prior,
763 2623 791 2653 si
818 2623 902 2653 lianc
928 2621 1105 2652 lectionem
1130 2619 1266 2658 recipis,
1291 2627 1352 2658 pro
1377 2617 1567 2647 Trocltaico
1584 2613 1753 2645 lambiens
1765 2612 1818 2644 fit.

369 2669 434 2699 Vel
452 2677 535 2707 ergo
552 2667 639 2698 Dixe
656 2667 759 2705 legas,
783 2675 844 2704 pro
869 2664 1009 2700 Dia-isse,
1025 2663 1077 2693 vel
1094 2671 1168 2693 cum
1197 2661 1314 2692 codice
1332 2659 1526 2698 Meadiano,
1543 2658 1675 2688 inverso
1691 2655 1820 2695 ordine,

371 2711 508 2741 Moneo.-
543 2710 595 2739 Sic
615 2709 731 2739 dixisse
753 2710 859 2748 opinor
875 2711 914 2744 te,
930 2706 1081 2737 invenisse
1104 2705 1303 2745 Myrrhinam
1320 2702 1509 2734 Bacchidem
1522 2710 1608 2730 suum
1623 2700 1750 2730 anulum
1763 2699 1819 2730 lm-

369 2754 450 2785 bere.
494 2753 629 2783 Anulum
644 2761 733 2781 suum
748 2751 854 2781 ceteri
870 2749 1027 2786 codice53
1052 2747 1110 2778 sed
1129 2748 1344 2785 veterrimus,
1355 2755 1428 2777 cum
1446 2742 1618 2781 Petrensi,
1631 2742 1728 2773 Sinam
1743 2751 1820 2772 anu-

369 2797 442 2828 lum.
488 2794 703 2827 concinnius.
738 2793 834 2824 Bent-
879 2793 922 2824 Te
936 2792 1064 2824 omittit
1082 2790 1184 2822 Both.
1198 2789 1378 2821 tacite.-6
1404 2788 1533 2820 [fficium
1549 2789 1596 2817 est
1611 2783 1727 2816 Guelf.
1743 2787 1820 2815 2.-
