1966 3302
579 197 792 228 HECYRAE
827 198 1022 243 ACT.1Y.
1057 197 1124 228 sc.
1152 197 1201 226 11.
1519 185 1604 226 869

154 296 307 350 Teque
329 299 428 338 ante
449 307 584 348 quam
606 307 675 335 me
698 306 843 334 amare
863 295 1004 342 rebar,
1026 294 1065 333 ei
1088 293 1148 332 rei
1170 291 1354 332 firmasti
1375 290 1522 332 fidem.
1572 292 1600 330 5

158 364 277 405 Nam
297 364 403 405 mihi
423 363 541 404 intus
562 366 665 404 tuus
687 366 814 416 pater
847 361 1043 403 narravit
1076 360 1223 411 modo,
1247 372 1335 413 quo
1368 364 1501 412 pacto
1537 371 1606 399 me

327 431 529 473 habueris

156 499 451 554 Praepositam
474 497 612 539 amori
644 501 747 537 tuo:
780 509 895 535 nunc
929 495 1009 536 tibi
1042 509 1112 535 me
1148 497 1316 535 certum
1349 496 1415 534 est
1448 496 1602 534 contra

327 567 512 620 gratiam

157 634 354 683 Referre,
375 637 423 674 ut
437 631 554 686 apud
573 645 643 672 me
665 631 893 685 praemium
917 643 1017 670 esse
1041 630 1236 683 positum
1258 629 1411 683 pietati
1434 628 1566 669 scias.

158 752 274 793 ciperet
288 754 391 785 odium
405 755 437 785 in
450 765 497 786 me
511 754 622 785 merito
637 763 702 784 meo
712 764 722 783 .·
745 756 775 784 et
791 755 955 792 antequam
968 751 1184 783 emistimaham
1199 755 1229 782 te
1244 761 1290 782 me
1305 760 1420 790 amare,
1433 751 1466 781 id
1480 750 1527 781 ita
1542 759 1612 786 vere

158 805 224 826 esse
239 797 438 838 confirmasti.
485 798 570 828 Nam
585 797 661 828 milii
673 798 764 836 paulo
781 799 851 826 ante
865 800 954 835 puter
970 799 1039 825 tuus
1054 794 1300 825 cmmnemoravit
1317 795 1460 834 quomado
1474 803 1518 823 me
1533 802 1615 833 [πω-

159 839 264 870 tulisti
288 841 398 879 amori,
417 850 475 880 quo
497 849 621 871 uxorem
642 838 890 880 prosequebaris:
915 842 942 868 et
960 848 1038 868 nunc
1056 838 1130 868 mihi
1146 837 1349 868 deliberatum
1365 840 1395 866 et
1411 837 1612 867 constitutum

158 885 218 921 esc,
242 882 379 914 vicissim
400 883 457 914 tibi
479 883 656 924 beneficium
682 882 876 917 retribuere;
900 884 934 911 ut
952 881 1008 911 tibi
1030 880 1226 917 mcmifestum
1240 880 1304 922 fiat
1320 880 1486 911 mercedem
1498 878 1614 919 pietati

769 976 1007 990 eeeeeeeeeeee

163 1043 386 1075 collocatione
403 1045 585 1076 verborum
602 1045 776 1086 impressa,
800 1055 875 1086 quae
901 1045 1020 1076 eadem
1047 1048 1097 1075 est
1121 1044 1154 1074 in
1181 1044 1278 1075 Rem.
1302 1046 1337 1073 et
1360 1041 1434 1072 aliis
1454 1040 1617 1082 antiquis,

163 1086 424 1127 emendandum,
448 1089 530 1119 licet
556 1088 821 1120 reclamantibus
849 1088 1004 1119 omnibus
1024 1087 1130 1123 libris,
1152 1088 1259 1117 illam:
1290 1091 1328 1116 ut
1355 1085 1411 1124 sit,
1434 1088 1470 1115 ut
1495 1088 1616 1124 caperet

162 1129 264 1160 odium
279 1129 365 1160 illam
381 1131 451 1168 mei,
474 1137 507 1162 et
525 1131 569 1162 sit
584 1131 680 1171 ordo,
705 1137 743 1162 ut
760 1131 872 1162 odium
889 1132 952 1161 mei
968 1135 1107 1170 caperet
1124 1130 1234 1160 illam:
1259 1129 1349 1159 sicut
1365 1132 1400 1159 et
1412 1137 1515 1167 supra
1531 1126 1615 1157 dici-

163 1177 241 1202 tur:
267 1172 502 1213 ‘Jampridem
530 1174 687 1214 equidem
716 1174 841 1211 audivi,
865 1174 997 1214 cepisse
1024 1173 1136 1203 odium
1164 1173 1213 1203 tui
1230 1170 1491 1202 Pliilumenam.'
1512 1170 1556 1200 Et
1580 1170 1616 1200 in

163 1215 348 1246 Eunucho:
375 1220 383 1232 ¹
396 1216 480 1246 Tum
498 1217 605 1247 sicubi
624 1226 700 1247 euin
717 1218 855 1248 satietas
872 1217 1055 1253 hominum,
1080 1220 1138 1246 aut
1156 1215 1271 1256 negoti
1296 1215 1323 1245 si
1350 1213 1483 1255 quando
1500 1212 1615 1243 odium

161 1257 327 1297 ceperat.’
351 1258 428 1289 Hoc
446 1264 480 1289 et
495 1259 666 1290 Ubaldino
684 1259 886 1290 Bandinello
904 1259 1073 1298 placebat.
1092 1259 1150 1290 Fu.
1175 1258 1216 1288 In
1245 1257 1374 1288 duobus
1391 1256 1516 1287 nostris
1533 1255 1618 1286 illam

164 1305 261 1337 erat3
287 1304 322 1332 et
355 1311 384 1331 m
418 1307 539 1341 postea
566 1311 710 1333 erasum.
737 1303 829 1334 Bent.
884 1302 977 1333 Illam
1003 1303 1062 1333 Fa.
1098 1306 1201 1332 recte.
1225 1301 1312 1331 Perl.
1344 1300 1400 1330 illa
1426 1299 1529 1330 odium
1556 1299 1617 1328 ΒΓ.

162 1346 198 1373 ut
217 1341 224 1386 1
245 1343 411 1384 Nunquam
427 1344 504 1385 Bip.
520 1345 623 1376 Both.
650 1350 685 1375 et
700 1355 778 1375 mox
800 1349 835 1376 ut
847 1346 951 1376 odium
966 1347 1087 1385 caperet
1101 1354 1167 1374 eum
1184 1344 1284 1375 Both.
1302 1343 1426 1380 taeite3
1443 1346 1450 1359 ‘
1464 1342 1518 1372 illa
1534 1341 1618 1371 Mss.

165 1385 306 1417 omnes?
334 1387 493 1418 Boecl.—5
513 1388 614 1428 Teque
629 1391 701 1419 ante
713 1398 803 1428 quam
818 1398 862 1418 me
878 1398 980 1419 wnare
994 1388 1095 1425 rebar,
1119 1387 1147 1417 ei
1165 1384 1478 1427 reifirmastifidem]
1502 1384 1618 1424 Guye-

163 1432 220 1460 tus
244 1428 326 1459 nihil
349 1430 535 1470 expediens
552 1440 685 1461 versum
703 1431 791 1461 hunc
809 1432 988 1471 expungit.
1035 1430 1103 1461 Alii
1120 1430 1213 1460 varie
1231 1429 1395 1466 laborant,
1417 1437 1527 1468 neque
1544 1436 1618 1457 sen-

166 1480 239 1502 sum
256 1478 390 1504 eruunt.
438 1472 534 1504 Ordo
557 1478 668 1505 autem
686 1475 820 1504 omnino
837 1474 890 1504 hic
906 1484 980 1504 esse
999 1473 1154 1504 videtur:
1178 1473 1187 1488 ‘
1205 1473 1251 1503 Et
1267 1471 1391 1512 quain,’
1416 1471 1438 1501 i.
1455 1480 1485 1501 e.
1512 1479 1618 1511 quan—

163 1518 301 1555 topere,
323 1516 332 1532 ⁶
349 1519 428 1547 ante
455 1516 554 1547 rebar
583 1522 615 1547 te
641 1519 755 1548 amare
778 1526 845 1557 me,
868 1517 898 1547 ei
923 1517 973 1547 rei
998 1516 1139 1547 firmasti
1164 1514 1290 1546 fidem.'
1328 1515 1378 1545 M.
1405 1513 1535 1544 omittit
1559 1513 1619 1544 rei.

164 1557 285 1589 Rivius
302 1568 477 1599 perperam
493 1559 606 1590 omitti
622 1559 715 1592 dicit.
763 1560 830 1592 Qui
855 1569 934 1590 vero
962 1570 1004 1590 ex
1029 1558 1216 1590 editoribus
1244 1557 1418 1596 omittunt,
1440 1558 1472 1586 in
1496 1555 1620 1596 quibus

167 1604 247 1631 sunt
262 1601 378 1633 Juntae
394 1606 429 1632 et
450 1601 571 1638 Aldus,
595 1603 643 1633 ita
670 1604 810 1643 legunt:
837 1603 948 1643 Teque,
971 1606 1135 1642 antequam
1157 1611 1205 1631 me
1229 1601 1315 1631 valde
1340 1609 1443 1631 amare
1467 1600 1567 1636 rebar,
1591 1599 1620 1629 ei

159 1642 300 1684 firmasti
315 1644 426 1684 fidem.
451 1646 559 1676 West.
603 1646 739 1686 Satagit
766 1646 820 1676 hic
846 1647 1023 1683 Douatus;
1047 1645 1118 1685 agit
1142 1644 1235 1674 nibil.
1282 1644 1375 1674 Unus
1392 1641 1621 1673 Academicus

166 1696 230 1726 pro
248 1687 341 1718 varia
354 1688 502 1719 lectione
517 1691 588 1719 ante
603 1699 699 1728 quem.
744 1688 810 1720 Sed
828 1688 937 1719 adime
955 1693 1062 1719 restat
1077 1686 1292 1718 ἀνακόλουθον·
1315 1686 1376 1716 nisi
1395 1686 1487 1725 legas
1507 1685 1622 1724 Tuque,

165 1733 238 1760 ante
251 1739 348 1769 quem.
395 1731 479 1761 Rem
501 1730 639 1762 conficit
655 1736 771 1762 noster
787 1732 1004 1770 veterrimus,
1030 1732 1130 1770 Teque
1151 1734 1222 1761 ante
1237 1730 1316 1769 quod
1339 1738 1386 1759 me
1401 1738 1503 1759 amare
1518 1728 1623 1767 rebar,

165 1771 195 1801 ei
209 1773 408 1814 reifirmusti
421 1773 534 1814 fidem.
578 1773 674 1806 Ordo
699 1779 773 1813 est;
801 1774 994 1815 ‘Quodque
1017 1779 1096 1805 ante
1123 1773 1234 1811 rebar,
1257 1778 1290 1802 te
1307 1781 1358 1802 me
1374 1781 1500 1810 amare,
1523 1771 1553 1801 ei
1572 1772 1622 1801 rei

166 1813 270 1846 fidem
296 1815 459 1847 firmasti?
481 1817 577 1848 Bent.
622 1817 724 1848 Hunc
747 1818 870 1856 locum,
886 1827 904 1847 e
920 1827 986 1858 quo
1003 1817 1115 1847 nullus
1132 1826 1249 1846 sensus
1266 1815 1343 1845 elici
1360 1818 1509 1854 poterat,
1534 1814 1621 1844 anti-

168 1866 310 1898 quorum
327 1859 487 1890 librorum
505 1869 571 1900 ope
598 1860 748 1891 restituit
775 1860 875 1891 Bent.
902 1861 942 1891 R.
958 1861 1001 1891 D.
1047 1861 1176 1890 Versus
1204 1859 1257 1889 hic
1275 1862 1325 1888 est
1352 1867 1436 1887 crux
1453 1857 1623 1896 interpre-

167 1905 242 1932 tum
266 1901 345 1932 inde
371 1912 391 1933 a
414 1902 503 1933 Don.
552 1903 691 1943 Duplex
717 1902 791 1942 ejus
818 1903 954 1934 nomine
982 1902 1153 1943 expositio
1180 1902 1316 1942 legitur.
1361 1900 1500 1930 Prima:
1524 1899 1623 1930 deest

165 1943 176 1959 ‘
192 1946 261 1974 tam
274 1944 294 1983 3⁷
315 1948 354 1975 ut
376 1945 422 1976 sit
447 1945 550 1976 ordo:
576 1949 606 1976 et
621 1956 711 1986 quam
726 1950 756 1977 te
772 1956 875 1976 amare
903 1956 948 1976 me
974 1946 1077 1985 rebar,
1098 1948 1219 1976 tantum
1232 1943 1374 1985 firmasti
1390 1943 1490 1984 fidem
1513 1943 1540 1972 ei
1565 1943 1624 1974 rei.

169 1985 260 2021 Alia,
283 1985 396 2018 forsan
411 1987 453 2018 ab
469 1989 555 2019 alio:
581 1989 663 2019 ordo
679 1994 714 2020 et
730 1998 845 2019 seusus
859 1989 911 2020 hic
928 1993 1003 2019 est:
1028 1993 1057 2019 et
1073 1990 1150 2028 quod
1167 1991 1238 2018 ante
1253 1987 1354 2023 rebar,
1377 1987 1404 2016 ei
1421 1986 1466 2016 rei
1481 1985 1625 2027 firmasti

161 2028 263 2068 fidem
287 2039 404 2060 meam:
426 2040 521 2070 neque
555 2041 602 2061 me
629 2031 762 2070 fefellit,
796 2033 874 2072 quod
903 2035 975 2063 unte
1007 2033 1106 2069 rebar,
1136 2034 1167 2061 te
1196 2040 1244 2061 me
1269 2039 1396 2059 amare:
1419 2038 1491 2059 nam
1520 2028 1548 2058 ei
1577 2029 1625 2058 rei

170 2071 260 2103 hodie
283 2073 425 2114 firmasti
449 2074 560 2114 fidem,
581 2074 615 2105 id
637 2078 695 2113 est,
714 2074 927 2114 probationem
956 2074 1106 2105 attulisti.
1152 2073 1309 2112 Interpp.
1343 2081 1434 2102 rece.
1467 2071 1543 2102 huic
1574 2071 1623 2101 ul-

171 2115 264 2146 timae
280 2116 463 2147 sententiae
479 2115 588 2147 ferme
605 2116 774 2148 accedunt
790 2127 917 2148 omnes.
962 2118 1028 2148 Sed
1056 2117 1171 2147 Bentl.
1195 2116 1258 2146 sibi
1276 2119 1353 2145 aute
1371 2114 1452 2145 alios
1474 2113 1625 2153 sapiens,

172 2159 306 2197 gravius
325 2158 428 2190 dicit:
454 2163 462 2176 ‘
478 2160 612 2199 Satagit
626 2159 680 2190 hic
697 2160 784 2190 Don.
803 2161 872 2199 agit
889 2161 981 2191 nihil.
1015 2161 1099 2190 Rem
1117 2158 1275 2190 conficiet
1291 2162 1407 2188 noster
1424 2157 1626 2188 veterrimus

175 2201 272 2242 Teque
295 2205 367 2233 ante
390 2202 470 2242 quod
492 2213 552 2241 me,
574 2205 627 2243 ὅγε.
673 2202 770 2233 Ordo
795 2207 868 2234 est:
891 2204 1027 2243 quodque
1042 2206 1114 2233 ante
1128 2201 1230 2240 rebar,
1245 2204 1274 2232 te
1290 2210 1336 2230 me
1351 2210 1410 2232 am.
1428 2200 1456 2230 ei
1472 2200 1517 2230 rei
1532 2199 1563 2237 f.
1582 2198 1627 2237 f.’

173 2244 466 2276 Quemadmodum
493 2252 605 2276 autem
629 2245 833 2276 veterrimus
849 2245 906 2276 ille
924 2245 1074 2276 Bentleii
1091 2251 1209 2285 aperte
1227 2253 1268 2274 ex
1288 2243 1396 2273 altero
1413 2242 1538 2273 scholio
1556 2252 1626 2273 mu-

172 2291 270 2319 tuum
286 2288 420 2328 accepit
435 2288 518 2318 illud
535 2289 624 2328 quod,
645 2288 694 2319 ita
710 2292 745 2318 et
761 2288 835 2327 ipse
852 2298 992 2329 magnus
1007 2289 1147 2319 criticus
1171 2287 1253 2317 nibil
1280 2286 1322 2316 ab
1340 2295 1381 2316 eo
1404 2285 1530 2316 diversi
1550 2294 1626 2326 pro-

172 2330 263 2362 tulit.
309 2330 438 2362 Donati
454 2330 590 2372 quidem
604 2341 631 2362 s.
644 2331 794 2372 quisquis
811 2331 842 2362 ei
858 2341 955 2362 suum
972 2331 1174 2368 attexuerit‚
1192 2332 1363 2369 postrema
1380 2328 1550 2368 expositio
1568 2328 1625 2358 ad-

168 2373 325 2414 juvetur,
348 2373 376 2404 si
391 2383 481 2413 quam
495 2374 602 2404 lenius
616 2374 777 2405 emendes
802 2375 836 2405 in
861 2384 963 2414 quum,
986 2378 1024 2405 ut
1048 2374 1091 2404 sit
1106 2377 1136 2404 et
1150 2383 1240 2413 quum
1256 2375 1328 2403 ante
1343 2371 1445 2409 rebar,
1461 2375 1492 2402 te
1507 2381 1567 2401 am.
1585 2381 1627 2402 m.

172 2417 225 2455 ᾄτ.
248 2416 311 2447 nisi
325 2416 421 2447 malis
437 2419 508 2447 ante
518 2427 608 2457 quam
624 2417 690 2448 dici
707 2426 769 2457 pro
783 2427 847 2457 proe
864 2427 955 2458 quam
968 2426 993 2448 s.
1009 2419 1122 2457 proeut.
1167 2416 1222 2446 Sic
1240 2421 1335 2446 certe
1352 2415 1457 2453 magis
1470 2414 1629 2445 laudaret

173 2458 235 2489 filii
250 2459 286 2489 in
302 2468 338 2489 se
355 2468 516 2494 amorem,
540 2469 641 2500 quam
656 2460 683 2490 si
699 2469 742 2490 ex
755 2461 865 2500 prima
880 2461 970 2491 Don.
987 2458 1197 2499 expositione
1211 2458 1340 2494 credas,
1364 2460 1508 2497 quantum
1522 2460 1552 2487 te
1566 2467 1628 2487 am.

174 2511 222 2532 me
237 2512 268 2533 a.
280 2512 309 2533 r.
324 2505 444 2533 tantum
458 2502 488 2532 ei
499 2502 546 2532 rei
559 2503 591 2540 f.
607 2502 639 2540 f.
663 2503 743 2543 Bip.
791 2503 890 2538 Quom
903 2512 948 2533 me
962 2502 1128 2533 Boin—7
1153 2502 1228 2539 Tuo,
1253 2510 1295 2531 cx
1312 2501 1511 2539 interprete,
1533 2499 1629 2530 delet

175 2544 278 2575 Botli.
300 2548 417 2576 certum
433 2554 478 2574 me
493 2548 539 2575 est
566 2545 688 2575 ssr.-8
715 2546 758 2576 Ut
774 2546 855 2584 apud
878 2555 923 2575 me
933 2545 1093 2585 proemium
1106 2554 1170 2575 esse
1182 2544 1312 2584 positum
1327 2543 1441 2582 pietati
1455 2542 1548 2582 scias]
1572 2542 1630 2573 Itn

177 2587 242 2618 edo
258 2597 301 2618 ex
316 2588 402 2618 Mss.
421 2587 643 2619 Leidensibus
660 2588 767 2619 tribus
785 2592 820 2618 et
836 2588 930 2628 Lips.
948 2597 1022 2618 cum
1041 2588 1113 2618 ΕΡ.
1127 2587 1250 2617 Venet.
1264 2586 1407 2625 Argent.
1421 2585 1530 2625 Lugd.
1543 2585 1629 2616 aliis.

176 2629 218 2660 Iu
236 2639 301 2661 uno
318 2631 401 2661 Mss.
417 2630 538 2662 Leidd.
565 2636 639 2660 est:
666 2633 700 2660 ut
720 2641 767 2661 >me
791 2632 874 2670 apud
898 2631 1060 2670 proemz'um
1081 2639 1146 2660 esse
1170 2630 1304 2669 positum
1326 2628 1405 2658 scias
1428 2628 1539 2667 pietati
1556 2631 1628 2658 tuce.

177 2672 245 2703 Ms.
263 2673 307 2704 G.
325 2683 386 2713 pro
402 2673 479 2712 illis,
494 2676 528 2704 ut
543 2674 623 2713 apud
644 2683 702 2711 me,
716 2674 811 2712 legit,
829 2674 872 2703 mi
889 2672 1062 2713 Pamphile.
1096 2672 1225 2711 Juntae,
1238 2671 1490 2707 Gambarellus,
1507 2670 1628 2708 Aldus,

181 2716 250 2746 Sto..
276 2720 312 2746 et
328 2716 412 2746 bona
431 2726 508 2755 pars
532 2717 671 2746 aliorum
690 2716 872 2754 editorum,
895 2715 1022 2756 pietatis
1046 2714 1219 2746 exhibent.
1252 2714 1311 2744 sed
1337 2713 1449 2754 pietati
1473 2713 1626 2744 defendi-

182 2764 237 2788 tur
253 2768 271 2789 a
288 2758 347 2789 Fa.
364 2762 398 2789 et
415 2759 504 2790 Mur.
548 2759 593 2791 Et
608 2759 757 2790 Latinior
774 2758 909 2790 videtur
925 2759 1064 2799 locutio,
1081 2757 1276 2799 similiisque
1292 2757 1339 2788 illi
1356 2758 1447 2788 Prol.
1462 2759 1513 2788 41.
1531 2757 1538 2772 ‘
1554 2764 1625 2797 pre-
