1966 3302
335 240 449 283 1026
840 251 881 280 P.
913 250 1154 282 TERENTH
1190 251 1307 283 Arm

343 347 535 390 Patruus
557 351 660 390 tuus
681 351 806 402 pater
838 351 906 389 est
942 347 1146 390 inventus
1181 347 1356 390 Phanio
1389 347 1517 391 uxori
1537 354 1641 394 tuae.
1699 351 1796 397 AN.

507 415 628 457 Hem
646 416 656 456 ἔ

337 484 458 535 Quid
482 484 548 524 ais
563 485 582 523 ’.Ι
643 482 734 524 GE.
767 482 881 524 Cum
902 483 999 537 ejus
1019 484 1255 526 consuevit
1277 485 1385 526 olim
1405 489 1542 527 matre
1561 487 1606 527 in
1628 487 1796 530 Lemno

505 551 774 593 clanculum.
1627 593 1634 595 „

336 619 492 660 PHoR.
516 619 745 660 Somnium
765 618 774 659 ἕ
806 618 918 660 utin'
940 618 1036 661 haec
1056 620 1280 673 ignoraret
1300 634 1429 663 suum
1450 623 1652 676 patrem?
1703 623 1795 666 GE.

502 685 691 741 Aliquid
714 687 901 738 credito,
1748 715 1775 733 ,<

334 754 558 805 Phormio,
579 760 676 797 esse
697 768 872 797 causae:
904 756 983 797 sed
1003 769 1071 797 me
1093 757 1264 798 censen’
1285 756 1489 811 potuisse
1512 757 1661 800 omnia
1736 759 1795 801 35

332 822 583 875 Intelligere
607 827 736 864 extra
756 823 935 874 ostium,
954 824 1074 864 intus
1096 838 1196 878 quae
1219 825 1328 866 inter
1349 837 1448 866 sese
1469 826 1558 879 ipsi
1579 826 1774 880 egerint'e

332 889 495 930 PHoR.
526 889 676 944 Atque
706 890 852 932 hercle
875 904 955 944 ego
975 904 1158 945 quoque
1193 893 1318 934 illam
1350 894 1554 936 inaudivi
1583 893 1793 938 fabulam.

501 958 593 1000 GE.
628 959 770 1000 Immo
791 959 926 1000 etiam
949 959 1083 1010 dabo,

332 1026 434 1077 Quo
448 1028 586 1079 mag-is
607 1025 760 1068 credas
777 1040 787 1068 ε
810 1031 997 1080 patruus
1013 1028 1182 1069 interea
1195 1029 1293 1069 inde
1308 1029 1393 1070 huc
1408 1029 1631 1082 egreditur
1650 1029 1790 1072 foras:

331 1094 470 1135 Haud
493 1095 630 1136 multo
652 1099 757 1149 post
779 1108 880 1136 cum
901 1091 1027 1149 patre
1048 1095 1164 1136 idem
1185 1096 1343 1150 recipit
1361 1108 1410 1137 se
1430 1096 1542 1137 intro
1563 1096 1731 1138 denuo:

330 1160 408 1203 Ait
428 1165 609 1216 uterque
630 1163 709 1203 tibi
730 1166 997 1216 potestatem
1017 1163 1117 1217 ejus
1138 1163 1358 1205 habendae
1378 1177 1426 1206 se
1449 1164 1568 1206 dare.
1731 1165 1792 1207 40

326 1283 493 1315 miratione
514 1284 755 1323 dignissimum.-
776 1289 909 1325 patruus
932 1288 1004 1316 tuus
1029 1286 1176 1318 Chremes
1197 1289 1367 1327 compertus
1389 1289 1436 1317 est
1453 1289 1546 1326 poter
1559 1286 1685 1318 Phanio
1700 1288 1794 1319 uxori

327 1330 400 1358 tuce.
447 1327 516 1357 ΑΝ.
542 1327 626 1357 Hem
639 1327 654 1359 !
675 1328 750 1368 quid
765 1329 833 1360 ais?
877 1328 945 1360 GE.
969 1329 1029 1360 Ille
1054 1329 1237 1369 (Chremes)
1257 1328 1507 1360 consuetudinem
1520 1333 1669 1360 secretam
1683 1329 1794 1361 habuit

325 1371 461 1410 ‹tliqimm
476 1369 510 1401 in
525 1370 642 1400 Lemno
665 1381 733 1401 cum
755 1371 875 1402 Plzunii
899 1375 1010 1402 ventre.
1058 1372 1130 1403 ΡΗ.
1157 1372 1229 1404 Hoc
1253 1373 1364 1403 somnii
1375 1372 1567 1414 figmentum
1587 1375 1645 1404 est.
1691 1372 1792 1405 Illane

326 1413 483 1443 Plautium
499 1414 601 1453 potuit
615 1423 674 1444 non
689 1423 870 1452 cognoscere
881 1417 1004 1454 patrem
1019 1419 1132 1446 suum?
1176 1415 1243 1446 GE.
1271 1416 1381 1454 Crede,
1395 1415 1558 1456 Phormio,
1575 1416 1712 1456 aliquam
1726 1425 1791 1447 esse

326 1466 514 1486 consumerer
526 1466 586 1487 non
596 1457 773 1494 cognoverit
783 1468 793 1488 .·
808 1459 863 1488 sed
878 1467 918 1488 an
933 1457 1102 1488 arbitraris
1115 1468 1160 1489 me
1174 1458 1312 1498 poluisse
1326 1459 1429 1489 omnia
1440 1459 1610 1498 percipere,
1625 1468 1694 1499 quoe
1709 1459 1793 1490 inter

325 1508 357 1529 se
374 1499 434 1538 ipsi
453 1499 537 1529 intus
551 1499 684 1538 egerint,
697 1510 764 1530 cum
778 1501 998 1531 extra'ostium
1011 1504 1149 1532 starem?
1185 1501 1258 1532 PH.
1283 1502 1329 1531 Et
1341 1511 1397 1541 per
1412 1501 1581 1532 Herculem
1596 1501 1662 1532 laceo
1675 1511 1791 1542 quoque

318 1541 432 1579 fabula
447 1542 525 1572 milti
540 1545 666 1572 narrata
682 1543 755 1575 fuit.
804 1543 870 1574 GE.
895 1543 982 1578 Quin
996 1544 1103 1583 etiam,
1115 1554 1173 1583 quo
1188 1544 1290 1583 magis
1302 1545 1336 1574 id
1351 1554 1456 1575 verum
1470 1553 1534 1574 esse
1549 1545 1657 1575 credas
1671 1545 1726 1576 hoo
1741 1546 1789 1576 in—

326 1594 418 1624 super
432 1586 532 1615 dicam
546 1595 556 1620 ;
576 1588 708 1624 patruus
723 1586 841 1616 interea
857 1596 872 1616 e
885 1596 1030 1626 gynoeceo
1045 1596 1196 1625 egressus⁷
1210 1590 1241 1618 et
1250 1587 1342 1627 paulo
1353 1590 1423 1627 post
1438 1586 1591 1618 illuccum
1603 1590 1694 1627 patre
1705 1587 1790 1619 intro

324 1637 434 1658 rursus
451 1637 588 1659 reversus
599 1631 658 1667 est,
676 1631 705 1659 et
722 1632 849 1669 uterque
863 1629 949 1659 dixit
961 1629 1019 1659 tibi
1040 1639 1072 1660 se
1082 1629 1266 1669 permittere
1278 1639 1345 1660 eam
1356 1629 1467 1661 habere
1484 1638 1611 1661 uxorem
1621 1641 1632 1661 .-
1657 1630 1791 1671 denique

934 1724 1171 1736 eeeeeeeeeee

322 1799 406 1828 nam,
430 1793 465 1819 et
492 1788 540 1820 sic
557 1789 642 1820 GM.
660 1789 874 1829 improbante
887 1790 982 1822 Perl.
1025 1791 1193 1833 mirificum
1205 1790 1322 1823 Guelf.
1339 1793 1459 1823 3.-—32
1482 1790 1652 1823 Priscian.
1668 1790 1786 1824 Instit.

323 1832 384 1862 Gr.
402 1841 455 1862 111.
470 1832 553 1863 citat
568 1835 657 1872 pater
673 1836 755 1863 tuus.
802 1833 915 1874 Aliqui
933 1834 1024 1874 libri,
1049 1836 1080 1865 in
1097 1835 1217 1875 quibus
1236 1835 1330 1865 Beni.
1350 1834 1399 1864 ita
1412 1834 1553 1874 habent,
1573 1837 1620 1866 est
1629 1837 1723 1874 pater
1737 1834 1786 1865 in—

321 1878 452 1905 ventus.-
471 1875 518 1905 ita
535 1880 569 1905 et
586 1876 766 1914 Donatus3
784 1886 860 1916 quae
875 1877 1053 1908 collocatio
1066 1877 1246 1909 verborum
1263 1877 1401 1917 adjuvat
1419 1886 1564 1907 versum.
1581 1877 1640 1908 Fa.
1665 1877 1786 1908 Nostri

322 1918 488 1958 plerique,
505 1918 646 1948 Patruus
662 1922 733 1948 tuus
747 1922 838 1958 paler
854 1923 921 1950 est.-
945 1920 1045 1959 male,
1062 1920 1140 1961 quia
1167 1921 1267 1951 Pater
1289 1920 1324 1950 in
1351 1919 1453 1950 Thesi
1477 1918 1662 1950 delitescit.
1686 1919 1785 1951 Bent.

321 1970 422 2000 quem
441 1961 598 2000 sequitur
626 1961 789 2001 Rip—34
817 1962 895 1993 Duo
912 1972 954 1992 ex
971 1964 1096 1994 nostris
1115 1968 1261 2001 vetereS,
1286 1962 1330 1992 Ut
1345 1962 1421 1992 ἠως.
1469 1961 1576 2002 Lege,
1605 1960 1682 1992 Utn'
1706 1961 1785 1994 hoec.

322 2003 447 2033 Horat.
471 2004 588 2034 ‘Utne
616 2008 730 2042 tegam
756 2013 880 2043 spurco
905 2005 1027 2036 Damae
1055 2005 1142 2035 latus
1156 2004 1178 2035 ,³⁹
1202 2005 1388 2035 Beue—36
1411 2004 1559 2043 Agebunt
1574 2002 1693 2035 Guelf.
1708 2006 1785 2036 3.—

321 2048 360 2076 37
379 2046 544 2086 Iuaudivi]
567 2046 622 2077 Ita
639 2046 790 2087 plerique
807 2056 923 2077 omnes
940 2048 1026 2079 Mss.
1061 2049 1105 2079 Et
1122 2047 1257 2078 videtur
1272 2047 1310 2078 In
1325 2047 1367 2077 ob
1384 2047 1587 2087 praecedens
1601 2057 1631 2078 m
1647 2046 1680 2078 in
1699 2057 1785 2079 voce

323 2088 425 2127 Illum,
450 2089 547 2129 quasi
574 2089 765 2127 abundans,
783 2090 978 2129 neglectum
1006 2101 1025 2121 a
1051 2090 1218 2121 nonnullis
1242 2089 1420 2121 Librariis.
1475 2089 1559 2120 Tum
1583 2091 1592 2106 ‘
1608 2088 1787 2122 inaudire’

320 2131 465 2161 maxime
483 2131 525 2161 de
543 2131 644 2162 rebus
661 2131 806 2162 occultis
831 2132 969 2172 dicitur,
993 2133 1102 2173 qualis
1127 2138 1202 2163 erat
1226 2131 1440 2164 consuetudo
1458 2132 1548 2164 inter
1565 2132 1784 2165 Chremetem

319 2178 353 2204 et
370 2183 510 2205 uxorem
530 2174 717 2206 Lemniam.
745 2174 847 2206 West.
892 2175 934 2205 P.
962 2176 1065 2215 Atque
1080 2175 1180 2207 hercle
1195 2185 1251 2214 ego
1266 2185 1383 2216 quoque
1398 2175 1482 2205 illam
1497 2174 1607 2206 audivi
1620 2174 1782 2216 fabulam]

320 2215 376 2246 Ita
394 2217 470 2247 libri
487 2218 592 2248 nostri
607 2228 615 2255 ;
633 2217 690 2247 sed
710 2217 866 2248 Donatus
882 2217 1041 2258 legebat;
1067 2218 1160 2249 Illam
1176 2218 1340 2255 inaudivi;
1364 2218 1513 2257 Plautus,
1529 2218 1654 2259 inquit,
1665 2218 1699 2249 in
1713 2218 1782 2248 Mi-

318 2259 371 2289 lite
385 2260 542 2298 glorioso:
561 2261 644 2290 Nam
658 2260 714 2290 hoc
728 2264 961 2298 cognomentum
973 2261 1074 2301 poetae
1090 2271 1154 2292 esse
1166 2260 1319 2292 inaudivi.
1359 2260 1415 2291 Sic
1431 2259 1602 2291 editiones
1618 2270 1778 2301 nuperae:

319 2303 377 2332 sed
397 2307 505 2341 vetum,
526 2302 611 2333 Nam
628 2303 683 2332 Ιιοι·
697 2302 906 2334 columnatim.
943 2304 1095 2343 Repone,
1125 2304 1212 2334 Nam
1225 2313 1258 2333 os
1271 2304 1479 2334 columnatum
1499 2303 1600 2343 po‘e'tae
1614 2313 1678 2334 esse
1691 2304 1781 2334 inau-

318 2345 383 2375 clici
402 2345 556 2376 Bar-baro.
615 2346 723 2376 Extat
745 2346 778 2376 in
794 2346 870 2376 Mil.
888 2345 985 2377 Glor.
1001 2356 1041 2377 n.
1059 2349 1089 2378 2.
1106 2349 1159 2378 56.
1206 2347 1370 2377 Ceterum
1397 2346 1460 2376 hoc
1488 2346 1555 2376 noli
1583 2346 1782 2378 Phormioni

319 2388 524 2426 attribuere,
541 2387 600 2419 sed
617 2398 694 2419 cum
712 2388 831 2419 codice
847 2387 1060 2420 Academico
1077 2388 1279 2429 Antiphoni.
1303 2388 1344 2420 Id
1362 2397 1404 2418 ex
1418 2397 1581 2428 responso
1598 2388 1783 2428 constabit,

318 2429 375 2460 nbi
393 2431 547 2470 Patruus,
564 2430 635 2461 Tibi
646 2434 844 2471 potestatem,
863 2431 905 2462 Te
916 2432 1105 2472 requirerem
1121 2433 1162 2463 ad
1183 2431 1413 2472 Antiphonem
1430 2430 1639 2464 referuntur.
1683 2431 1781 2464 Prae-

320 2477 425 2511 terea,
443 2475 515 2513 jam
532 2473 631 2504 modo
647 2474 782 2504 dixerat
807 2473 980 2512 Phormio,
1006 2474 1182 2513 Somnium,
1203 2478 1278 2506 utne
1292 2475 1349 2505 illa
1363 2474 1525 2513 ignoraret
1545 2477 1692 2515 patrem?
1706 2483 1780 2506 nou

318 2516 479 2546 convenit
497 2525 589 2556 ergo,
601 2521 639 2547 ut
653 2517 815 2548 continuo
831 2517 947 2557 addat,
962 2528 994 2549 se
1011 2527 1078 2549 rem
1090 2517 1180 2557 prius
1193 2517 1392 2549 inaudivisse.
1415 2517 1558 2558 Repone
1573 2517 1692 2558 igitur,
1709 2516 1778 2548 ΑΝ.

318 2558 420 2598 Atque
435 2559 535 2590 hercle
551 2569 606 2598 ego
621 2570 738 2600 quoque
751 2561 839 2590 illam
853 2560 1158 2598 inaudivisabulam.
1204 2559 1317 2592 Recte
1333 2572 1340 2590 :
1366 2559 1519 2600 Antipho
1534 2559 1714 2599 inaudivit,
1723 2559 1780 2601 qui

319 2607 484 2641 cognatus
514 2606 549 2632 et
575 2601 776 2641 familiaris;
800 2612 868 2633 non
894 2603 1067 2643 Phormio,
1088 2603 1146 2644 qui
1169 2602 1300 2634 alienus
1324 2609 1358 2634 et
1384 2603 1533 2642 ignotus.
1577 2602 1656 2634 Sine
1672 2601 1780 2634 dubio

318 2643 419 2678 igitur
439 2653 516 2675 vera
531 2645 602 2676 haec
620 2645 724 2676 lectio
741 2652 805 2676 est.
829 2646 927 2676 Bent.
952 2656 1051 2686 quem
1069 2650 1259 2686 sequuntur
1275 2646 1354 2686 Bip.
1369 2645 1470 2677 Both.
1488 2645 1583 2677 Peri.
1602 2649 1638 2677 et
1653 2643 1779 2685 probat

320 2686 426 2717 Zeun.
472 2687 592 2717 Audiri
609 2689 758 2719 Br.——38
781 2688 879 2727 Mag-e
904 2698 962 2728 quo
985 2689 1086 2719 Both.
1116 2689 1234 2719 tacite.
1260 2688 1370 2720 Codd.
1387 2687 1536 2728 quidam,
1561 2688 1663 2719 Intus.
1687 2687 1779 2729 quod

319 2734 436 2759 tuetur
461 2730 505 2760 G.
524 2730 698 2761 Fabricius
714 2741 722 2761 :
746 2731 882 2770 qnando
900 2732 991 2762 Intus
1007 2730 1145 2768 valebit,
1161 2729 1303 2762 ἔνδοθεν;
1329 2731 1410 2761 nihil
1427 2729 1623 2761 familiarius
1639 2730 1779 2762 Plauto.

318 2772 375 2802 Sic
394 2772 520 2803 Pseud.
538 2781 576 2802 11.
594 2775 624 2803 2.
643 2776 695 2804 10.
718 2774 727 2790 ⁴
742 2773 880 2804 Ostium
907 2773 1064 2814 pultabo,
1087 2779 1190 2814 atque
1218 2773 1311 2805 intus
1333 2773 1486 2804 evocabo
1501 2772 1647 2813 aliquem
1664 2772 1778 2804 foras:

324 2814 513 2846 West.-—39
538 2815 615 2845 Post
631 2816 712 2846 haud
728 2816 824 2847 multo
840 2816 942 2848 Both.
961 2817 1166 2848 tacite—40
1200 2816 1240 2847 In
1266 2816 1358 2848 nullo
1384 2816 1519 2848 omnino
1536 2815 1622 2847 libro
1638 2815 1775 2847 invenio
