1966 3302
308 209 394 251 892
802 220 841 249 P.
874 218 1115 249 TERENTu
1149 219 1264 249 ΛΜΗ

310 315 468 356 Potius
503 327 634 368 quam
668 313 886 365 inimicus,
920 312 1166 367 periculum
1196 311 1350 353 facias.
1411 312 1530 354 BAc.
1560 312 1758 354 ‘Faciam

481 383 648 424 sedulo.
1702 381 1759 421 40

307 504 381 544 quid
394 503 520 545 possim,
534 511 625 542 qnam
638 500 791 534 inimicus.
836 502 904 534 BA.
929 502 1056 534 Faciam
1070 501 1238 541 diligenter
1251 511 1317 542 quoe
1329 511 1441 533 mones.

913 595 1131 607 ‘oenone-eo
1137 593 1150 605 θ

310 658 411 689 Both.
427 657 546 688 Audiat
564 656 680 688 Guelf.
699 659 815 688 1.—39
839 656 971 696 Nostri,
987 667 1053 688 uno
1076 659 1236 696 excepto,
1259 665 1388 694 omnes,
1407 657 1518 687 Verum
1531 656 1588 686 hoc
1609 658 1640 687 te
1655 666 1758 687 moneo

308 711 423 736 anunm
447 705 485 731 ut
515 700 558 730 Te
580 701 614 730 in
641 700 710 731 ictu
733 700 788 732 sit.
836 701 964 731 Recte:
989 705 1024 730 et
1054 699 1163 734 Qualis
1187 699 1284 729 elidit
1303 709 1320 730 s
1345 703 1424 729 ante
1448 703 1704 738 consonantem,
1722 704 1760 730 ut

306 743 449 785 passini:
474 752 553 780 non,
568 748 606 773 ut
623 742 758 783 quidam
778 744 897 781 voluit,
910 742 1040 773 Amicus
1055 743 1150 783 ejicit
1170 753 1207 772 ns
1230 746 1308 773 ante
1325 743 1486 773 vocalem.
1509 742 1606 772 Bent.
1631 742 1702 773 Hoc
1730 746 1760 773 te

309 797 413 817 moneo
429 787 487 816 ΒΓ.
504 789 534 817 te
550 785 605 816 hoc
627 795 721 817 unum
737 796 841 817 moneo
865 787 966 816 Both.
983 796 1061 816 mox
1078 785 1166 816 idem
1182 795 1218 816 ac
1233 785 1307 825 quid
1319 784 1622 824 prosim...inimicer‚
1636 788 1670 816 ut
1683 795 1716 825 p.
1726 784 1759 823 s.

309 832 394 860 -40
418 828 686 868 Responsionem
702 829 883 860 Bacchidis
899 829 932 859 in
947 829 1011 860 hoc
1029 838 1127 859 versu
1147 830 1240 859 Bem-
1256 837 1320 858 non
1335 827 1447 866 habet,
1459 837 1559 868 quam
1577 832 1612 858 et
1629 827 1661 858 in
1677 837 1759 869 pau-

309 872 453 903 cissimis
470 871 546 902 aliis
562 871 725 906 invenies,
742 876 777 902 et
794 878 951 912 putamus
972 881 1039 903 non
1056 871 1301 902 necessariam:
1326 876 1482 910 superest
1500 876 1536 901 ut
1552 870 1665 901 versui
1681 880 1760 902 con-

309 915 453 953 sulatur,
481 915 570 956 quod
595 916 645 946 sic
668 913 832 946 facimus:
857 925 899 945 ex
923 915 1092 955 aliquibus
1116 914 1209 945 libris
1231 913 1382 953 scriptis,
1397 914 1430 944 in
1455 913 1576 954 quibus
1600 918 1653 944 est
1668 913 1762 945 Vict.

309 959 454 998 legimus
477 958 636 996 periclum,
653 963 689 988 et
713 962 875 997 quattuor
900 958 1014 998 primis
1043 957 1218 997 sequentis
1245 966 1355 987 scenae
1381 956 1491 987 verbis
1518 956 1607 987 hunc
1625 965 1758 987 versum

310 1001 507 1041 supplemus
522 1011 530 1030 :
555 1009 594 1031 ea
611 1006 703 1037 sunt,
725 1001 806 1031 nihil
820 1002 901 1039 apud
922 1010 970 1031 me
985 1000 1060 1031 tibi:
1084 1005 1121 1030 ut
1136 1000 1215 1030 nihil
1230 999 1262 1029 in
1279 1009 1378 1029 unam
1393 999 1556 1039 syllabam
1572 1004 1760 1034 contracto,

311 1045 381 1074 etd
398 1053 440 1074 ex
466 1043 547 1083 apud
571 1043 665 1079 eliso,
681 1044 724 1074 sit
750 1044 784 1073 in
810 1049 909 1074 sexta
933 1043 1014 1074 sede
1040 1043 1139 1083 hujus
1165 1042 1343 1073 Trochaici
1367 1042 1535 1082 dactylus.
1561 1042 1620 1073 Fa.
1663 1041 1759 1073 Unus

310 1091 440 1117 tantum
458 1096 499 1117 ex
528 1090 579 1116 tot
603 1086 728 1117 nostris
751 1086 867 1122 habet,
884 1086 1013 1117 Faciam
1029 1087 1144 1116 sedulo.
1169 1086 1271 1116 Bent.
1297 1084 1424 1115 Eadem
1439 1085 1448 1101 ‘
1465 1084 1702 1115 desiderantur
1725 1085 1759 1115 in

312 1130 396 1160 Mss.
415 1129 639 1160 Leidensibns
656 1129 817 1170 quinque,
834 1130 923 1169 Lips.
942 1130 990 1159 Μ.
1008 1128 1051 1160 G.
1069 1134 1102 1159 et
1119 1127 1240 1159 Boend.
1275 1128 1327 1159 Ex
1343 1127 1445 1158 editis
1459 1127 1634 1163 omittunt,
1650 1126 1760 1157 Anon.

311 1172 440 1202 Tan-vis.
457 1173 581 1203 Venet.
600 1173 698 1203 Lind.
715 1172 829 1208 Parei,
846 1177 881 1204 et
896 1171 985 1203 forte
1009 1171 1147 1213 plures?
1176 1171 1276 1203 West.
1300 1170 1486 1212 eademque
1510 1170 1633 1201 absunt
1650 1179 1669 1200 a
1685 1170 1762 1210 Bip.

278 1222 280 1224 ’
314 1216 352 1246 Ζ.
371 1215 472 1247 Both.
490 1216 549 1247 ΒΓ.
567 1215 658 1246 Perl.

720 1471 922 1513 ACTUS
955 1471 1015 1513 V.
1077 1470 1278 1512 SCENA
1315 1470 1380 1511 II.

630 1594 917 1624 PHIDIPPUS.
970 1592 1175 1623 LACHES.
1223 1590 1449 1621 BACCIflS.

318 1664 464 1704 Pffln.
498 1661 655 1703 NlfflL
679 1662 797 1715 apud
819 1675 889 1702 me
909 1662 989 1702 tibi

318 1731 487 1771 Defieri
508 1730 668 1783 patiar,
691 1730 808 1783 quin,
831 1728 949 1782 quod
973 1741 1086 1781 opus
1109 1727 1180 1777 sit,
1201 1727 1385 1779 benigne
1404 1725 1649 1780 praebeatur
1669 1737 1679 1765 :

318 1799 404 1840 Sed
436 1812 536 1840 cum
566 1802 612 1839 tu
643 1802 791 1840 satura
824 1802 956 1851 atque
989 1796 1112 1836 ebria
1147 1796 1250 1844 eris,
1282 1807 1390 1848 puer
1412 1798 1458 1834 ut
1480 1797 1603 1833 satur
1625 1793 1682 1832 sit
1703 1789 1767 1832 fa-

488 1867 593 1908 cito.

320 1935 408 1976 LA.
439 1935 606 1976 Noster
630 1946 772 1984 socer,
794 1933 937 1983 video,
959 1932 1098 1974 venit:
1128 1942 1267 1985 puero
1288 1929 1502 1969 nutricem
1523 1926 1723 1968 adduxit.

362 2058 433 2088 ΡΗ.
452 2057 587 2095 Nutrix,
603 2067 664 2087 ‘non
678 2057 777 2087 sinam
792 2056 954 2096 quicquam
971 2054 1030 2085 tibi
1042 2054 1123 2094 apud
1139 2063 1184 2084 me
1199 2052 1339 2094 deficere,
1355 2054 1389 2081 ut
1406 2050 1483 2090 quod
1497 2048 1702 2080 necessarium
1716 2048 1774 2087 sit,

317 2111 377 2131 non
393 2102 479 2139 large
495 2100 555 2131 tibi
568 2102 733 2140 praestetur
745 2110 757 2135 ;
779 2100 830 2130 sed
845 2108 911 2129 cum
927 2102 961 2128 tu
976 2098 1053 2128 cibis
1067 2100 1098 2127 et
1113 2096 1184 2127 vino
1198 2097 1288 2135 plena
1303 2095 1376 2133 eris,
1389 2093 1447 2131 fac
1459 2095 1494 2123 ut
1508 2091 1614 2130 infans
1628 2092 1705 2122 lacte
1730 2091 1774 2121 sit

317 2145 436 2184 plenus,
460 2147 490 2174 et
514 2143 587 2174 bene
611 2143 781 2174 nutriatur.
826 2142 889 2172 LA.
915 2142 1030 2172 Noster
1053 2149 1137 2170 socer
1157 2139 1344 2179 Phidippus,
1364 2140 1400 2168 ut
1415 2145 1517 2174 cerno,
1531 2135 1626 2166 venit.
1670 2134 1774 2164 Puero

933 2235 1168 2247 eeeeeeeeeeee

365 2308 380 2335 1
411 2305 471 2335 Nil
487 2304 545 2335 tibi
560 2304 640 2344 apud
656 2314 702 2335 me
718 2304 885 2334 Boiu-2
909 2303 1013 2334 Hunc
1031 2311 1163 2333 versum
1182 2309 1297 2331 omnes
1322 2298 1394 2330 fere
1411 2298 1433 2329 l.
1452 2307 1477 2327 s-
1503 2297 1601 2327 simul
1630 2300 1773 2336 ponunt,

321 2357 396 2378 cum
422 2348 488 2378 iliis
511 2353 671 2388 quattuor
700 2347 823 2381 verbis,
847 2346 966 2387 quibus
991 2345 1145 2376 ultimum
1163 2353 1294 2374 versum
1323 2340 1550 2382 praecedentis
1566 2347 1676 2370 scenae
1694 2349 1770 2387 sup-

321 2391 485 2431 plevimus
500 2400 507 2420 :
533 2390 592 2421 sed
608 2390 673 2421 iilis
690 2389 854 2420 detractis
872 2394 1026 2420 remanet
1042 2388 1097 2419 ille
1115 2396 1215 2428 quem
1232 2384 1463 2425 ascripsimus,
1486 2383 1542 2423 qni
1559 2387 1612 2413 est
1626 2381 1773 2412 trochai-

320 2443 378 2464 cus
396 2438 606 2470 tetrameter,
629 2438 664 2463 ut
683 2432 941 2472 praecedentes:
965 2432 1045 2462 licet
1063 2430 1112 2461 illi
1130 2428 1334 2463 catalectici,
1357 2428 1412 2458 hic
1430 2425 1685 2457 acatalecticus.
1711 2424 1770 2455 Fa.

323 2477 398 2507 Nec
415 2478 492 2516 quod
507 2485 580 2516 opus
594 2476 650 2514 sit,
673 2485 749 2513 nec,
775 2475 863 2516 quod
878 2474 1015 2515 quidam
1031 2473 1151 2510 voluit,
1180 2473 1258 2512 quod
1285 2474 1385 2511 opust,
1408 2470 1440 2499 in
1457 2468 1556 2516 hujus
1573 2477 1690 2515 versus
1708 2475 1774 2497 cae-

323 2528 402 2549 sura
417 2523 559 2559 possunt
579 2518 776 2549 consistere.
821 2518 863 2548 In
892 2517 999 2555 Regio
1028 2517 1218 2548 chartaceo
1235 2514 1330 2544 deest
1344 2523 1429 2554 opus.
1475 2510 1523 2542 At
1538 2520 1570 2540 in
1588 2509 1716 2540 Codice
1733 2509 1774 2541 C.

324 2562 362 2592 C.
396 2563 469 2601 quin
492 2563 571 2601 quod
598 2565 653 2592 est.
698 2560 867 2600 Egregie:
892 2559 1014 2602 Defieri
1028 2559 1151 2600 patiar:
1175 2557 1260 2599 quin,
1276 2557 1354 2596 quod
1369 2558 1429 2593 est,
1445 2554 1574 2592 benigne
1586 2552 1772 2601 proebeatur.

325 2604 414 2638 Quod
430 2608 487 2640 est,
505 2604 593 2645 quod
610 2604 700 2635 domi
717 2610 782 2642 est,
799 2603 886 2644 quod
904 2613 957 2633 res
974 2607 1086 2633 nostra
1102 2601 1248 2642 praebet.
1265 2600 1360 2630 Bent.
1385 2607 1485 2639 quem
1501 2595 1772 2644 sequitur-Both.

324 2649 384 2676 -3
409 2647 526 2684 Vides,
548 2651 586 2677 ut
608 2647 785 2677 invenuste
801 2646 1050 2686 dispertiantur
1066 2645 1260 2675 Accentus:
1285 2641 1438 2682 quamvis
1455 2639 1544 2679 apud
1560 2638 1775 2668 Priscianum

324 2699 459 2730 quoque
476 2699 509 2729 p.
526 2691 600 2719 701.
623 2689 686 2719 eris
701 2690 846 2728 legatur,
869 2689 974 2719 etiam
998 2689 1030 2718 in
1052 2687 1170 2719 codice
1196 2685 1337 2725 scripto.
1382 2684 1543 2729 Repone2
1564 2680 1627 2712 Sed
1654 2682 1687 2710 tu
1707 2689 1776 2712 cum

323 2735 430 2763 satura
446 2735 536 2771 atque
551 2731 636 2762 ebria
651 2742 693 2768 es,
717 2735 746 2761 et
771 2741 848 2772 puer
863 2735 898 2762 ut
913 2735 1001 2762 satur
1015 2731 1056 2761 sit
1076 2729 1188 2770 facito.
1208 2729 1311 2759 Bent.
1335 2735 1434 2767 quem
1451 2727 1605 2765 sequntur
1622 2722 1715 2771 i‘erl.
1740 2725 1776 2753 ut

325 2775 419 2806 delet
432 2775 596 2806 Botli.—4
620 2774 723 2806 Puero
737 2774 891 2806 nutricem
904 2773 1021 2806 Gueif.
1036 2776 1069 2805 3.
1113 2774 1122 2791 ‘
1134 2772 1257 2805 Placet
1272 2768 1354 2802 mihi
1373 2769 1510 2809 adducit,
1523 2765 1611 2808 quod
1627 2775 1660 2797 in
1678 2766 1775 2797 Bem.
