1966 3302
532 226 843 259 ruossmioms
875 226 986 256 AG‘r.
1024 227 1064 254 v.
1098 225 1165 255 sc.
1202 225 1285 254 vii.
1520 216 1631 258 10:37

177 324 267 365 DE.
297 321 565 375 Assequere,
589 334 641 361 ac
663 321 814 369 retine,
838 319 941 360 dum
965 333 1046 371 ogo
1068 319 1151 360 huc
1175 332 1330 360 servos
1350 333 1501 361 evoco.

176 390 335 432 CHRE.
368 389 539 430 Etenim
572 388 694 429 solus
727 399 927 440 nequeo:
961 400 1143 428 accurre
1177 387 1277 428 huc.
1339 388 1497 428 PnoR.
1536 387 1632 429 Una

348 455 567 510 injuria'st
1576 455 1632 496 90

172 515 363 564 Tecum.
409 522 568 564 CHRE.
591 514 711 576 Lege
734 522 851 576 agito
874 535 989 574 ergo.
1021 522 1179 563 Prion.
1201 521 1359 563 Altera
1380 528 1450 564 est
1471 528 1630 572 tecum,

348 589 552 630 Chreme.
581 638 584 644 ¹

176 656 266 697 DE.
303 655 434 710 Rape
453 656 583 697 hunc.
657 655 820 696 PHOR.
857 656 983 697 Itane
1004 655 1170 708 agitis?
1202 655 1420 697 enimvero
1441 670 1551 699 voce
1575 658 1633 699 ’st

347 736 479 777 opus·

176 789 487 832 Nausistrata!
507 789 597 831 exi.
643 788 801 830 CHRE.
826 789 890 830 Os
913 791 1123 844 opprime.
1156 791 1246 831 DE.
1271 790 1496 844 Impurum
1512 792 1631 842 vide,

176 856 406 908 Quantum
443 857 581 899 valet.
656 857 813 898 PHoR.
858 851 1174 899 Nausistrata!
1205 858 1400 912 inquam.
1472 857 1632 900 CHRE.

348 923 457 965 Non
479 925 638 965 taces?

175 991 336 1033 PHoR.
364 983 592 1034 Taceam'?
653 991 745 1033 DE.
778 991 883 1033 Nisi
914 993 1125 1047 sequitur,
1162 1004 1336 1046 pugnos
1360 992 1404 1033 in
1436 998 1631 1035 ventrem

347 1059 505 1111 ingere.
533 1094 537 1096 .
1575 1062 1632 1103 95

175 1125 337 1168 PHOR.
369 1125 459 1168 Vel
482 1126 661 1168 oculum
683 1126 901 1169 exclude:
932 1133 1015 1179 est,
1036 1128 1111 1169 ubi
1135 1140 1215 1169 vos
1237 1126 1429 1169 ulciscar
1445 1129 1601 1183 probe.

175 1275 311 1313 domum,
325 1274 353 1305 si
368 1273 441 1306 libet
455 1274 549 1306 istud.
592 1274 663 1305 DE.
691 1273 832 1311 Chreme,
856 1275 937 1306 hunc
957 1284 1129 1315 assequere,
1145 1277 1176 1305 et
1194 1275 1429 1306 contendentem
1450 1275 1491 1305 ad
1512 1276 1634 1305 domum

175 1320 261 1348 tuam
285 1318 422 1357 retrahe,
444 1321 538 1356 atque
556 1316 676 1357 inhibe,
699 1318 772 1349 dnm
794 1328 850 1358 ego
873 1319 931 1349 huc
951 1328 1052 1349 servos
1067 1317 1178 1349 accieo.
1224 1318 1294 1348 CH.
1320 1318 1395 1348 Huc
1409 1326 1547 1356 accurre,
1562 1328 1636 1348 nam

174 1360 256 1391 solus
278 1369 335 1399 ego
360 1360 439 1391 hunc
462 1361 595 1390 retinere
617 1370 678 1391 non
696 1369 832 1400 possum.
877 1361 947 1392 PH.
976 1362 1046 1392 Una
1062 1361 1137 1391 mihi
1152 1364 1252 1391 tecum
1267 1359 1391 1398 injuriae
1405 1360 1485 1390 actio
1501 1364 1559 1400 est,
1578 1371 1635 1400 pro

174 1402 359 1433 contumelia
384 1413 476 1442 quam
499 1402 576 1433 mihi
590 1403 690 1441 sacis,
713 1404 879 1444 Demipho,
927 1404 995 1435 CH.
1018 1403 1102 1442 Lege
1126 1413 1185 1441 age
1205 1403 1317 1442 igitur.
1365 1403 1436 1434 Pu.
1460 1403 1573 1434 Altera
1589 1406 1635 1434 est

176 1448 286 1485 tecum,
305 1445 445 1476 Chreme.
492 1446 558 1476 DE.
584 1446 669 1485 Rupe
684 1446 762 1476 hunc
777 1447 809 1477 in
825 1447 882 1485 jus
896 1447 1090 1478 renitentem.
1136 1446 1209 1477 ΡΗ.
1234 1446 1325 1477 Itane
1340 1446 1418 1476 male
1433 1455 1548 1476 mecum
1564 1446 1635 1484 agi-

173 1487 239 1518 tis?
261 1491 342 1518 ceree
357 1497 431 1527 opus
453 1491 499 1519 est
525 1491 558 1519 ut
584 1489 761 1519 clamitem:
788 1490 1001 1526 Nausistrata,
1014 1489 1106 1526 foras
1136 1489 1291 1527 egredere.
1339 1489 1408 1520 CH.
1436 1489 1570 1518 Occlude
1601 1498 1635 1518 as

173 1529 235 1560 illi.
282 1530 350 1561 DE.
381 1530 460 1561 Vide
482 1534 630 1571 quantum
652 1530 771 1562 roboris
793 1535 823 1562 et
838 1532 952 1563 virium
968 1532 1155 1572 flagitiosus
1170 1531 1272 1562 habet.
1319 1532 1390 1562 Pu.
1416 1532 1635 1569 Nausistrata,

176 1573 361 1612 inquam,te
374 1583 455 1604 voco.
501 1573 570 1605 CH.
596 1574 669 1604 Non
686 1577 789 1604 taces?
833 1574 904 1606 ΡΗ.
931 1576 998 1606 Cur
1013 1572 1158 1605 taceam?
1204 1575 1271 1606 DE.
1296 1573 1540 1613 Ntsiseqffltur,
1555 1584 1634 1614 pug-

174 1615 226 1646 nis
239 1615 310 1646 huic
322 1619 460 1688 vgntrem
475 1616 578 1652 tande,
592 1617 639 1648 vel
651 1618 773 1648 oculum
787 1619 938 1659 exsculpe.
988 1618 1048 1648 Est
1064 1617 1140 1648 mila·
1153 1617 1268 1648 occasio
1284 1617 1462 1654 etfitculeas
1476 1626 1528 1648 vos
1543 1616 1634 1647 ulcis=

177 1659 267 1689 cendi
278 1667 336 1698 pro
359 1668 385 1688 e.

788 1723 805 1735 1
811 1723 1024 1736 ΙΙΙΙΟΝΙΙΙθ

176 1789 186 1804 ‘
197 1786 296 1818 Bem.
310 1787 503 1828 asyndeton
520 1787 676 1829 profert:
693 1791 728 1820 et
744 1797 804 1829 pro
820 1787 947 1826 liinc,et
963 1787 991 1818 is
1007 1787 1105 1825 liber,
1118 1792 1154 1820 et
1169 1787 1261 1818 Vict.
1278 1786 1381 1818 habet
1397 1787 1472 1818 huc:
1488 1787 1551 1818 hoc
1569 1797 1638 1818 moe

176 1828 220 1859 do
234 1839 242 1860 :
262 1831 438 1871 Adsequere
449 1841 485 1861 ac
499 1832 600 1862 retine
614 1832 687 1862 dum
699 1841 754 1870 ego
770 1831 827 1862 huc
842 1840 945 1862 servos
961 1830 1072 1862 evoco!
1090 1831 1148 1861 Fa.
1175 1831 1183 1847 ‘
1196 1830 1317 1862 Nostri
1329 1839 1503 1868 omneS‚ac
1517 1831 1636 1861 retine:

177 1871 246 1902 dno
261 1872 331 1913 huc,
345 1883 412 1904 non
429 1873 524 1904 hinc?
547 1874 648 1904 Bent.
692 1875 701 1890 ‘
719 1874 807 1904 Hinc
830 1883 934 1903 servos
961 1873 1028 1904 ΜΞ.
1047 1874 1086 1905 R.
1104 1879 1137 1903 et
1153 1878 1237 1904 vett.
1261 1872 1382 1904 Coddss
1406 1873 1501 1904 Lind.
1545 1874 1637 1904 Asse-

174 1923 282 1954 quere,
296 1916 396 1947 retine
410 1917 482 1947 dum
497 1916 556 1946 huc
571 1926 628 1955 ego
641 1916 719 1956 Bip.
764 1916 843 1947 Ads.
860 1919 920 1946 ret.
941 1916 973 1946 d.
990 1926 1045 1954 ego
1060 1916 1119 1947 huc
1136 1916 1239 1947 Botli.
1285 1916 1294 1932 ‘
1310 1916 1437 1954 Magna
1457 1924 1534 1954 pars
1552 1915 1635 1949 Mss.

176 1963 213 1987 et
229 1957 383 1997 impress.
400 1962 479 1999 post
493 1959 565 1989 ΕΡ.
590 1968 669 1989 voco.
696 1958 784 1990 Bod.
801 1957 927 1989 invoco?
950 1959 1060 1989 West.
1110 1958 1190 1989 Voco
1207 1959 1265 1988 ΒΥ.
1297 1959 1409 1988 advoco
1426 1956 1544 1989 Guelf.
1563 1961 1637 1988 1.-

178 2001 220 2030 90
237 1999 320 2031 Hem
331 2000 411 2031 solus
422 2000 536 2031 Guelf.
553 2003 584 2032 3.
630 2006 638 2020 ‘
651 2001 749 2033 Bem.
764 2002 843 2033 Bas.
858 2005 893 2031 et
911 2000 1000 2031 Vict.
1018 2006 1053 2032 et
1071 2001 1172 2042 aliqui
1191 2001 1261 2037 alii,
1278 2010 1317 2031 ac
1332 2001 1500 2038 Donatus,
1515 2010 1575 2039 pro
1593 2004 1636 2030 et·

178 2043 272 2078 enim,
287 2044 369 2073 enim
383 2043 531 2074 habent:
565 2043 627 2073 soli
644 2053 725 2074 vero
750 2043 775 2074 ii
801 2043 867 2078 duo
884 2043 1109 2084 antiquissimi
1127 2043 1217 2082 libri,
1240 2043 1274 2073 id
1301 2048 1355 2073 est
1371 2043 1469 2074 Bem.
1486 2047 1522 2073 et
1545 2041 1638 2074 Vict.

178 2083 237 2114 lzuc
252 2093 318 2116 non
334 2085 482 2117 liabent:
506 2085 556 2115 ita
573 2089 642 2116 stat
658 2095 787 2124 versus,
804 2091 1001 2117 transeunte
1019 2091 1130 2117 tamen
1148 2086 1246 2126 hujus
1263 2085 1372 2126 prima
1388 2086 1521 2125 syllaba
1537 2084 1570 2114 in
1589 2086 1636 2115 ul-

179 2126 294 2157 timam
311 2126 565 2168 praecedentis!
591 2127 651 2158 Fa.
694 2128 702 2144 ‘
719 2128 840 2159 Nostri
855 2137 972 2158 ornnes
987 2137 1063 2158 cuni
1082 2127 1167 2159 Edd.
1193 2133 1278 2159 vett.
1295 2128 1392 2158 Enim
1407 2129 1488 2158 solus
1503 2137 1638 2168 nequeo:

177 2178 303 2201 accurre
317 2170 388 2202 huc.
422 2171 493 2202 Una
506 2170 666 2209 injuriast.
713 2170 908 2211 Utrumque
926 2171 1035 2201 versui
1053 2169 1238 2202 satisfacit:
1262 2170 1378 2210 placet
1395 2175 1507 2201 tamen
1525 2175 1637 2209 poste-

179 2211 272 2243 rius!
302 2212 400 2244 Bene.
426 2217 466 2244 et
481 2212 530 2243 sic
553 2213 561 2229 ‘
574 2212 709 2253 Popma
739 2213 781 2244 ad
813 2213 926 2244 Plaut.
954 2213 1057 2253 Epid.
1089 2222 1122 2245 v.
1151 2216 1184 2243 2.
1216 2215 1269 2244 36.
1300 2212 1389 2253 quod
1412 2214 1421 2230 ‘
1437 2212 1528 2243 enim
1540 2211 1549 2225 '
1584 2222 1640 2243 ve-

180 2253 309 2285 teribus
324 2256 426 2287 etiam
444 2255 541 2286 initio
557 2255 738 2286 sententiae
756 2255 958 2286 adhibitum.
982 2261 1103 2297 estque
1128 2255 1162 2285 in
1188 2256 1274 2286 Mss.
1292 2255 1467 2294 plusculis,
1483 2260 1519 2285 et
1537 2254 1638 2286 editis

180 2297 349 2329 nonnullis
366 2298 547 2329 veteribus·
579 2297 635 2328 Sic
652 2297 740 2328 Hec.
757 2307 802 2329 11.
819 2297 849 2330 1.
863 2297 932 2329 413
959 2297 1056 2329 West.
1079 2302 1115 2329 et
1130 2298 1178 2328 sic
1191 2298 1271 2338 Bip.
1288 2297 1390 2328 Both.
1410 2298 1469 2329 Rr.
1490 2307 1567 2328 mox
1582 2298 1640 2328 huc

180 2340 309 2371 omitt-it
326 2341 405 2380 Bip.
448 2344 493 2372 est
508 2340 585 2371 mihi
609 2338 726 2372 Guelf.
741 2343 854 2371 3.—91
887 2341 992 2372 Recte
1022 2341 1107 2371 vidit
1134 2341 1296 2378 Damna,
1322 2340 1439 2378 verba,
1462 2341 1528 2379 lege
1551 2340 1639 2379 agilo

178 2391 267 2422 ergo,
284 2392 357 2414 esse
374 2383 581 2424 Demiphoni
598 2382 789 2414 tribuenda.
834 2380 969 2414 Etenim
987 2383 1147 2414 Phormio
1164 2383 1268 2413 verba
1293 2392 1354 2413 ana
1376 2382 1523 2421 iujuriast
1541 2386 1640 2413 tecum

179 2425 316 2457 dixerat
331 2426 373 2456 ad
397 2427 648 2466 Demiphonem
665 2430 901 2457 accurrentem
926 2430 962 2457 et
989 2425 1208 2457 retinentem.
1253 2426 1345 2464 Ergo
1372 2425 1549 2465 probabile
1575 2430 1639 2461 est,

180 2468 327 2499 eundem
353 2469 602 2509 Demiphonem
630 2467 837 2508 respondere
861 2469 927 2507 lege
943 2467 1042 2508 agito.
1067 2469 1106 2499 Z.
1130 2469 1179 2499 sic
1195 2477 1331 2508 quoque
1348 2477 1423 2497 cnm
1443 2467 1551 2499 Codd.
1568 2469 1639 2507 qni-

180 2510 325 2541 busdam
348 2511 458 2542 voluit
472 2511 582 2542 West.
626 2510 635 2527 ‘
649 2509 718 2542 DE.
735 2511 834 2550 Agita
849 2511 917 2550 lege
932 2521 1006 2550 ergo
1017 2510 1025 2523 ’
1050 2509 1152 2542 Both.
1171 2511 1373 2541 tacite—92
1397 2510 1494 2540 Beni.
1510 2510 1555 2541 sic
1569 2512 1639 2549 agi-

180 2553 235 2591 tis,
252 2558 289 2584 ut
310 2558 346 2584 et
360 2563 477 2585 versus
494 2552 661 2594 exposcit.
686 2553 803 2584 Fa‘e'rn.
848 2554 968 2584 Nostri
983 2562 1099 2584 omnes
1116 2553 1218 2591 Itane,
1233 2562 1331 2583 versu
1351 2552 1516 2592 patiente.
1541 2553 1639 2584 Beni.

181 2594 236 2626 Sic
250 2596 348 2634 agitis
363 2596 442 2636 Rip.
486 2606 557 2627 voce
573 2596 725 2627 enimvero
742 2598 786 2626 est
805 2596 991 2627 Both.—95
1018 2596 1026 2612 ‘
1042 2594 1134 2636 Guy.
1159 2596 1192 2626 in
1217 2593 1392 2626 ἆνεκδότοις
1417 2597 1451 2625 ni
1476 2596 1639 2635 sequitur!

181 2638 376 2669 west—96
400 2639 486 2670 GM.
503 2640 616 2678 oculos,
635 2648 711 2669 mox
728 2638 848 2668 Rivius
865 2637 983 2669 laudat
999 2637 1108 2669 Codd.
1132 2638 1188 2678 qui
1208 2637 1416 2678 Demiphoni
1441 2637 1514 2668 haee
1538 2638 1640 2669 verba

184 2680 347 2712 tribuunt.
403 2681 531 2720 Magna
557 2681 718 2712 Codicum
745 2690 837 2721 pars,
869 2681 925 2712 Vel
940 2681 1059 2712 oculum
1084 2682 1236 2720 exsculpe.
1262 2680 1371 2711 West.
1429 2680 1556 2711 Omnes
1573 2681 1593 2711 l.
1612 2691 1637 2712 S.

184 2729 310 2760 praeter
325 2725 423 2754 Beni.
447 2724 575 2755 exclude
591 2723 738 2760 liabent3
771 2733 870 2763 quam
889 2728 923 2754 et
940 2733 1051 2754 veram
1068 2722 1216 2754 arbitror
1232 2723 1416 2754 lectionem
1431 2733 1439 2760 3
1474 2728 1526 2752 est
1550 2723 1637 2753 enim

185 2765 324 2807 antiqua
340 2766 480 2806 locutio,
495 2767 656 2799 excludere
666 2766 792 2798 oculum.
839 2766 985 2798 Plautus
1002 2767 1035 2797 iu
1053 2766 1196 2798 Poenulo
1213 2776 1220 2796 :
1244 2767 1253 2784 ‘
1271 2765 1454 2798 Excludito
1470 2765 1548 2798 mihi
1566 2766 1639 2796 hera
