1966 3302
303 194 389 238 860
800 203 839 232 Ρ.
871 200 1111 232 ‘rsnssu'rn
1145 200 1261 231 ΛΡΜ

306 300 421 351 Quae
441 300 559 349 dico,
579 297 707 353 parvi
730 295 938 352 pendunt.
998 294 1138 336 Porto
1158 294 1244 335 hoc
1258 293 1452 348 jurgium

273 370 276 373 ’
306 367 380 409 Ad
402 379 598 415 uxorem,
628 364 754 418 cujus
774 364 870 429 hqaec
891 363 1002 404 fiunt
1023 362 1212 403 consilio
1234 362 1410 414 omnia3
1720 389 1726 395 .

305 434 454 489 Atque
477 433 522 473 in
543 444 642 473 eam
660 431 747 472 hoc
769 443 913 480 omne,
934 429 1053 484 quod
1073 428 1180 470 mihi
1201 441 1316 482 aegre
1338 427 1406 479 'st,
1425 439 1638 469 evomam.
1696 427 1754 470 65

304 555 410 587 rixam
434 556 475 586 ad
499 563 629 585 uxorem
655 563 755 584 meam
770 552 839 591 jam
872 561 953 583 nunc
989 551 1104 588 defero,
1138 551 1226 592 quasi
1250 561 1362 583 munus
1385 554 1512 590 gratum
1524 561 1538 587 ‚-
1567 559 1642 582 nam
1667 547 1758 588 hujus

305 606 399 629 suasu
427 598 492 628 hoec
520 597 623 628 omnia
651 596 843 638 efficiuntur,
880 599 971 636 atque
1007 595 1041 625 in
1071 604 1140 625 eam
1169 604 1287 626 omnem
1316 593 1536 634 oegritudinem
1564 596 1595 625 et
1623 592 1759 623 dolorem

306 641 477 683 effundam.

931 688 1169 701 oeemeee‘ee

307 765 498 797 Rueck—62
522 763 588 795 Hz'c
602 764 630 794 z's
643 761 755 794 Gueif.
767 764 798 794 2.
822 771 918 802 neque
932 760 959 791 z's
974 760 1050 792 mihi
1063 759 1178 792 Guelf.
1191 763 1319 793 3,-62.
1330 763 1371 792 63
1389 759 1460 791 Hos
1477 759 1562 791 duos
1573 758 1663 800 Guy.
1680 767 1763 798 spu-

308 809 374 839 rios
388 809 603 839 censen—63
629 807 728 837 Porro
746 805 851 844 feram
863 805 918 835 Ιιοο
934 804 1017 834 Mss.
1033 813 1155 834 omnes.
1189 804 1287 834 Boecl.
1326 803 1474 834 Posthac
1491 803 1636 833 Eun—64
1661 800 1701 831 In
1729 810 1760 832 o.

308 851 331 882 1.
349 861 376 883 s.
395 854 430 881 et
445 850 593 888 Donato,
608 849 662 880 hic
679 853 732 879 est
746 848 830 879 ordo
847 847 1038 886 verborum,
1052 846 1139 885 cujus
1153 846 1217 877 haec
1228 847 1336 887 fiunt:
1359 847 1472 877 multis
1489 850 1602 876 autem
1620 843 1760 875 rationi-

307 894 370 925 bus
387 893 570 924 sustentari
587 896 700 933 potest
717 900 844 921 versus.
872 890 929 921 Fa.
973 889 1030 921 Sic
1045 894 1081 921 et
1105 889 1224 921 nostri.
1255 889 1354 921 Bent.
1400 888 1499 928 Cujus
1512 888 1562 919 hic
1578 887 1652 918 ΕΡ.
1675 888 1684 904 ‘
1696 886 1761 917 liaec

299 936 390 979 fiunt
406 936 492 976 cujus
508 935 592 967 GM.
608 935 693 966 miro
710 932 853 966 ordine.’
875 932 963 964 Perl.

641 1201 648 1204 -
703 1175 907 1218 ACTUS
940 1174 1024 1217 IV.
1085 1173 1291 1216 SCENA
1321 1174 1360 1215 I.

728 1297 1020 1329 MYRRHlNA.
1073 1295 1356 1327 PHIDIPPUS.

316 1366 455 1409 MYR.
490 1366 661 1407 Pssmi!
684 1365 787 1420 quid
809 1365 970 1419 agam?
993 1377 1082 1420 quo
1103 1377 1173 1405 me
1196 1364 1395 1406 vortam?
1417 1363 1524 1418 quid
1545 1363 1639 1404 viro
1660 1374 1756 1404 meo

485 1434 770 1488 respondebo

356 1556 433 1587 MY.
457 1556 595 1588 Perdita
609 1565 697 1588 sum:
718 1556 794 1597 quid
807 1558 921 1595 agam?
942 1566 999 1597 quo
1013 1565 1061 1587 me
1075 1558 1219 1587 vertam?
1240 1555 1314 1596 quid
1330 1555 1471 1596 responsi
1485 1555 1600 1586 marito
1615 1563 1680 1585 meo
1694 1551 1768 1583 red-

926 1650 1162 1663 eeeeeeeeeeee

360 1719 376 1747 1
399 1716 483 1753 Quid
496 1716 597 1747 dicum
609 1716 694 1748 GM.
717 1715 726 1733 ‘
739 1716 837 1747 Bona
852 1716 936 1747 Mss.
951 1725 1027 1756 pars
1039 1716 1106 1747 viro
1121 1715 1230 1747 modo!
1241 1716 1348 1747 West.
1363 1715 1419 1746 Sic
1434 1724 1550 1746 omnes
1561 1713 1651 1756 apud
1665 1714 1772 1746 Boect.

317 1759 327 1775 ‘
339 1759 383 1792 O.
400 1760 421 1790 l.
440 1770 465 1790 s.
482 1760 553 1800 quid
566 1759 634 1790 viro
648 1769 723 1791 meo.
737 1764 790 1790 est
805 1763 917 1791 autem
934 1759 988 1791 hic
1003 1768 1119 1790 versus
1132 1760 1296 1790 trochaic.
1310 1758 1490 1790 acatalect.
1503 1757 1653 1798 ejusdem
1671 1766 1774 1797 geue-

326 1802 370 1833 ris
387 1807 440 1834 est
455 1808 491 1834 et
517 1801 684 1834 secundus
699 1801 800 1842 hujus
828 1811 938 1833 scenae
955 1811 1083 1837 versus,
1099 1802 1128 1833 si
1143 1807 1255 1833 tamen
1272 1810 1334 1842 pro
1347 1801 1478 1840 audisse,
1494 1801 1587 1841 legas
1609 1800 1776 1839 audivisse,

325 1854 369 1876 ex
386 1844 482 1877 Beni.
500 1854 540 1876 ac
555 1845 584 1875 V
588 1845 646 1876 ict.
661 1849 696 1876 et
711 1845 792 1876 Bas.
809 1854 848 1876 ac
864 1845 1024 1876 Donato:
1048 1845 1128 1876 item
1146 1849 1299 1886 quartus,
1315 1844 1342 1874 si
1358 1853 1420 1883 pro
1444 1843 1618 1882 resciverit,
1633 1842 1777 1874 rescierit

326 1888 431 1927 legas,
446 1897 488 1919 ex
502 1887 619 1919 iisdem
637 1887 751 1918 libris:
776 1887 857 1918 item
870 1891 1021 1926 octavus,
1037 1887 1091 1918 cui
1108 1891 1220 1918 tamen
1240 1886 1455 1917 attribuimus
1472 1886 1542 1917 haec
1559 1886 1674 1922 verba,
1684 1888 1776 1925 atque

327 1941 439 1967 eccam,
456 1930 568 1962 demta
585 1940 626 1961 ex
644 1929 854 1970 praecedenti
871 1939 989 1961 versu:
1012 1939 1110 1971 quam
1126 1929 1370 1960 ordinationem
1388 1938 1544 1959 versuum
1561 1928 1663 1959 habet
1683 1927 1776 1959 Vict.

327 1979 363 2005 et
379 1974 497 2013 Steph.
522 1973 555 2004 in
573 1982 639 2013 quo
655 1972 759 2003 etiam
777 1982 877 2003 versu
893 1982 935 2003 ex
952 1972 1072 2004 eodem
1091 1973 1182 2003 Vict.
1200 1978 1234 2003 ct
1251 1973 1348 2003 Bem.
1362 1972 1437 2011 tego
1451 1971 1524 2011 quid
1537 1969 1609 2002 ais?
1634 1971 1777 2001 interro·

329 2020 387 2057 gat
411 2016 500 2047 enim
526 2015 717 2056 Phidippus
744 2015 965 2055 Myrrhinam,
987 2015 1146 2056 quidnam
1175 2014 1332 2055 sit‚qnod
1355 2013 1431 2055 ipsa
1455 2023 1569 2045 secum
1596 2013 1776 2053 loquatur:

327 2061 410 2091 item
428 2068 548 2095 nonus,
563 2059 596 2089 in
614 2068 679 2099 quo
693 2067 734 2088 ex
750 2058 844 2088 Bem.
858 2059 935 2098 lego
951 2058 1002 2089 vir
1017 2068 1073 2097 ego
1086 2062 1157 2088 tuus
1170 2060 1251 2088 sim?
1274 2057 1355 2088 item
1373 2056 1580 2095 undecimus,
1597 2056 1679 2087 item
1695 2056 1778 2087 duo-

328 2101 492 2140 decimus,
508 2102 591 2132 eliso
616 2110 658 2132 ex
683 2104 765 2132 taces
787 2110 822 2132 s:
855 2101 934 2131 item
953 2106 1095 2140 quartus
1112 2100 1273 2135 decimus,
1290 2104 1326 2131 et
1351 2099 1503 2130 decimus
1519 2100 1697 2140 septimus,
1721 2097 1779 2129 ubi

326 2148 439 2176 tamen
456 2145 552 2175 adeon
569 2143 750 2184 legendum
767 2153 809 2174 ex
827 2153 857 2174 0.
875 2144 894 2175 Ι.
909 2153 934 2173 s·
951 2143 1032 2174 item
1048 2143 1198 2174 decimus
1215 2153 1330 2181 nonus,
1344 2143 1377 2173 in
1394 2151 1459 2183 quo
1475 2151 1517 2173 ex
1533 2141 1688 2172 omnibus
1703 2139 1779 2172 fere

325 2187 423 2219 tibris
439 2188 585 2227 scriptiS‚
603 2196 788 2226 versusque
806 2186 935 2217 ratione
953 2186 1133 2226 legendum
1159 2188 1342 2216 advorsum:
1375 2185 1513 2225 quintus
1539 2184 1684 2215 dimeter
1710 2189 1780 2215 tro-

325 2230 432 2261 chaic.
449 2230 607 2261 catalect.
639 2229 685 2260 Hi
702 2238 795 2268 vero,
811 2239 894 2269 quos
910 2228 997 2260 infra
1013 2230 1134 2266 dicam,
1151 2228 1314 2259 trochaici
1331 2232 1411 2258 sunt
1426 2227 1616 2258 tetrametri
1631 2226 1779 2258 catalec-

327 2273 398 2311 tici,
413 2273 544 2312 tertius,
560 2277 595 2303 et
619 2277 748 2310 sextus,
769 2271 851 2303 eliso
869 2277 982 2303 tamen
1004 2273 1024 2302 d
1050 2282 1093 2302 ex
1116 2273 1180 2310 sed,
1196 2276 1232 2301 ut
1247 2271 1282 2301 in
1298 2271 1404 2311 prima
1430 2270 1510 2301 sede
1527 2269 1573 2300 sit
1588 2270 1780 2300 trochaeus:

327 2316 409 2346 item
427 2315 604 2355 septimuS,
621 2321 655 2346 et
671 2314 843 2346 decimus:
878 2314 960 2345 item
979 2315 1100 2346 tertius
1117 2314 1278 2352 decimus,
1294 2317 1470 2344 eontracta
1492 2312 1640 2343 dictione
1654 2311 1717 2342 nim·
1745 2311 1779 2341 in

330 2368 430 2389 unam
449 2357 630 2398 syllabam:
668 2357 750 2388 item
768 2357 902 2398 quintus
920 2356 1080 2392 decimus,
1098 2356 1211 2387 deleta
1227 2357 1259 2387 in
1275 2356 1337 2386 hoc
1355 2356 1503 2386 dictione
1519 2355 1610 2394 hunc,
1625 2364 1700 2395 quae
1717 2363 1780 2385 nec

329 2406 383 2432 est
407 2400 441 2430 in
466 2401 562 2430 Bem-
589 2409 698 2440 neque
722 2400 861 2440 ponitur
876 2409 893 2429 a
912 2399 1066 2439 Donato,
1081 2409 1191 2440 neque
1208 2408 1289 2429 sane
1305 2399 1445 2428 multum
1470 2397 1582 2428 sensui
1604 2397 1723 2435 servit,
1745 2400 1782 2427 et

330 2443 443 2474 versui
470 2442 717 2474 incominodat:
755 2443 835 2473 item
863 2447 979 2474 sextus
1005 2442 1170 2480 decimus,
1186 2442 1379 2482 vigesimus,
1393 2440 1574 2480 vigesimus
1600 2439 1784 2477 secundus,

333 2486 427 2525 cujus
446 2490 616 2525 postrema
642 2485 745 2516 verba
769 2485 802 2515 in
828 2485 925 2516 Bem.
942 2489 977 2515 et
994 2485 1087 2516 Vict.
1104 2485 1191 2516 hunc
1216 2484 1370 2515 ordinem
1396 2483 1686 2519 habent,nume=·o
1709 2481 1782 2512 dui-

334 2530 439 2566 ciore‚
463 2538 549 2568 posse
567 2527 673 2569 filiam
688 2531 774 2558 tuam
789 2530 820 2558 te
840 2528 921 2567 pati,
940 2528 997 2558 ubi
1013 2531 1099 2558 tuam
1115 2527 1380 2567 monosyllabum
1395 2530 1468 2557 est:
1504 2525 1585 2556 item
1603 2524 1784 2564 vigesimus

334 2573 485 2611 quartus,
498 2580 560 2601 non
578 2570 670 2601 facta
687 2570 824 2600 elisione
840 2571 871 2600 in
888 2580 955 2601 cum
969 2580 1023 2601 eo:
1048 2571 1127 2601 item
1145 2571 1326 2610 vigesimus
1342 2568 1488 2609 quinum,
1499 2568 1530 2599 iu
1547 2577 1612 2608 quo
1629 2576 1692 2607 pro
1704 2567 1785 2597 malo

336 2614 410 2652 lege
427 2614 555 2649 mavolo,
572 2623 613 2643 ex
641 2612 768 2643 eisdem
795 2612 927 2643 duobus
945 2613 1183 2654 antiquissimis
1201 2612 1308 2650 libris,
1326 2620 1509 2651 versusque
1526 2610 1676 2641 ratione:
1703 2609 1784 2640 item

337 2655 517 2695 vigesimus
540 2660 668 2693 sexum,
685 2660 720 2686 et
738 2655 918 2695 vigesimus
932 2656 1107 2696 septimus.
1152 2655 1200 2686 At
1216 2655 1273 2696 qui
1291 2660 1478 2695 sequuntur
1494 2659 1640 2694 quatuor
1656 2660 1786 2690 versus,

336 2702 415 2728 sunt
429 2698 595 2728 octonarii
613 2697 756 2728 Iambici
777 2699 977 2730 acatalect.:
1003 2699 1030 2729 si
1047 2703 1159 2729 tamen
1183 2698 1216 2728 in
1242 2698 1403 2737 vigesimo
1417 2701 1551 2733 octavo,
1567 2699 1642 2735 post
1658 2703 1786 2735 quoque,

337 2739 442 2772 addas
459 2739 641 2776 dictionem
665 2741 770 2778 etiam,
787 2751 860 2782 quae
878 2746 931 2773 est
947 2741 980 2772 in
995 2742 1149 2773 omuibus
1174 2740 1268 2772 libris
1283 2751 1291 2780 ;
1315 2740 1348 2771 in
1366 2739 1528 2780 vigesimo
1545 2747 1624 2769 vero
1640 2746 1727 2769 nono
1742 2745 1787 2770 ex
