1966 3302
569 193 879 224 PHoRMiole
911 193 1020 223 Aer.
1043 193 1077 224 1.
1109 194 1180 224 sc.
1206 193 1273 224 ιν.
1558 181 1646 222 935

188 290 280 331 GE.
311 289 400 332 Sed
421 289 498 331 ubi
515 288 813 342 Antiphonem
843 288 1084 342 reperiam?
1115 290 1192 329 aut
1226 299 1314 341 qua
1346 298 1542 341 quaerere
1578 287 1643 326 in-

363 358 517 398 sistam
540 357 647 397 via?
1588 353 1645 393 15

190 425 327 465 PHAE.
357 425 425 466 Te
443 424 655 464 nominat.
715 422 807 463 AN.
840 422 1011 463 Nescio
1033 421 1153 475 quod
1182 433 1388 474 magnum
1418 421 1503 462 hoc
1533 433 1644 460 nun-

360 493 422 532 tio
441 495 634 544 expecto
656 490 832 530 malum.

189 558 325 599 PHAE.
355 556 452 598 Ah!
487 570 674 599 sanusne
709 558 793 598 es?
873 555 963 597 GE.
996 557 1192 598 Domum
1232 556 1295 597 ire
1329 567 1538 609 pergam:
1580 554 1644 595 ibi

359 624 591 677 plurimum
613 623 685 664 ’st.
746 623 887 664 PHAE.
919 622 1197 664 Revocemus

189 691 444 732 Hominem.
506 690 598 732 AN.
629 691 708 732 Sta
729 690 864 731 illico.
925 689 1015 731 GE.
1048 690 1189 732 Hem!

186 758 309 798 Satis
329 770 411 811 pro
432 758 633 810 imperio,
648 757 847 810 quisquis
869 769 918 797 es
937 757 946 798 ἕ
1007 756 1104 798 AN.
1126 756 1255 798 Geta.
1315 756 1406 797 GE.
1429 755 1537 810 Ipse
1560 761 1643 806 est,

356 837 488 877 quem
508 824 629 865 volui
650 824 846 864 obviam.

187 890 282 931 AN.
314 890 454 940 Cedo,
475 890 582 944 quid
599 896 769 945 portas,
792 891 1005 932 obsecro?
1034 893 1172 943 ‘atque
1193 889 1255 939 id,
1277 890 1315 930 si
1336 894 1482 944 potes,
1502 891 1641 932 verbo

357 958 538 1012 expedi.
1583 957 1642 998 20

187 1024 276 1066 GE.
307 1023 505 1066 Faciam.
563 1023 657 1065 AN.
689 1024 924 1077 Eloquere.
991 1023 1083 1065 GE.
1116 1023 1259 1064 Modo
1292 1023 1414 1076 apud
1449 1027 1643 1076 portum.

356 1091 451 1133 AN.
475 1091 718 1133 Meumne‘?
780 1091 869 1133 GE.
892 1092 1133 1133 Iutellexti.
1192 1091 1288 1132 AN.
1312 1090 1496 1132 Occidi!
1553 1090 1643 1132 GE.

357 1158 476 1199 Hem
497 1159 506 1199 ἓ

183 1256 367 1295 hiesugam‚
383 1259 437 1286 aut
445 1255 571 1293 furtum
585 1255 775 1289 meditatur?
819 1255 886 1288 GE.
911 1255 975 1287 Sed
989 1256 1042 1287 ubi
1056 1255 1264 1296 Antiphonem
1287 1256 1462 1288 inveniam?
1482 1260 1536 1287 aut
1553 1267 1643 1297 quam

183 1300 266 1330 viam
292 1299 333 1329 ad
357 1308 426 1329 eum
447 1300 646 1338 quoerendnm
672 1299 775 1329 inibo?
819 1299 891 1330 ΡΗ.
915 1299 956 1329 Te
981 1299 1132 1330 nominat.
1176 1298 1245 1330 AN.
1269 1299 1384 1330 Nescio
1401 1299 1482 1339 quod
1496 1309 1640 1340 magnum

183 1351 223 1372 ex
243 1341 298 1372 hoc
312 1341 420 1371 nuntio
432 1341 509 1371 mihi
529 1341 668 1372 imminet
683 1342 807 1373 malum.
853 1343 922 1373 PH.
946 1341 1088 1371 Sanusne
1104 1351 1135 1372 es
1149 1341 1272 1372 animo?
1317 1341 1384 1372 GE.
1407 1342 1461 1372 Ad
1475 1344 1557 1372 aedes
1571 1352 1642 1373 nos-

182 1387 250 1414 tras
266 1383 312 1414 ire
322 1392 450 1422 pergam
464 1393 475 1413 .-
497 1382 541 1413 ibi
556 1384 671 1413 morari
686 1384 773 1414 solet.
819 1384 889 1414 ΡΗ.
913 1383 1102 1414 Revocemus
1119 1393 1198 1415 eum.
1236 1383 1306 1415 ΑΝ.
1331 1384 1398 1414 Hic
1411 1385 1488 1415 siste
1497 1385 1643 1423 gradum.

182 1426 250 1457 GE.
272 1425 359 1456 Satis
372 1425 531 1465 imperiose
547 1426 688 1465 loqueris,
702 1425 840 1466 quisquis
855 1436 898 1458 es.
934 1426 1004 1457 AN.
1015 1426 1120 1459 Geta.
1160 1426 1228 1457 GE.
1252 1427 1334 1466 Ipse,
1350 1436 1436 1466 quem
1452 1427 1640 1466 maerebam,

182 1469 327 1498 occurrit.
371 1466 441 1499 ΑΝ.
468 1467 586 1505 Dicito,
607 1468 683 1508 quid
707 1467 814 1508 affers,
839 1472 962 1508 quaeso?
983 1471 1075 1508 atque
1096 1468 1123 1498 si
1144 1471 1242 1509 potes,
1265 1478 1324 1499 uuo
1346 1469 1379 1498 id
1402 1470 1491 1499 verbo
1515 1479 1642 1509 expone.

183 1510 253 1541 GE.
280 1510 417 1541 Faciam.
461 1509 530 1542 ΑΝ.
555 1511 691 1542 Enarra.
738 1511 806 1542 GE.
833 1511 929 1541 Modo
955 1512 1036 1550 apud
1062 1514 1202 1550 portum.
1247 1510 1318 1542 AN.
1351 1512 1497 1542 IIIeumne
1520 1515 1640 1551 patrem

180 1551 319 1585 vidisti?
364 1552 431 1584 GE.
457 1553 646 1584 Intellexisti
661 1556 754 1585 recte.
799 1553 871 1584 AN.
895 1553 1021 1584 Interii.
1065 1553 1132 1584 GE.
1157 1553 1268 1585 Hem!
1312 1552 1380 1586 ΑΝ.
1407 1554 1490 1590 Quid
1498 1553 1642 1592 faciam?

789 1644 1027 1657 eeomeeeet

179 1714 234 1742 aut
240 1709 369 1748 furtum
380 1713 495 1751 parat?
516 1710 619 1742 Bent.
655 1710 734 1743 Hel.
759 1711 801 1747 Q.
816 1711 866 1742 hic
881 1709 1086 1749 mikifagam.
1122 1710 1177 1741 Ita
1194 1714 1228 1741 et
1244 1711 1433 1743 Boin—15
1451 1711 1616 1752 Reperiam
1627 1716 1640 1743 ?

182 1753 226 1783 G.
243 1758 278 1784 et
294 1753 367 1784 ΕΡ.
384 1757 542 1793 quaeram?
565 1754 649 1785 Mss.
668 1754 803 1794 quidam
817 1764 825 1784 ι
843 1763 933 1793 quam
948 1763 1084 1793 quoerere
1099 1753 1243 1784 insistam
1257 1754 1362 1785 eiam?
1383 1755 1492 1785 West.
1538 1755 1637 1786 Rem.

179 1797 272 1834 υἱιιηι,
294 1800 330 1826 et
357 1799 473 1826 recte:
499 1795 643 1827 dicimus
670 1797 758 1827 enim
776 1796 934 1827 insistere
952 1795 1048 1827 viam.
1072 1797 1131 1827 Fa.
1178 1797 1306 1827 Noster
1322 1797 1423 1828 etiarn
1441 1800 1517 1828 900.
1535 1807 1639 1828 anno-

182 1847 258 1868 rum
273 1838 382 1869 codex
398 1838 500 1868 niam:
524 1838 583 1869 sed
597 1839 705 1870 ceteri
721 1839 774 1870 via
786 1851 799 1876 ‚·
822 1838 910 1879 quod
926 1838 1050 1878 placet.
1073 1839 1258 1870 Bent.—-16
1281 1839 1349 1870 Ms.
1376 1839 1458 1870 Wit.
1485 1840 1526 1870 Te
1541 1841 1638 1871 nomi-

178 1881 277 1911 navit.
295 1881 484 1912 West.—l7
512 1880 595 1911 Wit-
629 1881 734 1912 Sanus
749 1886 802 1912 es?
835 1880 934 1912 Bodl.
951 1885 986 1911 et
1002 1881 1045 1911 G.
1072 1882 1212 1912 Sanusne
1226 1884 1281 1912 es?
1307 1881 1429 1912 omisso
1445 1882 1507 1913 Ah.
1526 1882 1635 1914 Idem.

158 1923 368 1954 .Plurimum.
412 1923 564 1954 Praestat
586 1924 661 1955 haec
686 1924 788 1955 lectio
805 1933 876 1963 prae
893 1922 1102 1963 quorundam
1122 1923 1290 1961 codicum,
1315 1925 1504 1964 plerumque.
1527 1924 1638 1956 Idem.

180 1965 268 1996 Gov.
289 1965 332 1996 Α.
349 1964 426 1996 San’
440 1975 478 1995 ne
494 1969 547 1996 es?
591 1966 650 1996 ΒΥ.
667 1966 768 1997 Sanus
783 1975 834 1997 es:
860 1966 981 1996 omisso
997 1965 1062 1996 Ah.
1107 1966 1209 1996 Both.
1231 1966 1311 2002 Vah,
1327 1966 1437 1997 sanun'
1454 1965 1512 1998 es?
1556 1967 1636 2007 Bip.

177 2008 242 2043 Ah,
258 2006 347 2038 sanu’
363 2017 401 2038 ne
413 2005 471 2038 es?
515 2007 609 2038 Peri.
634 2008 772 2040 Sanusne
797 2011 851 2039 es?
871 2008 908 2038 τὸ
933 2008 986 2039 Ah
1011 2008 1117 2048 priori
1144 2009 1254 2039 versui
1272 2008 1560 2048 adjungens.-—18
1583 2010 1636 2041 ΑΙι

177 2059 307 2081 sanusne
321 2053 376 2081 es?
398 2050 532 2080 Domum
546 2049 594 2081 ire
605 2060 745 2091 pergam,
760 2050 806 2081 ibi
816 2051 1027 2091 plurimumst.
1063 2051 1253 2082 Revocemus
1270 2051 1445 2083 Hominem.
1478 2050 1537 2082 Sca
1552 2053 1635 2083 ilic-⁰.

178 2093 272 2124 Hem.
316 2092 375 2123 Sic
391 2101 510 2122 versus
527 2091 702 2124 distribuit
719 2094 778 2125 Fa.
801 2093 858 2123 alii
874 2094 986 2124 aliter.
1030 2093 1234 2133 Perperam,
1250 2093 1383 2133 opinor,
1399 2103 1526 2126 omnes,
1569 2095 1636 2132 Ah,

177 2136 240 2166 nisi
258 2135 324 2166 duo
339 2144 381 2165 ex
395 2134 520 2165 nostris
537 2136 756 2174 recentiores,
773 2136 883 2166 nullus
899 2135 1015 2168 habet.
1051 2135 1151 2169 Quod
1168 2136 1195 2168 si
1212 2136 1352 2176 retines,
1369 2145 1503 2176 appone
1520 2142 1635 2168 tamen

177 2179 290 2208 versui
306 2176 527 2218 praecedenti,
542 2181 682 2218 exspecto
699 2179 822 2209 matum.
860 2178 926 2209 Ah.
970 2178 1114 2220 Reliqua
1131 2189 1233 2211 unum
1249 2190 1383 2212 versum
1398 2177 1542 2223 faciunt7
1553 2180 1636 2213 Tro-

177 2221 329 2252 cbaicum
344 2223 605 2260 pentametrum.
651 2220 759 2251 Sanun
782 2218 840 2252 es?
865 2221 1003 2252 Domum
1016 2223 1062 2252 ire
1075 2232 1224 2262 pergam:
1247 2222 1293 2253 ibi
1314 2224 1523 2263 plurimumst.
1572 2225 1634 2256 Re-

175 2273 314 2295 vocemus
327 2262 490 2293 hominem.
521 2262 580 2294 Sta
594 2262 678 2294 ilico.
713 2263 809 2295 Hem.
855 2263 1026 2305 Quinque,
1045 2271 1080 2295 ut
1096 2265 1206 2304 vides,
1224 2265 1312 2296 ictus
1328 2266 1453 2304 habet;
1469 2272 1505 2297 et
1520 2267 1554 2297 in
1570 2267 1633 2299 hac

176 2305 293 2337 fabula
308 2305 433 2337 iterum
446 2306 607 2336 recurrit.
632 2314 689 2336 111.
704 2309 736 2337 2.
754 2309 784 2337 l.
801 2307 810 2323 ‘
825 2306 945 2345 Dorio,
961 2307 1040 2337 audi
1055 2307 1209 2339 obsecro.
1245 2308 1324 2339 Non
1343 2309 1457 2340 audio.
1492 2310 1636 2341 Parum-

177 2358 253 2389 per.
299 2348 390 2381 Quin
418 2348 540 2379 omitte
569 2348 647 2378 me.’
669 2349 766 2380 Bent.
813 2349 928 2381 Hosce
946 2359 1062 2380 versus
1080 2349 1128 2381 sic
1149 2350 1271 2381 dividit
1295 2351 1398 2383 Both.
1426 2351 1505 2391 Vah,
1525 2353 1636 2384 sanun’

175 2395 231 2422 es?
256 2391 392 2422 Domum
415 2390 462 2421 ire
486 2400 634 2431 pergam.-
656 2391 699 2421 ibi
721 2391 891 2432 plurimum
914 2396 972 2424 est.
993 2391 998 2431 Ι
1019 2393 1208 2424 Revocemus
1233 2393 1395 2426 hominem.
1441 2394 1500 2426 Sta
1525 2395 1635 2427 illico!

177 2433 274 2472 Hem,
289 2433 367 2464 sutis
379 2442 435 2473 pro
451 2433 592 2473 imperio,
608 2434 746 2474 quisquis
760 2445 802 2466 es.
823 2435 829 2476 ζ
852 2434 958 2466 Geta!
982 2435 1052 2475 Ipse
1068 2439 1124 2474 est,
1139 2446 1226 2475 quem
1241 2437 1322 2467 volui
1337 2437 1457 2467 obviam
1468 2437 1483 2468 !
1507 2438 1634 2470 Notat-

175 2485 243 2516 que
258 2475 361 2516 idem,
382 2478 392 2492 ⁶
407 2474 516 2505 Plane
534 2476 581 2506 sic
598 2482 635 2507 nt
651 2486 710 2507 nos
728 2476 870 2508 fecimus
883 2478 915 2508 iii
933 2487 1047 2508 veusus
1064 2478 1262 2509 dividuntur
1280 2479 1312 2508 in
1330 2479 1404 2510 cod.
1431 2479 1475 2517 A,
1499 2486 1633 2513 nostro-

175 2527 250 2548 rnm
266 2518 337 2555 illo,
359 2517 560 2555 umidam,
577 2518 821 2558 antiquissimo,
844 2519 909 2551 nisi
937 2520 1024 2560 quod
1053 2520 1106 2550 ΑΙι
1129 2520 1362 2552 desideratur-,³
1405 2522 1484 2561 Bip.
1511 2523 1635 2555 dividit

174 2560 238 2597 Ah,
253 2560 340 2591 sanu’
355 2569 393 2591 ne
407 2563 459 2591 es?
478 2559 484 2599 Ι
504 2560 638 2591 Domum
653 2562 699 2591 ire
712 2572 861 2601 pergam:
878 2562 924 2592 ibi
937 2564 1104 2602 plurimum
1120 2566 1166 2593 est
1185 2564 1371 2594 Revocemus
1385 2564 1546 2597 hominem.
1569 2566 1632 2598 Sta

173 2602 268 2633 illico.
313 2600 420 2633 Hem!
464 2601 519 2633 Ita
541 2607 576 2633 et
600 2604 727 2643 Deiph.
752 2604 847 2636 Peri,
876 2609 912 2634 nt
939 2605 1041 2636 Bent.
1069 2604 1288 2636 dividendum
1316 2610 1529 2639 censet.--19
1551 2609 1634 2641 Wit.

176 2645 304 2676 omittit
318 2644 355 2676 τὸ
373 2644 473 2675 Satis.
517 2644 562 2676 G.
585 2645 670 2686 legit
690 2646 825 2686 quisquis
849 2650 907 2678 est.
932 2647 1126 2679 West.-20
1150 2646 1204 2678 Ab
1223 2648 1297 2679 ΕΡ.
1315 2648 1412 2680 abest
1436 2648 1473 2680 τὸ
1494 2651 1539 2682 id.
1585 2652 1631 2684 G.

175 2687 267 2717 verbo
279 2687 390 2727 expedi
403 2697 473 2717 uno.
492 2686 602 2719 Idem.
651 2687 793 2728 Obsecro,
807 2692 898 2730 atque
915 2689 973 2719 Br.
989 2689 1060 2720 siue
1077 2689 1353 2729 interrogatione.
1378 2692 1418 2723 R.
1435 2694 1545 2732 expedi
1560 2703 1631 2727 uno.

175 2728 295 2762 Gueif.
326 2732 358 2761 2.
386 2729 580 2762 croam-21
606 2730 674 2762 GE.
708 2730 814 2763 Hem!
859 2730 997 2763 Mallem
1025 2732 1087 2763 hoc
1113 2732 1263 2765 tribuere
1290 2734 1472 2775 Phaedrioe,
1496 2735 1631 2768 dicturo
