1966 3302
547 202 860 233 mmmmm-us
893 203 1002 234 Acr.
1037 204 1067 234 1.
1098 203 1166 235 sc.
1200 205 1272 234 ιιι.
1552 198 1637 240 929

576 395 780 439 AGTUS
813 398 850 439 Ι.
911 400 1117 442 SCENA
1150 400 1242 443 ΙΙΙ.

632 544 873 575 ANTiPHo.
920 545 1171 577 PHAEDRJA.

178 628 272 672 AN.
302 630 498 673 ADEON’
517 644 605 673 rem
632 632 816 684 redisse,
839 639 887 675 ut
921 635 996 689 qui
1027 635 1132 677 mihi
1168 636 1420 678 consultum
1453 641 1632 692 optume

350 700 457 741 velit
474 711 586 749 esse,

177 763 398 816 Phaedria,
417 769 586 820 patrem
609 770 659 807 ut
678 766 991 819 extimescam,
1025 769 1099 811 ubi
1135 770 1180 811 in
1215 777 1410 813 mentem
1431 772 1532 827 ejus
1554 773 1632 814 ad-

348 834 471 874 venti
491 833 636 875 venit?

176 896 310 948 Quod
331 900 378 940 ni
407 900 585 942 fuissem
615 900 878 955 incogitans,
910 903 974 945 ita
1001 916 1103 945 eum
1130 910 1426 960 expectarem,
1461 912 1512 947 ut
1547 919 1629 960 par

344 966 446 1008 suit.

190 1092 191 1095 ’
221 1084 290 1117 ΑΝ.
316 1087 402 1119 Eone
416 1087 551 1119 miseriae
564 1088 684 1128 deveni,
696 1092 731 1120 ut
753 1089 945 1121 vehementer
951 1090 1120 1129 formidem
1134 1094 1267 1131 patrem,
1283 1092 1336 1132 qui
1349 1092 1450 1122 omnia
1465 1092 1540 1123 bona
1555 1093 1633 1123 mihi

178 1129 274 1169 cupit,
287 1129 340 1160 ubi
355 1131 392 1161 de
414 1130 479 1169 ejus
493 1132 626 1162 adventu
640 1133 741 1171 cogito
754 1130 770 1163 Ι
815 1133 906 1166 Quod
919 1133 979 1163 nisi
987 1133 1120 1171 fuissem
1134 1134 1312 1173 imprudens
1332 1139 1362 1166 et
1387 1135 1633 1173 inconsiderans,

176 1170 224 1202 ita
246 1181 314 1203 eum
334 1172 444 1213 cupide
465 1176 668 1215 expectarem,
689 1178 725 1205 ut
745 1184 865 1215 aequum
886 1178 917 1206 et
940 1176 1120 1208 conveniens
1133 1177 1214 1214 suit.
1258 1176 1331 1209 Pu.
1356 1177 1442 1214 Quia
1464 1178 1547 1209 istud
1569 1181 1636 1209 est?

788 1289 1024 1302 ”OOOD‘OO‘O‘

218 1376 288 1408 Hic
304 1380 400 1408 notat
415 1376 492 1418 Bip.
515 1377 525 1395 ⁴
542 1377 670 1409 Contra
687 1388 821 1411 omnem
837 1379 971 1412 artificii
984 1379 1122 1420 scenici,
1134 1380 1277 1421 ejusque
1291 1379 1489 1411 Terentiani
1507 1380 1632 1412 intelli-

201 1419 341 1459 entiam,
357 1419 505 1450 editores
521 1420 601 1452 inde
617 1426 710 1452 certe
726 1421 769 1452 ab
785 1423 926 1454 Erasmo
941 1423 1026 1454 duas
1047 1423 1175 1463 priores
1190 1423 1318 1454 Scenas
1333 1423 1433 1463 hujus
1448 1422 1554 1454 Actus
1572 1423 1631 1454 ad-

176 1428 264 1493 dunt
286 1461 392 1492 Actui
416 1470 440 1493 1.
465 1467 501 1493 et
523 1463 710 1495 secundum
726 1464 859 1496 demum
878 1465 1069 1504 ordiuntur,
1085 1465 1142 1496 ubi
1159 1465 1258 1496 nobis
1273 1465 1384 1496 Actus
1400 1474 1458 1496 ιιι.
1483 1466 1631 1497 initium.

176 1503 248 1534 Nos
261 1503 432 1544 sequimur
449 1514 519 1536 rem
535 1505 645 1546 ipsam
661 1511 697 1537 et
713 1506 800 1538 Don.
817 1507 874 1548 qui
891 1507 1016 1539 edicit:
1039 1509 1048 1524 ‘
1067 1508 1202 1539 Primus
1218 1507 1324 1539 Actus
1341 1512 1392 1538 est
1408 1508 1442 1538 in
1460 1509 1630 1549 colloquio

174 1545 264 1576 Davi
281 1550 317 1577 et
340 1546 455 1586 Getae,
475 1557 538 1587 per
553 1557 637 1588 quos
653 1548 764 1580 discet
780 1550 927 1590 populus
950 1555 1201 1590 argumentum.
1245 1550 1393 1581 Secundi
1407 1550 1515 1581 Actus
1532 1556 1632 1582 tenor

174 1587 327 1619 continet
343 1589 527 1620 adveutum
542 1589 640 1621 Senis
657 1590 903 1632 turbulentum,
920 1597 956 1624 et
972 1592 1126 1633 ejusdem
1147 1591 1301 1633 jurgium
1318 1593 1481 1623 adversus
1505 1593 1630 1624 Getam

174 1635 212 1661 et
230 1629 445 1662 Phaedriam!
488 1631 541 1663 Ac
561 1642 642 1663 sane
665 1633 737 1673 jam
764 1634 874 1665 Scena
900 1638 954 1666 est
978 1644 1086 1666 vacua
1109 1635 1284 1676 utriusque
1309 1635 1468 1665 discessu.
1511 1636 1631 1667 Scenae

174 1681 255 1705 vero
271 1682 343 1713 sqq.
358 1673 407 1704 ita
422 1673 616 1714 conjuncta:
631 1681 710 1707 sunt
727 1676 924 1708 turbulento
940 1677 1088 1708 adventu
1108 1678 1218 1716 Senis,
1234 1683 1271 1708 ut
1294 1678 1386 1708 nullo
1401 1677 1492 1708 inter
1508 1679 1581 1709 illas
1595 1682 1631 1710 et

174 1713 265 1746 hunc
288 1716 467 1747 intervallo
492 1717 586 1747 locus
613 1717 680 1756 sit3
713 1719 803 1759 quod
820 1719 981 1760 cujusque
997 1719 1072 1750 finis
1088 1719 1237 1751 docebit.
1281 1720 1410 1751 Nostra
1424 1730 1558 1761 quoque
1575 1721 1630 1752 ed.

173 1761 272 1788 vetus
289 1767 366 1789 cum
381 1758 461 1798 figg.
486 1764 580 1790 recte
606 1759 649 1791 ab
676 1760 740 1790 hac
763 1762 872 1792 Scena
897 1761 1022 1793 Actum
1041 1771 1081 1794 11.
1104 1761 1248 1793 orditur.
1293 1763 1395 1793 Bent.
1415 1763 1495 1793 talia
1513 1763 1630 1794 videre

173 1808 240 1830 non
255 1801 365 1839 solet;
387 1800 446 1831 sed
461 1801 633 1838 miramur,
652 1803 741 1843 quod
757 1803 841 1834 Dae.
859 1804 920 1835 lnoc
944 1813 1010 1835 non
1035 1804 1183 1835 viderit!
1236 1804 1277 1835 In
1294 1805 1396 1836 Both.
1414 1815 1549 1845 quoque
1573 1806 1629 1837 hic

175 1847 228 1874 est
244 1841 323 1875 Act..
339 1851 380 1873 n.
406 1843 461 1875 sc.
480 1845 575 1875 1.-2
600 1845 729 1876 Patrem
752 1849 787 1876 ut
809 1847 1020 1878 extimescam.
1066 1847 1120 1878 Ita
1136 1847 1289 1888 plerique
1306 1847 1391 1878 Mss.
1407 1852 1440 1878 et
1465 1848 1547 1879 editi
1574 1858 1630 1879 ve-

174 1887 278 1917 teres..
320 1883 403 1924 Alii,
423 1888 546 1925 patrem
570 1887 780 1918 extimescam.
827 1888 927 1920 Quod
945 1890 1122 1920 revocavit
1147 1890 1238 1929 Guy.
1264 1893 1300 1921 et
1323 1894 1401 1929 post
1417 1899 1492 1920 eum
1509 1900 1629 1922 recen-

172 1926 276 1958 tiores
289 1927 438 1967 quidam,
453 1928 597 1966 scilicet,
613 1930 692 1970 quia
706 1939 805 1961 versu
820 1933 851 1961 1.
866 1930 905 1961 τὸ
921 1932 930 1948 ‘
944 1930 1002 1962 ut'
1020 1932 1091 1972 jam
1105 1931 1269 1972 scriptum
1286 1931 1409 1970 fuerat,
1427 1942 1490 1964 nec
1507 1943 1628 1973 agnos-

172 1979 252 2000 cere
269 1969 405 2001 videtur
419 1971 488 2001 Do.
533 1970 561 2001 A
578 1971 646 2002 Ms.
672 1972 770 2003 Witt.
788 1977 970 2014 utrumque
993 1978 1029 2004 nt
1052 1973 1162 2005 abest.
1207 1973 1371 2005 Defendit
1390 1980 1503 2006 tamen
1519 1976 1553 2008 J.
1572 1977 1627 2007 Fr.

172 2011 326 2043 Gronov.
342 2012 384 2043 ad
404 2013 517 2043 Plaut-
534 2013 661 2045 Bacch.
678 2023 729 2046 1v.
744 2017 777 2046 6.
792 2017 844 2047 18.
890 2016 976 2047 Vide
991 2026 1092 2057 porro
1110 2017 1181 2057 ejus
1196 2017 1302 2048 Notas
1319 2017 1360 2048 ad
1375 2017 1448 2048 Liv.
1467 2027 1561 2049 xxn.
1576 2022 1626 2049 ll.

172 2058 208 2084 et
226 2062 364 2085 xxvni.
380 2056 413 2085 9.
470 2055 548 2086 Hoc
564 2060 631 2095 est,
645 2057 733 2097 quod
750 2057 831 2090 JCti
846 2058 984 2090 dicunt:
1011 2059 1116 2090 Pater
1132 2059 1352 2100 praesumitur
1365 2060 1531 2098 optimum
1548 2071 1628 2091 con-

172 2095 284 2126 silium
300 2105 423 2136 capere
439 2106 500 2137 pro
514 2097 629 2129 liberis
646 2099 725 2130 suis.
770 2100 853 2131 Mss.
876 2100 977 2132 Bodl.
1000 2100 1044 2132 G.
1071 2106 1107 2132 et
1134 2102 1262 2133 Xanth.
1285 2112 1360 2133 cum
1376 2102 1449 2133 ΕΡ.
1463 2105 1625 2135 adt-entus.

171 2139 218 2169 Et
232 2138 316 2170 citat
332 2138 527 2170 Priscianus
544 2140 659 2172 Instit.
677 2150 728 2172 vl.
744 2146 780 2173 et
797 2150 887 2174 xvii.
902 2143 1020 2174 dicens
1036 2144 1224 2183 genitivum
1241 2145 1417 2185 antiquum
1435 2155 1496 2184 pro
1521 2147 1625 2177 nomi-

171 2180 287 2211 nativo
300 2181 468 2222 usurpari.
496 2182 595 2213 IVest.
642 2183 693 2214 Ex
709 2184 826 2215 multis
839 2185 945 2224 libris,
961 2186 1062 2216 etiam
1082 2186 1339 2227 antiquissimis,
1363 2192 1398 2218 et
1424 2188 1492 2219 Do.
1511 2189 1626 2229 logen-

171 2222 250 2254 dum
267 2228 332 2262 est,
343 2227 466 2263 patrem
481 2228 516 2255 ut
529 2225 737 2260 extimescam,
754 2226 836 2258 licet
863 2227 952 2258 aliud
978 2228 987 2245 ‘
1003 2227 1059 2258 ut'
1084 2228 1268 2268 pra-cedat.
1292 2229 1352 2260 Fa.
1405 2230 1626 2271 Phoedriapa-

171 2268 250 2296 trem
262 2269 297 2296 ut
310 2266 520 2306 extimescam,
534 2267 586 2297 ubi
608 2268 641 2298 in
665 2272 795 2299 mentem
819 2268 886 2308 ejus
908 2270 1035 2301 adventi
1050 2271 1144 2301 venit.
1188 2271 1243 2302 Sic
1257 2271 1395 2303 codices
1409 2274 1515 2303 nostri
1531 2284 1540 2311 ;
1563 2275 1625 2305 nisi

171 2307 262 2347 quod
278 2309 430 2339 adventus
444 2308 602 2340 habeant.
647 2309 696 2341 At
721 2311 791 2342 Do.
817 2312 956 2350 adt-enti,
983 2317 1019 2343 et
1048 2313 1243 2344 Priscianus
1259 2313 1323 2352 bis,
1341 2324 1373 2354 p.
1389 2317 1462 2348 712.
1478 2321 1511 2346 ct
1532 2319 1624 2348 1101.

170 2348 240 2380 Sed
256 2350 346 2391 apud
361 2351 574 2382 Prisciannm
591 2351 691 2383 aliter
706 2353 811 2384 verba
825 2354 1050 2393 collocantur,
1065 2355 1112 2385 ita
1130 2360 1168 2386 ut
1180 2357 1390 2386 octonarium
1415 2359 1551 2397 plenum
1577 2359 1625 2389 fa-

169 2391 275 2428 ciant,
291 2392 442 2424 Phaedria
454 2397 575 2433 patrem
597 2398 632 2425 ut
646 2395 857 2434 extimescam,
868 2396 920 2426 uhi
934 2397 1000 2436 ejus
1015 2398 1140 2428 adventi
1154 2397 1240 2429 venit
1255 2398 1288 2428 in
1304 2402 1445 2431 mentem.
1490 2401 1600 2431 Recte
1614 2413 1621 2432 :

171 2433 221 2464 sic
239 2433 306 2466 duo
324 2435 414 2474 pleni
432 2440 544 2473 erunt,
557 2441 590 2466 et
607 2437 728 2469 tertius
750 2439 1001 2470 Catalecticus:
1035 2444 1073 2470 ut
1087 2449 1166 2470 mox
1181 2440 1304 2471 iterum
1321 2448 1461 2482 quartus
1479 2447 1512 2473 et
1528 2444 1623 2483 quin-

171 2479 225 2506 tus
242 2476 332 2516 pleni
348 2482 438 2518 sunt,
452 2482 568 2509 sextus
585 2479 826 2512 Catalecticus.
850 2481 946 2512 Bent.
994 2483 1152 2513 Adventus
1167 2483 1226 2513 ΒΓ.
1253 2483 1396 2514 Bothius
1412 2485 1550 2515 ordinat
1565 2487 1626 2516 Pa-

168 2521 260 2557 trem,
273 2519 436 2560 Phaedria,
452 2523 487 2551 ut
502 2521 712 2561 extimescam,
726 2522 779 2553 ubi
794 2522 858 2562 ejus
873 2523 999 2555 adventi
1014 2525 1099 2555 venit
1113 2524 1147 2555 in
1163 2528 1295 2555 mentem
1306 2523 1322 2556 :2
1365 2527 1375 2542 ‘
1392 2526 1459 2557 Ms.
1474 2527 1553 2558 Par.
1568 2529 1623 2558 ad-

169 2564 290 2592 ventus.
334 2561 419 2593 GM.
435 2566 593 2594 neutrum
610 2563 713 2595 habet
729 2573 793 2596 nec
807 2566 932 2596 adventi
948 2576 1010 2598 nec
1025 2566 1197 2597 adt-entus:
1229 2567 1324 2599 Perl.
1377 2568 1387 2584 ‘
1401 2569 1498 2600 Vett.
1523 2570 1624 2600 codd.

170 2608 205 2633 et
224 2603 264 2634 R.
281 2603 441 2635 adventus.
464 2604 551 2635 Vide
568 2605 736 2638 Priscian.
754 2607 811 2638 lib.
828 2607 887 2639 Vl!
910 2607 1006 2640 Lind.
1050 2609 1183 2639 Patrem
1195 2610 1404 2641 extimescam.
1428 2611 1517 2652 Guy.
1531 2612 1624 2644 delet

169 2645 372 2683 particulam
388 2650 435 2686 ut,
447 2647 667 2687 quandojam
686 2649 784 2680 adest
801 2659 899 2680 versu
914 2650 1062 2690 praeced.
1080 2651 1170 2690 quod
1190 2651 1231 2682 ab
1244 2661 1283 2682 eo
1300 2651 1426 2683 factum
1442 2658 1571 2685 temere
1589 2660 1624 2686 et

169 2686 350 2727 imperite:
384 2698 461 2720 nam
479 2697 570 2730 saepe
591 2690 600 2705 ‘
614 2690 671 2721 ut'
697 2695 773 2730 post
789 2691 943 2731 quaedam
960 2692 1161 2732 interposita
1177 2703 1219 2726 ex
1237 2694 1422 2726 abundanti
1441 2698 1621 2736 rcpcnitur.

172 2729 214 2760 R.
235 2730 275 2760 D.
331 2731 370 2761 In
397 2734 528 2762 mentem
552 2742 648 2763 meam
674 2732 737 2772 ejus
762 2735 912 2765 adt-entus
935 2736 1016 2766 venit
1041 2735 1155 2767 Guelf.
1181 2738 1277 2768 2.-—3
1302 2736 1371 2768 Alii
1399 2739 1622 2779 conjungunt,

254 2782 368 2823 Delph.
386 2787 414 2815 et
432 2783 506 2817 Var.
521 2786 604 2817 Clas.
832 2788 953 2821 Terent.
1458 2796 1476 2824 3
1502 2794 1533 2825 N
