1966 3302
495 232 805 263 memnonis·
837 232 945 262 Acr.
983 232 1032 263 ιι.
1065 231 1133 262 sc.
1166 233 1240 264 111.
1513 224 1598 263 957

143 326 303 367 PHOR.
336 326 455 377 Quia
473 341 604 380 egens
622 328 774 369 relicta
793 330 861 368 est
881 328 1055 377 misera,
1077 328 1300 380 ignoratur
1320 339 1506 380 parcns;
1544 328 1599 368 10

142 394 389 446 Negligitur
409 394 533 448 ipsa:
565 395 682 444 vide,
705 393 896 435 avaritia
916 394 1023 447 quid
1043 394 1149 434 facit
1166 394 1175 434 l

142 460 234 502 GE.
266 460 315 501 Si
334 462 480 502 herum
500 462 778 503 insimulabis
799 461 1016 510 avaritiae,
1038 461 1154 501 male
1175 460 1341 501 audies.

141 528 233 569 DE.
266 528 304 568 Ο
329 528 584 570 audaciam!
617 530 750 570 etiam
769 541 840 569 me
864 528 983 568 ultro
1006 531 1263 569 accusatum
1284 528 1496 569 advenit?

140 594 302 635 Paua.
335 595 454 636 Nam
469 595 564 649 jam
586 596 861 637 adolescenti
881 595 990 635 nihil
1009 600 1076 636 est
1095 595 1214 649 quod
1237 608 1538 645 succenseam,

1572 663 1590 673 .-

142 661 192 702 Si
209 661 331 702 illum
352 662 496 703 minus
515 668 671 704 norat:
702 663 870 717 quippe
891 663 1020 703 homo
1035 662 1131 716 jam
1155 663 1375 715 grandior,
1538 663 1595 703 1ο

140 727 335 781 Pauper,
363 729 435 769 cui
457 742 594 783 opera
613 730 709 772 vita
729 732 833 779 erat,
853 729 941 770 ruri
961 729 1048 770 fere

142 794 200 836 Se
222 796 498 837 continebat:
530 797 593 837 ibi
613 809 764 850 agrum
786 796 841 836 de
863 800 1016 837 nostro
1041 800 1167 849 patre

142 861 387 912 Colendum
409 864 612 905 habebat.
672 865 807 917 Saepe
830 864 1002 905 interea
1021 863 1127 904 mihi
1150 875 1286 904 senex

140 1003 229 1044 inops
239 1005 351 1036 relicta
375 1010 433 1045 est,
456 1009 547 1046 pater
569 1006 635 1046 ejus
656 1007 801 1047 ignorari
814 1008 969 1049 fingitur,
992 1007 1201 1038 contemnitur
1227 1007 1294 1047 ipsa
1310 1016 1320 1036 :
1342 1006 1424 1046 vide,
1441 1007 1515 1047 quid
1540 1017 1600 1038 non

138 1046 225 1086 cogit
234 1047 370 1079 homines
384 1049 517 1080 avaritia
524 1049 633 1087 facere
647 1050 662 1082 !
698 1051 765 1082 GE.
789 1050 828 1082 Si
841 1052 947 1082 lterum
954 1050 1041 1088 falso
1056 1049 1212 1081 incusabis
1227 1049 1382 1085 avaritioe,
1394 1050 1601 1081 calumniator

141 1092 171 1119 et
186 1089 376 1130 falsiloquus
401 1092 617 1123 aestimaberis.
662 1093 728 1123 DE.
762 1094 791 1123 0
819 1093 1037 1135 confidentiam
1061 1092 1246 1132 ingentem!
1268 1092 1363 1123 etiam
1385 1094 1524 1123 consulto
1552 1103 1601 1123 me

141 1136 340 1163 accusaturus
363 1134 422 1164 huc
443 1134 549 1165 venit?
592 1135 663 1166 ΡΗ.
688 1136 772 1166 Nam
786 1135 858 1173 jam
879 1137 995 1167 nullam
1017 1145 1139 1166 causam
1160 1135 1255 1166 habeo
1277 1144 1332 1165 cur
1347 1135 1468 1165 irascar
1483 1136 1601 1166 adoles·

141 1175 226 1205 centz·
248 1175 434 1216 Antiphoni,
454 1177 482 1207 si
507 1177 699 1218 Stilphonem
715 1179 834 1209 Phanii
848 1182 969 1219 patrem
984 1188 1094 1218 parum
1109 1177 1301 1217 cognoverit,
1317 1178 1460 1217 quoniam
1465 1177 1535 1215 jam
1550 1178 1604 1208 ille

141 1221 236 1248 aetate
256 1220 409 1257 grandior
431 1223 511 1257 erat,
533 1230 624 1260 quam
645 1224 679 1251 ut
703 1220 878 1261 Antiphoni
900 1225 949 1252 sat
963 1225 1054 1252 notus
1070 1230 1132 1252 esse
1144 1224 1247 1261 posset
1259 1231 1270 1256 ;
1289 1229 1416 1259 pauper,
1432 1220 1485 1259 qui
1499 1221 1603 1251 labore

140 1260 255 1290 rustico
271 1264 362 1301 atque
376 1271 468 1301 opera
483 1262 598 1293 victum
612 1264 782 1303 quaerebat,
797 1264 865 1294 ruri
890 1274 978 1304 poene
992 1273 1112 1304 semper
1127 1263 1299 1299 habitabat,
1313 1262 1357 1293 ibi
1371 1272 1482 1301 ugrum
1498 1273 1517 1293 a
1532 1273 1601 1293 nos-

141 1305 192 1333 tro
204 1306 296 1343 patre
307 1305 490 1335 conductum
503 1306 613 1336 arabat
627 1316 636 1336 .·
657 1315 738 1347 soepe
758 1306 877 1337 interea
891 1306 970 1337 mihi
984 1316 1078 1338 senex
1090 1306 1142 1337 ille
1155 1306 1320 1345 referebat,
1336 1305 1416 1336 hunc
1431 1305 1602 1345 Demipho-

743 1410 987 1429 ‘nmero‘

141 1495 218 1526 dum
237 1494 301 1527 sibi
319 1494 483 1534 auditum,
497 1505 562 1528 nec
577 1496 742 1528 credibile
759 1502 812 1528 est
829 1498 978 1539 parasito
994 1498 1150 1530 mendaci
1176 1503 1243 1529 tam
1271 1498 1341 1529 cito
1366 1498 1535 1530 excidisse
1553 1500 1602 1530 in=

140 1537 194 1569 fra
208 1548 256 1569 vs.
272 1541 325 1569 38.
338 1537 450 1578 [nobis
467 1538 536 1579 39.]
552 1540 640 1580 quod
666 1541 674 1557 ‘
691 1540 796 1580 olim,'
821 1551 899 1572 cum
925 1551 980 1572 res
1006 1541 1048 1571 ad
1070 1541 1205 1581 judices
1222 1541 1336 1572 delata
1352 1547 1456 1581 esset,
1473 1542 1601 1574 dietum

141 1584 217 1612 erat
233 1590 356 1611 nomen
374 1581 493 1621 patris.
539 1582 624 1614 Quis
641 1583 777 1613 tandem
806 1584 990 1624 repetitam
1016 1584 1107 1615 illam
1131 1584 1348 1624 negationem
1373 1584 1524 1625 ejusdem
1551 1586 1601 1616 rei

140 1622 253 1654 ferat?
288 1622 328 1654 In
347 1623 452 1663 priori
467 1628 561 1655 certe
585 1623 799 1664 flagitatione
816 1628 920 1657 semel
938 1632 1072 1657 tantum
1089 1626 1181 1658 Geta
1203 1626 1403 1666 respondet.
1437 1627 1600 1667 Bip.—-ll

144 1666 241 1704 Negl.
255 1665 324 1706 ipsa
339 1666 462 1697 absunt
486 1676 506 1697 a
528 1666 644 1698 Guelf.
659 1670 778 1699 3.——12
802 1669 945 1700 Variant
961 1670 1047 1700 Mss.
1065 1674 1101 1700 et
1118 1670 1287 1710 impressi,
1309 1669 1363 1700 vel
1387 1670 1534 1700 avaritioe
1555 1671 1603 1701 le-

141 1712 276 1748 gentes,
297 1709 351 1739 vel
367 1709 509 1740 malitiae.
555 1709 633 1741 Riv.
649 1715 685 1742 et
701 1711 744 1742 G.
759 1711 796 1742 F.
812 1711 958 1743 avaritia,²
981 1712 1180 1751 defendunt,
1196 1712 1289 1752 quasi
1307 1712 1439 1743 acutius
1456 1712 1601 1744 dictum.

147 1750 250 1782 West.
296 1750 375 1782 O.1.
389 1760 415 1782 s.
427 1756 595 1792 quotquot
609 1752 692 1792 vidi,
704 1758 739 1784 et
751 1754 816 1785 Do.
829 1754 970 1786 malitiae.
994 1755 1054 1786 Fa.
1101 1755 1153 1785 Ex
1166 1760 1217 1785 tot
1230 1755 1353 1785 nostris
1370 1764 1456 1785 unus
1467 1760 1602 1787 tantum

141 1793 297 1824 avaritiae.
320 1794 422 1824 Bent.
458 1795 613 1825 Avaritiae
629 1796 711 1826 Vet.
725 1796 809 1827 Cod.
833 1797 927 1827 Lind.
965 1797 1104 1828 Malitioe
1116 1798 1176 1828 Br.
1189 1797 1292 1828 Bent.
1304 1797 1382 1837 Bip.
1394 1798 1496 1829 Both.
1508 1799 1603 1830 Peri.

142 1838 227 1867 ——13
255 1835 363 1867 Etiam
378 1835 440 1876 me]
464 1837 610 1868 Codices
626 1838 762 1879 quidam
777 1848 843 1870 non
861 1840 961 1879 male,
976 1841 1118 1871 etiamne.
1135 1841 1245 1871 West.
1291 1840 1446 1879 Advenit]
1464 1841 1548 1872 Mss.
1567 1846 1603 1872 et

142 1878 228 1909 editi
244 1878 394 1919 quidam,
409 1879 506 1911 venit.
532 1879 584 1910 Id.
631 1881 722 1921 Lege
740 1891 816 1912 cum
838 1883 913 1913 cod.
930 1883 1038 1922 Regio
1057 1884 1085 1913 Ο
1101 1882 1286 1913 audaciam?
1307 1883 1441 1913 etiamne
1455 1884 1536 1914 ultro
1552 1895 1603 1914 ac-

141 1924 282 1952 cusatum
303 1920 450 1952 advenit?
471 1922 574 1954 Bent.
618 1922 729 1954 Abest
744 1925 827 1955 ultro
841 1934 860 1955 a
875 1924 990 1955 Guelf.
1008 1928 1039 1956 2,
1068 1926 1154 1956 Perl.
1197 1925 1344 1956 Etiamne
1369 1925 1448 1965 Bip.
1476 1926 1603 1967 Delph.

140 1963 334 1995 Both.-15
359 1964 416 1994 Tr.
443 1964 493 1995 M.
516 1970 551 1995 et
579 1964 651 1996 EA.
667 1966 738 2005 jam
754 1970 829 1997 natu
842 1967 1006 2006 grandior.
1054 1968 1247 2008 Utrumque
1268 1968 1512 1998 Terentianum
1540 1974 1604 2000 est.

147 2005 250 2037 West.
286 2006 387 2037 Novit
403 2005 520 2038 Guelf.
537 2011 569 2039 2.
586 2014 620 2038 et
636 2012 713 2039 natu
731 2009 762 2039 in
777 2010 851 2040 loco
865 2010 997 2048 majam
1012 2013 1042 2040 1.
1059 2013 1091 2041 2.
1115 2010 1215 2040 Illum:
1228 2010 1416 2041 Both.—10
1432 2011 1490 2042 Sic
1507 2011 1604 2043 dedit

141 2047 308 2084 Faernus,
324 2058 364 2079 ex
383 2050 537 2088 Donato,
557 2055 595 2081 ut
617 2051 787 2090 arbitror;
812 2052 948 2083 codices
966 2053 1052 2083 enim
1071 2053 1179 2083 nostri
1196 2053 1357 2091 universi,
1381 2053 1431 2084 cui
1456 2055 1490 2084 in
1505 2064 1604 2094 opere.

144 2091 249 2131 Opera
264 2095 363 2122 sexto
379 2101 472 2129 casu,
487 2101 545 2123 seu
563 2092 725 2133 ablativo,
739 2094 866 2135 accipit
881 2096 1060 2133 Donatus3
1077 2095 1285 2126 recentiores
1302 2095 1507 2136 interpretes
1524 2107 1603 2128 casu

142 2138 251 2165 recto.
296 2132 442 2175 Utrique
458 2133 600 2174 frustra,
612 2145 687 2166 cuin
705 2137 808 2168 lectio
826 2137 989 2169 mendosa
1004 2138 1061 2176 sit,
1087 2142 1123 2168 et
1140 2148 1160 2168 a
1176 2147 1274 2168 versu
1291 2137 1366 2178 ipso
1384 2139 1605 2179 repudietur3

140 2177 150 2193 ‘
164 2175 239 2208 cui’
262 2176 364 2215 enim,
387 2186 462 2207 cum
479 2177 512 2207 in
530 2177 599 2208 Ictu
617 2187 682 2209 non
701 2181 757 2216 sit,
777 2181 969 2211 necessario
987 2180 1147 2218 elidetur,
1169 2184 1204 2210 et
1220 2185 1364 2211 metrum
1382 2181 1603 2214 claudicabit.

142 2219 284 2259 Repone
310 2228 354 2250 ex
379 2219 474 2250 libris
501 2219 669 2256 omnibus,
695 2222 835 2261 Pauper,
850 2223 902 2253 cui
917 2223 951 2253 in
967 2233 1056 2263 opere
1071 2223 1136 2253 vita
1152 2226 1240 2253 erat:
1264 2223 1327 2254 boc
1343 2228 1410 2263 est,
1427 2225 1482 2264 qni
1501 2234 1605 2264 opere

143 2262 271 2293 rustico
296 2260 457 2292 faciendo
480 2263 607 2293 victum
625 2263 688 2294 sibi
706 2265 894 2304 quaerebat.
939 2266 948 2281 ‘
962 2264 1075 2305 Opus’
1104 2265 1260 2296 absolute
1275 2275 1337 2306 pro
1354 2275 1459 2305 opere
1477 2267 1604 2298 rustico

143 2314 247 2345 saepe.
293 2304 351 2334 Pr.
368 2308 481 2335 tamen
499 2315 533 2344 p.
551 2308 647 2336 1006.
674 2307 723 2336 cui
738 2316 855 2346 opera,·
877 2311 914 2338 ut
940 2313 975 2339 et
1000 2309 1045 2339 ibi
1072 2308 1170 2339 Msti.
1195 2308 1292 2340 Bent.
1340 2308 1400 2338 Cui
1415 2318 1507 2348 opera
1522 2310 1603 2350 vita]

142 2346 197 2377 Ita
214 2346 369 2377 meliores
387 2346 469 2377 libb.
488 2356 530 2377 ne
546 2348 647 2378 aliter
664 2348 722 2379 Pr.
739 2350 796 2379 lib.
810 2358 867 2381 xv.
903 2351 1032 2391 Estque
1050 2350 1206 2382 Atticum
1235 2350 1393 2391 loquendi
1421 2361 1540 2390 genus,
1567 2359 1604 2383 ut

143 2388 226 2419 iliud
245 2389 372 2419 veteris
389 2389 500 2429 poe'tae
517 2390 606 2430 apud
623 2390 839 2430 Athenaeum,
867 2392 1009 2432 Dipnos.
1036 2393 1095 2424 lii).
1110 2402 1134 2424 1.
1160 2403 1236 2433 cap.
1260 2396 1293 2424 7.
1318 2391 1415 2423 Οὐδὲν
1431 2394 1447 2423 ὁ
1459 2393 1605 2435 μάγειρος

141 2432 197 2462 τοῦ
209 2432 336 2468 ποιητοῦ
351 2429 494 2472 διαφέρει,
516 2432 553 2463 ‘0
569 2433 637 2464 νοῦς
652 2432 712 2474 ’γάρ
729 2434 813 2465 ἐστιν
828 2434 961 2476 ἑκατέρῳ
975 2434 1095 2467 τούτων
1108 2435 1217 2473 τέχνη.
1261 2435 1370 2466 Simili
1397 2437 1485 2467 euim
1502 2438 1604 2469 modo

143 2474 272 2505 dictum
290 2474 306 2504 ὅ
326 2474 406 2513 νοῦς,
420 2473 531 2513 τέχνη,
551 2480 589 2506 ut
607 2486 625 2506 a
642 2476 806 2508 Terentio
822 2478 900 2516 vita,
914 2488 1019 2519 opera.
1064 2478 1168 2510 Aliud
1195 2488 1276 2518 ergo
1306 2479 1465 2509 Donatus
1492 2479 1604 2519 egisse

143 2516 292 2554 videtur,
316 2526 392 2547 cum
415 2517 485 2547 haec
513 2517 613 2548 aliter
641 2520 804 2559 explicat.
827 2520 925 2552 Lind.
968 2522 1097 2552 Donati
1121 2521 1307 2560 explicatio
1322 2530 1341 2550 a
1357 2521 1460 2552 Bent.
1485 2527 1520 2552 et
1538 2523 1604 2553 Cu-

143 2568 226 2599 pero
244 2559 328 2589 Obs.
345 2568 370 2589 1.
387 2561 438 2590 17.
457 2564 551 2590 recte
566 2561 779 2601 repudiatur.
817 2562 885 2592 Sed
901 2563 1004 2594 Bent.
1023 2564 1091 2604 legi
1108 2564 1180 2594 vult
1195 2563 1246 2594 cui
1261 2564 1294 2594 in
1309 2572 1409 2603 opere.
1448 2563 1604 2604 Cuperus

145 2611 225 2632 vero
243 2606 359 2632 tuetur
373 2611 466 2641 opera
480 2602 513 2632 in
530 2611 611 2633 casu
627 2609 735 2644 recto,
762 2609 798 2635 et
820 2606 995 2645 explicat:
1022 2607 1085 2637 Cui
1110 2615 1213 2645 opera
1240 2605 1349 2636 victus
1371 2610 1460 2645 erat,
1485 2609 1540 2647 qui
1559 2617 1602 2639 ex

142 2653 247 2683 opera
261 2653 296 2674 se
313 2643 439 2674 alebat.
464 2645 612 2675 Bentleii
630 2646 810 2686 rationem,
824 2652 862 2678 ut
879 2647 1361 2688 Latiniorem,praeferendam
1380 2657 1454 2678 esse
1469 2658 1605 2682 censeo.

145 2686 244 2718 Zeun.
291 2686 351 2717 Cui
367 2696 458 2726 opera
472 2688 538 2717 vita
551 2688 634 2728 erat]
668 2688 714 2719 Η.
731 2698 761 2719 e.
779 2689 890 2730 quiex
907 2699 1012 2730 opera
1028 2691 1226 2732 quotidiana
1241 2690 1305 2721 sibi
1322 2690 1449 2721 victum
1467 2701 1604 2732 compa-

147 2728 256 2760 rabat.
281 2728 322 2759 R.
337 2729 381 2760 D.
428 2729 532 2760 Beut.
549 2736 675 2760 temere
689 2730 775 2761 facit
801 2731 835 2762 in
850 2742 950 2771 opere.
974 2733 1054 2774 Bip.
1096 2733 1153 2764 Sic
1170 2732 1254 2763 dant
1272 2734 1329 2763 ΒΓ.
1348 2733 1449 2764 Both.
1465 2734 1604 2766 Perl.—

146 2773 185 2802 17
207 2770 248 2802 Se
264 2770 393 2803 omittit
420 2771 480 2802 ΒΓ.
523 2772 585 2803 Ubi
610 2782 671 2812 pro
685 2772 728 2804 ibi
746 2773 805 2805 dat
822 2773 939 2805 Guelf.
956 2778 1073 2807 2.—21
1100 2776 1163 2807 Abi
1179 2775 1227 2815 in]
1250 2775 1284 2807 Si
1301 2776 1396 2816 legas
1412 2776 1434 2806 I
1454 2786 1515 2817 pro
1532 2779 1605 2818 Alfi,
