<?xml version="1.0" encoding="UTF-8"?>
<!DOCTYPE html PUBLIC "-//W3C//DTD XHTML 1.0 Transitional//EN"
    "http://www.w3.org/TR/xhtml1/DTD/xhtml1-transitional.dtd">
<html xmlns="http://www.w3.org/1999/xhtml" xml:lang="en" lang="en">
 <head>
  <title>
</title>
<meta http-equiv="Content-Type" content="text/html;charset=utf-8" />
  <meta name='ocr-system' content='tesseract 3.04.00' />
  <meta name='ocr-capabilities' content='ocr_page ocr_carea ocr_par ocr_line ocrx_word'/>
</head>
<body>
  <div class='ocr_page' id='page_1' title='image "./pubterentiiafric02tereuoft/pubterentiiafric02tereuoft_0151.png"; bbox 0 0 1966 3302; ppageno 0'>
   <div class='ocr_carea' id='block_1_1' title="bbox 471 181 1592 223">
    <p class='ocr_par' dir='ltr' id='par_1_1' title="bbox 471 181 1592 223">
     <span class='ocr_line' id='line_1_1' title="bbox 471 181 1592 223; baseline 0.002 -2"><span class='ocrx_word' id='word_1_1' title='bbox 471 192 889 222; x_wconf 71' lang='lat' dir='ltr'>HEAUTON&#39;HMOR.</span> <span class='ocrx_word' id='word_1_2' title='bbox 921 191 1030 221; x_wconf 85' lang='lat' dir='ltr'>Ac&#39;r.</span> <span class='ocrx_word' id='word_1_3' title='bbox 1068 192 1109 219; x_wconf 82' lang='lat' dir='ltr'>V.</span> <span class='ocrx_word' id='word_1_4' title='bbox 1142 192 1209 221; x_wconf 81' lang='lat' dir='ltr'>SC.</span> <span class='ocrx_word' id='word_1_5' title='bbox 1245 192 1274 220; x_wconf 93' lang='lat'>1.</span> <span class='ocrx_word' id='word_1_6' title='bbox 1510 181 1592 223; x_wconf 75' lang='grc'>641</span> 
     </span>
    </p>
   </div>
   <div class='ocr_carea' id='block_1_2' title="bbox 138 286 1594 341">
    <p class='ocr_par' dir='ltr' id='par_1_2' title="bbox 138 286 1594 341">
     <span class='ocr_line' id='line_1_2' title="bbox 138 286 1594 341; baseline -0.001 -11"><span class='ocrx_word' id='word_1_7' title='bbox 138 287 226 330; x_wconf 89' lang='lat' dir='ltr'>Sed</span> <span class='ocrx_word' id='word_1_8' title='bbox 257 287 328 329; x_wconf 86' lang='lat' dir='ltr'>hic</span> <span class='ocrx_word' id='word_1_9' title='bbox 358 286 535 340; x_wconf 79' lang='lat' dir='ltr'>adjutor</span> <span class='ocrx_word' id='word_1_10' title='bbox 565 300 704 336; x_wconf 87' lang='lat' dir='ltr'>meus,</span> <span class='ocrx_word' id='word_1_11' title='bbox 724 291 767 329; x_wconf 84' lang='lat' dir='ltr'>et</span> <span class='ocrx_word' id='word_1_12' title='bbox 787 288 992 337; x_wconf 81' lang='lat' dir='ltr'>monitor,</span> <span class='ocrx_word' id='word_1_13' title='bbox 1013 290 1058 328; x_wconf 86' lang='lat' dir='ltr'>et</span> <span class='ocrx_word' id='word_1_14' title='bbox 1078 289 1439 341; x_wconf 58' lang='lat' dir='ltr'>praemonstrator</span> <span class='ocrx_word' id='word_1_15' title='bbox 1460 286 1594 328; x_wconf 84' lang='lat' dir='ltr'>Chre-</span> 
     </span>
    </p>
   </div>
   <div class='ocr_carea' id='block_1_3' title="bbox 138 368 1591 477">
    <p class='ocr_par' dir='ltr' id='par_1_3' title="bbox 138 368 1591 477">
     <span class='ocr_line' id='line_1_3' title="bbox 308 368 417 405; baseline -0.009 -9"><span class='ocrx_word' id='word_1_16' title='bbox 308 368 417 405; x_wconf 88' lang='lat' dir='ltr'>mes,</span> 
     </span>
     <span class='ocr_line' id='line_1_4' title="bbox 138 421 1591 477; baseline 0 -12"><span class='ocrx_word' id='word_1_17' title='bbox 138 424 240 465; x_wconf 88' lang='lat' dir='ltr'>Hoc</span> <span class='ocrx_word' id='word_1_18' title='bbox 261 423 366 464; x_wconf 88' lang='lat' dir='ltr'>mihi</span> <span class='ocrx_word' id='word_1_19' title='bbox 383 425 577 477; x_wconf 73' lang='lat' dir='ltr'>praestat.</span> <span class='ocrx_word' id='word_1_20' title='bbox 638 422 688 462; x_wconf 88' lang='lat' dir='ltr'>ln</span> <span class='ocrx_word' id='word_1_21' title='bbox 717 435 786 462; x_wconf 89' lang='lat' dir='ltr'>me</span> <span class='ocrx_word' id='word_1_22' title='bbox 807 422 989 475; x_wconf 87' lang='lat' dir='ltr'>quidvis</span> <span class='ocrx_word' id='word_1_23' title='bbox 1010 421 1166 463; x_wconf 79' lang='lat' dir='ltr'>harum</span> <span class='ocrx_word' id='word_1_24' title='bbox 1192 436 1337 463; x_wconf 86' lang='lat' dir='ltr'>rerum</span> <span class='ocrx_word' id='word_1_25' title='bbox 1371 424 1591 474; x_wconf 79' lang='lat' dir='ltr'>convenit,</span> 
     </span>
    </p>
   </div>
   <div class='ocr_carea' id='block_1_4' title="bbox 138 489 1591 545">
    <p class='ocr_par' dir='ltr' id='par_1_4' title="bbox 138 489 1591 545">
     <span class='ocr_line' id='line_1_5' title="bbox 138 489 1591 545; baseline 0 -12"><span class='ocrx_word' id='word_1_26' title='bbox 138 490 253 542; x_wconf 82' lang='lat' dir='ltr'>Quae</span> <span class='ocrx_word' id='word_1_27' title='bbox 275 496 378 532; x_wconf 86' lang='lat' dir='ltr'>sunt</span> <span class='ocrx_word' id='word_1_28' title='bbox 398 489 517 531; x_wconf 85' lang='lat' dir='ltr'>dicta</span> <span class='ocrx_word' id='word_1_29' title='bbox 536 491 579 531; x_wconf 89' lang='lat' dir='ltr'>in</span> <span class='ocrx_word' id='word_1_30' title='bbox 602 491 808 542; x_wconf 79' lang='lat' dir='ltr'>stultum3</span> <span class='ocrx_word' id='word_1_31' title='bbox 840 490 1031 541; x_wconf 77' lang='lat' dir='ltr'>caudeX,</span> <span class='ocrx_word' id='word_1_32' title='bbox 1065 491 1223 545; x_wconf 88' lang='lat' dir='ltr'>stipes,</span> <span class='ocrx_word' id='word_1_33' title='bbox 1259 491 1427 541; x_wconf 81' lang='lat' dir='ltr'>asinus,</span> <span class='ocrx_word' id='word_1_34' title='bbox 1449 492 1591 545; x_wconf 87' lang='lat' dir='ltr'>plum—</span> 
     </span>
    </p>
   </div>
   <div class='ocr_carea' id='block_1_5' title="bbox 137 559 1592 737">
    <p class='ocr_par' dir='ltr' id='par_1_5' title="bbox 137 559 1592 737">
     <span class='ocr_line' id='line_1_6' title="bbox 308 559 446 600; baseline 0.007 -1"><span class='ocrx_word' id='word_1_35' title='bbox 308 559 418 599; x_wconf 87' lang='lat' dir='ltr'>beus</span> <span class='ocrx_word' id='word_1_36' title='bbox 435 572 446 600; x_wconf 76' lang='lat' dir='ltr'>t</span> 
     </span>
     <span class='ocr_line' id='line_1_7' title="bbox 137 626 1591 681; baseline 0.001 -13"><span class='ocrx_word' id='word_1_37' title='bbox 137 626 191 668; x_wconf 91' lang='lat' dir='ltr'>In</span> <span class='ocrx_word' id='word_1_38' title='bbox 213 626 337 667; x_wconf 88' lang='lat' dir='ltr'>illum</span> <span class='ocrx_word' id='word_1_39' title='bbox 358 626 466 667; x_wconf 87' lang='lat' dir='ltr'>nihil</span> <span class='ocrx_word' id='word_1_40' title='bbox 485 630 632 680; x_wconf 82' lang='lat' dir='ltr'>potest</span> <span class='ocrx_word' id='word_1_41' title='bbox 649 640 660 678; x_wconf 89' lang='grc'><strong>;</strong></span> <span class='ocrx_word' id='word_1_42' title='bbox 691 640 791 668; x_wconf 83' lang='lat' dir='ltr'>nam</span> <span class='ocrx_word' id='word_1_43' title='bbox 813 630 1050 681; x_wconf 82' lang='lat' dir='ltr'>exsuperat</span> <span class='ocrx_word' id='word_1_44' title='bbox 1067 626 1160 681; x_wconf 85' lang='lat' dir='ltr'>ejus</span> <span class='ocrx_word' id='word_1_45' title='bbox 1179 626 1367 669; x_wconf 81' lang='lat' dir='ltr'>stultitia</span> <span class='ocrx_word' id='word_1_46' title='bbox 1386 626 1483 668; x_wconf 82' lang='lat' dir='ltr'>haec</span> <span class='ocrx_word' id='word_1_47' title='bbox 1501 641 1591 669; x_wconf 89' lang='lat' dir='ltr'>om-</span> 
     </span>
     <span class='ocr_line' id='line_1_8' title="bbox 305 696 1592 737; baseline 0.002 -3"><span class='ocrx_word' id='word_1_48' title='bbox 305 696 394 736; x_wconf 83' lang='lat' dir='ltr'>nia.</span> <span class='ocrx_word' id='word_1_49' title='bbox 1563 697 1592 737; x_wconf 77' lang='lat'><em>5</em></span> 
     </span>
    </p>
   </div>
   <div class='ocr_carea' id='block_1_6' title="bbox 132 761 1590 1154">
    <p class='ocr_par' dir='ltr' id='par_1_6' title="bbox 136 761 1589 816">
     <span class='ocr_line' id='line_1_9' title="bbox 136 761 1589 816; baseline 0.001 -13"><span class='ocrx_word' id='word_1_50' title='bbox 136 761 224 803; x_wconf 82' lang='lat' dir='ltr'>CH.</span> <span class='ocrx_word' id='word_1_51' title='bbox 270 761 394 803; x_wconf 86' lang='lat' dir='ltr'>Ohe!</span> <span class='ocrx_word' id='word_1_52' title='bbox 417 761 512 816; x_wconf 74' lang='lat' dir='ltr'>Jam</span> <span class='ocrx_word' id='word_1_53' title='bbox 534 761 683 802; x_wconf 89' lang='lat' dir='ltr'>desine</span> <span class='ocrx_word' id='word_1_54' title='bbox 706 762 842 812; x_wconf 85' lang='lat' dir='ltr'><strong>Deos,</strong></span> <span class='ocrx_word' id='word_1_55' title='bbox 876 775 1003 813; x_wconf 81' lang='lat' dir='ltr'>uxor,</span> <span class='ocrx_word' id='word_1_56' title='bbox 1037 763 1298 816; x_wconf 84' lang='lat' dir='ltr'>gratulando</span> <span class='ocrx_word' id='word_1_57' title='bbox 1330 764 1589 813; x_wconf 82' lang='lat' dir='ltr'>obtundere,</span> 
     </span>
    </p>

    <p class='ocr_par' dir='ltr' id='par_1_7' title="bbox 133 830 1590 953">
     <span class='ocr_line' id='line_1_10' title="bbox 133 830 1590 885; baseline 0 -13"><span class='ocrx_word' id='word_1_58' title='bbox 133 830 276 872; x_wconf 88' lang='lat' dir='ltr'>Tuam</span> <span class='ocrx_word' id='word_1_59' title='bbox 315 843 416 871; x_wconf 88' lang='lat' dir='ltr'>esse</span> <span class='ocrx_word' id='word_1_60' title='bbox 454 830 681 871; x_wconf 82' lang='lat' dir='ltr'>inventam</span> <span class='ocrx_word' id='word_1_61' title='bbox 714 833 913 883; x_wconf 80' lang='lat' dir='ltr'>gnatam3</span> <span class='ocrx_word' id='word_1_62' title='bbox 943 831 1033 872; x_wconf 88' lang='lat' dir='ltr'>nisi</span> <span class='ocrx_word' id='word_1_63' title='bbox 1068 831 1169 872; x_wconf 81' lang='lat' dir='ltr'>illos</span> <span class='ocrx_word' id='word_1_64' title='bbox 1201 844 1257 872; x_wconf 82' lang='lat' dir='ltr'>ex</span> <span class='ocrx_word' id='word_1_65' title='bbox 1297 837 1371 873; x_wconf 83' lang='lat' dir='ltr'>tuo</span> <span class='ocrx_word' id='word_1_66' title='bbox 1418 832 1590 885; x_wconf 86' lang='lat' dir='ltr'>ingenio</span> 
     </span>
     <span class='ocr_line' id='line_1_11' title="bbox 298 898 493 953; baseline 0.005 -14"><span class='ocrx_word' id='word_1_67' title='bbox 298 898 493 953; x_wconf 80' lang='lat' dir='ltr'>judicaS,</span> 
     </span>
    </p>

    <p class='ocr_par' dir='ltr' id='par_1_8' title="bbox 135 965 1499 1020">
     <span class='ocr_line' id='line_1_12' title="bbox 135 965 1499 1020; baseline 0 -12"><span class='ocrx_word' id='word_1_68' title='bbox 135 966 200 1008; x_wconf 89' lang='lat' dir='ltr'>Ut</span> <span class='ocrx_word' id='word_1_69' title='bbox 218 966 326 1008; x_wconf 88' lang='lat' dir='ltr'>nihil</span> <span class='ocrx_word' id='word_1_70' title='bbox 346 967 499 1009; x_wconf 85' lang='lat' dir='ltr'>credas</span> <span class='ocrx_word' id='word_1_71' title='bbox 520 966 772 1020; x_wconf 83' lang='lat' dir='ltr'>intelligere,</span> <span class='ocrx_word' id='word_1_72' title='bbox 793 966 880 1007; x_wconf 86' lang='lat' dir='ltr'>nisi</span> <span class='ocrx_word' id='word_1_73' title='bbox 901 965 1019 1007; x_wconf 91' lang='lat' dir='ltr'>idem</span> <span class='ocrx_word' id='word_1_74' title='bbox 1042 966 1213 1007; x_wconf 87' lang='lat' dir='ltr'>dictum</span> <span class='ocrx_word' id='word_1_75' title='bbox 1234 967 1295 1007; x_wconf 86' lang='lat' dir='ltr'>sit</span> <span class='ocrx_word' id='word_1_76' title='bbox 1316 967 1499 1008; x_wconf 83' lang='lat' dir='ltr'>centies.</span> 
     </span>
    </p>

    <p class='ocr_par' dir='ltr' id='par_1_9' title="bbox 132 1033 1585 1090">
     <span class='ocr_line' id='line_1_13' title="bbox 132 1033 1585 1090; baseline 0.001 -14"><span class='ocrx_word' id='word_1_77' title='bbox 132 1035 221 1077; x_wconf 90' lang='lat' dir='ltr'>Sed</span> <span class='ocrx_word' id='word_1_78' title='bbox 243 1035 428 1086; x_wconf 84' lang='lat' dir='ltr'>interim,</span> <span class='ocrx_word' id='word_1_79' title='bbox 453 1035 559 1090; x_wconf 91' lang='lat' dir='ltr'>quid</span> <span class='ocrx_word' id='word_1_80' title='bbox 580 1035 670 1076; x_wconf 88' lang='lat' dir='ltr'>illic</span> <span class='ocrx_word' id='word_1_81' title='bbox 685 1034 781 1088; x_wconf 82' lang='lat' dir='ltr'>jam</span> <span class='ocrx_word' id='word_1_82' title='bbox 801 1033 966 1075; x_wconf 87' lang='lat' dir='ltr'>dudum</span> <span class='ocrx_word' id='word_1_83' title='bbox 983 1040 1141 1088; x_wconf 81' lang='lat' dir='ltr'>gnatus</span> <span class='ocrx_word' id='word_1_84' title='bbox 1159 1039 1308 1075; x_wconf 78' lang='lat' dir='ltr'>cessat</span> <span class='ocrx_word' id='word_1_85' title='bbox 1322 1048 1421 1075; x_wconf 85' lang='lat' dir='ltr'>cum</span> <span class='ocrx_word' id='word_1_86' title='bbox 1441 1036 1585 1088; x_wconf 70' lang='lat' dir='ltr'>Syro?</span> 
     </span>
    </p>

    <p class='ocr_par' dir='ltr' id='par_1_10' title="bbox 134 1100 1586 1154">
     <span class='ocr_line' id='line_1_14' title="bbox 134 1100 1586 1154; baseline 0.001 -9"><span class='ocrx_word' id='word_1_87' title='bbox 134 1104 232 1145; x_wconf 83' lang='lat' dir='ltr'>ME.</span> <span class='ocrx_word' id='word_1_88' title='bbox 266 1103 394 1154; x_wconf 80' lang='lat' dir='ltr'>Quos</span> <span class='ocrx_word' id='word_1_89' title='bbox 429 1104 497 1144; x_wconf 83' lang='lat' dir='ltr'>ais</span> <span class='ocrx_word' id='word_1_90' title='bbox 538 1102 750 1151; x_wconf 87' lang='lat' dir='ltr'>homines,</span> <span class='ocrx_word' id='word_1_91' title='bbox 781 1100 979 1152; x_wconf 87' lang='lat' dir='ltr'>Chreme,</span> <span class='ocrx_word' id='word_1_92' title='bbox 1016 1103 1225 1143; x_wconf 72' lang='lat' dir='ltr'>cessare?</span> <span class='ocrx_word' id='word_1_93' title='bbox 1289 1101 1375 1143; x_wconf 84' lang='lat' dir='ltr'>CH.</span> <span class='ocrx_word' id='word_1_94' title='bbox 1425 1103 1586 1146; x_wconf 77' lang='lat' dir='ltr'>Ehem!</span> 
     </span>
    </p>
   </div>
   <div class='ocr_carea' id='block_1_7' title="bbox 133 1171 1590 1292">
    <p class='ocr_par' dir='ltr' id='par_1_11' title="bbox 133 1171 1590 1292">
     <span class='ocr_line' id='line_1_15' title="bbox 310 1171 1590 1221; baseline -0.005 -9"><span class='ocrx_word' id='word_1_95' title='bbox 310 1171 584 1221; x_wconf 88' lang='lat' dir='ltr'>Menedeme,</span> <span class='ocrx_word' id='word_1_96' title='bbox 607 1171 788 1212; x_wconf 83' lang='lat' dir='ltr'>advenis</span> <span class='ocrx_word' id='word_1_97' title='bbox 801 1171 820 1210; x_wconf 68' lang='grc' dir='ltr'>’.Ρ</span> <span class='ocrx_word' id='word_1_98' title='bbox 1534 1174 1590 1216; x_wconf 83' lang='grc'>10</span> 
     </span>
     <span class='ocr_line' id='line_1_16' title="bbox 133 1238 1503 1292; baseline 0 -10"><span class='ocrx_word' id='word_1_99' title='bbox 133 1239 220 1282; x_wconf 86' lang='lat' dir='ltr'>Dic</span> <span class='ocrx_word' id='word_1_100' title='bbox 241 1240 374 1292; x_wconf 89' lang='lat' dir='ltr'>mihi;</span> <span class='ocrx_word' id='word_1_101' title='bbox 406 1239 577 1288; x_wconf 85' lang='lat' dir='ltr'>Cliniae,</span> <span class='ocrx_word' id='word_1_102' title='bbox 598 1251 698 1292; x_wconf 88' lang='lat' dir='ltr'>quae</span> <span class='ocrx_word' id='word_1_103' title='bbox 719 1239 828 1287; x_wconf 80' lang='lat' dir='ltr'>dixi,</span> <span class='ocrx_word' id='word_1_104' title='bbox 847 1238 1132 1280; x_wconf 76' lang='lat' dir='ltr'>nuntiastin&#39;?</span> <span class='ocrx_word' id='word_1_105' title='bbox 1194 1238 1295 1281; x_wconf 79' lang='grc' dir='ltr'>ΜΕ.</span> <span class='ocrx_word' id='word_1_106' title='bbox 1328 1239 1503 1282; x_wconf 79' lang='lat' dir='ltr'>Omnia.</span> 
     </span>
    </p>
   </div>
   <div class='ocr_carea' id='block_1_8' title="bbox 129 1386 1589 1730">
    <p class='ocr_par' dir='ltr' id='par_1_12' title="bbox 129 1386 1589 1730">
     <span class='ocr_line' id='line_1_17' title="bbox 135 1386 1588 1427; baseline 0.001 -10"><span class='ocrx_word' id='word_1_107' title='bbox 135 1387 281 1418; x_wconf 84' lang='lat' dir='ltr'>Chremes</span> <span class='ocrx_word' id='word_1_108' title='bbox 295 1387 467 1419; x_wconf 75' lang='lat' dir='ltr'>auxiliator</span> <span class='ocrx_word' id='word_1_109' title='bbox 488 1391 625 1427; x_wconf 82' lang='lat' dir='ltr'>meus,et</span> <span class='ocrx_word' id='word_1_110' title='bbox 638 1386 843 1426; x_wconf 79' lang='lat' dir='ltr'>consiliarius,</span> <span class='ocrx_word' id='word_1_111' title='bbox 858 1389 889 1417; x_wconf 79' lang='lat' dir='ltr'>et</span> <span class='ocrx_word' id='word_1_112' title='bbox 901 1390 1074 1427; x_wconf 66' lang='lat' dir='ltr'>praeceptor</span> <span class='ocrx_word' id='word_1_113' title='bbox 1098 1387 1132 1418; x_wconf 80' lang='lat' dir='ltr'>in</span> <span class='ocrx_word' id='word_1_114' title='bbox 1153 1388 1209 1418; x_wconf 88' lang='lat' dir='ltr'>hoc</span> <span class='ocrx_word' id='word_1_115' title='bbox 1232 1397 1280 1418; x_wconf 85' lang='lat' dir='ltr'>me</span> <span class='ocrx_word' id='word_1_116' title='bbox 1302 1388 1413 1419; x_wconf 74' lang='lat' dir='ltr'>anteit.</span> <span class='ocrx_word' id='word_1_117' title='bbox 1463 1388 1588 1427; x_wconf 80' lang='lat' dir='ltr'>Omnia,</span> 
     </span>
     <span class='ocr_line' id='line_1_18' title="bbox 130 1430 1589 1471; baseline 0.001 -11"><span class='ocrx_word' id='word_1_118' title='bbox 130 1440 199 1470; x_wconf 83' lang='lat' dir='ltr'>quoe</span> <span class='ocrx_word' id='word_1_119' title='bbox 212 1430 358 1461; x_wconf 75' lang='lat' dir='ltr'>dicuntur</span> <span class='ocrx_word' id='word_1_120' title='bbox 373 1431 406 1461; x_wconf 85' lang='lat' dir='ltr'>in</span> <span class='ocrx_word' id='word_1_121' title='bbox 420 1432 560 1470; x_wconf 80' lang='lat' dir='ltr'>stultum,</span> <span class='ocrx_word' id='word_1_122' title='bbox 575 1430 608 1461; x_wconf 82' lang='lat' dir='ltr'>in</span> <span class='ocrx_word' id='word_1_123' title='bbox 634 1440 681 1461; x_wconf 84' lang='lat' dir='ltr'>me</span> <span class='ocrx_word' id='word_1_124' title='bbox 697 1432 903 1466; x_wconf 52' lang='lat' dir='ltr'>eonem-rimu</span> <span class='ocrx_word' id='word_1_125' title='bbox 927 1432 1059 1470; x_wconf 73' lang='lat' dir='ltr'>caudex,</span> <span class='ocrx_word' id='word_1_126' title='bbox 1080 1431 1187 1470; x_wconf 75' lang='lat' dir='ltr'>stipes,</span> <span class='ocrx_word' id='word_1_127' title='bbox 1211 1430 1330 1469; x_wconf 80' lang='lat' dir='ltr'>asinus,</span> <span class='ocrx_word' id='word_1_128' title='bbox 1356 1432 1533 1471; x_wconf 80' lang='lat' dir='ltr'>plumbeus:</span> <span class='ocrx_word' id='word_1_129' title='bbox 1555 1433 1589 1462; x_wconf 81' lang='lat' dir='ltr'>in</span> 
     </span>
     <span class='ocr_line' id='line_1_19' title="bbox 129 1473 1588 1514; baseline 0.001 -11"><span class='ocrx_word' id='word_1_130' title='bbox 129 1473 219 1504; x_wconf 83' lang='lat' dir='ltr'>illum</span> <span class='ocrx_word' id='word_1_131' title='bbox 245 1483 455 1514; x_wconf 76' lang='lat' dir='ltr'>nequaquam5</span> <span class='ocrx_word' id='word_1_132' title='bbox 477 1484 549 1504; x_wconf 81' lang='lat' dir='ltr'>nam</span> <span class='ocrx_word' id='word_1_133' title='bbox 572 1474 637 1512; x_wconf 76' lang='lat' dir='ltr'>ejus</span> <span class='ocrx_word' id='word_1_134' title='bbox 661 1475 804 1504; x_wconf 78' lang='lat' dir='ltr'>vecordia</span> <span class='ocrx_word' id='word_1_135' title='bbox 830 1473 951 1504; x_wconf 78' lang='lat' dir='ltr'>excedit</span> <span class='ocrx_word' id='word_1_136' title='bbox 966 1473 1030 1504; x_wconf 84' lang='lat' dir='ltr'>hoec</span> <span class='ocrx_word' id='word_1_137' title='bbox 1045 1474 1157 1505; x_wconf 78' lang='lat' dir='ltr'>omnia.</span> <span class='ocrx_word' id='word_1_138' title='bbox 1205 1474 1274 1505; x_wconf 84' lang='lat' dir='ltr'>CH.</span> <span class='ocrx_word' id='word_1_139' title='bbox 1302 1474 1382 1512; x_wconf 78' lang='lat' dir='ltr'>ohe,</span> <span class='ocrx_word' id='word_1_140' title='bbox 1398 1484 1488 1512; x_wconf 81' lang='lat' dir='ltr'>uxor,</span> <span class='ocrx_word' id='word_1_141' title='bbox 1504 1484 1588 1506; x_wconf 84' lang='lat' dir='ltr'>cessa</span> 
     </span>
     <span class='ocr_line' id='line_1_20' title="bbox 131 1515 1587 1558; baseline 0.001 -12"><span class='ocrx_word' id='word_1_142' title='bbox 131 1515 224 1546; x_wconf 76' lang='lat' dir='ltr'>toedio</span> <span class='ocrx_word' id='word_1_143' title='bbox 233 1519 264 1547; x_wconf 74' lang='lat' dir='ltr'>et</span> <span class='ocrx_word' id='word_1_144' title='bbox 274 1517 413 1547; x_wconf 79' lang='lat' dir='ltr'>molestia</span> <span class='ocrx_word' id='word_1_145' title='bbox 422 1517 508 1548; x_wconf 80' lang='lat' dir='ltr'>Deos</span> <span class='ocrx_word' id='word_1_146' title='bbox 518 1517 636 1558; x_wconf 85' lang='lat' dir='ltr'>afficere</span> <span class='ocrx_word' id='word_1_147' title='bbox 648 1516 738 1547; x_wconf 77' lang='lat' dir='ltr'>toties</span> <span class='ocrx_word' id='word_1_148' title='bbox 750 1516 872 1555; x_wconf 72' lang='lat' dir='ltr'>gratias</span> <span class='ocrx_word' id='word_1_149' title='bbox 886 1518 1016 1556; x_wconf 77' lang='lat' dir='ltr'>agendo,</span> <span class='ocrx_word' id='word_1_150' title='bbox 1030 1517 1094 1547; x_wconf 79' lang='lat' dir='ltr'>nisi</span> <span class='ocrx_word' id='word_1_151' title='bbox 1109 1517 1179 1547; x_wconf 80' lang='lat' dir='ltr'>illos</span> <span class='ocrx_word' id='word_1_152' title='bbox 1194 1527 1234 1548; x_wconf 78' lang='lat' dir='ltr'>ex</span> <span class='ocrx_word' id='word_1_153' title='bbox 1249 1521 1301 1547; x_wconf 78' lang='lat' dir='ltr'>tua</span> <span class='ocrx_word' id='word_1_154' title='bbox 1310 1521 1424 1548; x_wconf 78' lang='lat' dir='ltr'>natura</span> <span class='ocrx_word' id='word_1_155' title='bbox 1440 1519 1587 1557; x_wconf 79' lang='lat' dir='ltr'>oestimes,</span> 
     </span>
     <span class='ocr_line' id='line_1_21' title="bbox 129 1559 1589 1600; baseline 0.001 -11"><span class='ocrx_word' id='word_1_156' title='bbox 129 1561 167 1589; x_wconf 77' lang='lat' dir='ltr'>ut</span> <span class='ocrx_word' id='word_1_157' title='bbox 181 1559 241 1589; x_wconf 75' lang='lat' dir='ltr'>tibi</span> <span class='ocrx_word' id='word_1_158' title='bbox 250 1561 434 1600; x_wconf 80' lang='lat' dir='ltr'>persuadeas</span> <span class='ocrx_word' id='word_1_159' title='bbox 449 1560 526 1591; x_wconf 80' lang='lat' dir='ltr'>nihil</span> <span class='ocrx_word' id='word_1_160' title='bbox 540 1561 607 1591; x_wconf 84' lang='lat' dir='ltr'>illos</span> <span class='ocrx_word' id='word_1_161' title='bbox 618 1560 786 1600; x_wconf 80' lang='lat' dir='ltr'>percipere,</span> <span class='ocrx_word' id='word_1_162' title='bbox 801 1559 862 1590; x_wconf 82' lang='lat' dir='ltr'>nisi</span> <span class='ocrx_word' id='word_1_163' title='bbox 878 1560 982 1590; x_wconf 84' lang='lat' dir='ltr'>eadem</span> <span class='ocrx_word' id='word_1_164' title='bbox 1005 1561 1121 1591; x_wconf 79' lang='lat' dir='ltr'>centies</span> <span class='ocrx_word' id='word_1_165' title='bbox 1147 1560 1192 1592; x_wconf 86' lang='lat' dir='ltr'>eis</span> <span class='ocrx_word' id='word_1_166' title='bbox 1215 1559 1346 1592; x_wconf 68' lang='lat' dir='ltr'>disceris.</span> <span class='ocrx_word' id='word_1_167' title='bbox 1391 1560 1453 1592; x_wconf 85' lang='lat' dir='ltr'>Sed</span> <span class='ocrx_word' id='word_1_168' title='bbox 1468 1561 1589 1592; x_wconf 79' lang='lat' dir='ltr'>interea</span> 
     </span>
     <span class='ocr_line' id='line_1_22' title="bbox 129 1602 1588 1645; baseline 0.002 -13"><span class='ocrx_word' id='word_1_169' title='bbox 129 1611 186 1632; x_wconf 82' lang='lat' dir='ltr'>cur</span> <span class='ocrx_word' id='word_1_170' title='bbox 203 1602 339 1644; x_wconf 82' lang='lat' dir='ltr'>Clitipho</span> <span class='ocrx_word' id='word_1_171' title='bbox 358 1606 497 1634; x_wconf 78' lang='lat' dir='ltr'>moratur</span> <span class='ocrx_word' id='word_1_172' title='bbox 511 1603 630 1634; x_wconf 78' lang='lat' dir='ltr'>tamdiu</span> <span class='ocrx_word' id='word_1_173' title='bbox 645 1612 713 1633; x_wconf 82' lang='lat' dir='ltr'>cum</span> <span class='ocrx_word' id='word_1_174' title='bbox 726 1602 807 1644; x_wconf 78' lang='lat' dir='ltr'>Syro</span> <span class='ocrx_word' id='word_1_175' title='bbox 823 1604 903 1643; x_wconf 83' lang='lat' dir='ltr'>apud</span> <span class='ocrx_word' id='word_1_176' title='bbox 918 1603 1154 1634; x_wconf 80' lang='lat' dir='ltr'>Menedemum?</span> <span class='ocrx_word' id='word_1_177' title='bbox 1200 1604 1276 1634; x_wconf 84' lang='lat' dir='ltr'>ME.</span> <span class='ocrx_word' id='word_1_178' title='bbox 1300 1604 1329 1634; x_wconf 92' lang='lat'>0</span> <span class='ocrx_word' id='word_1_179' title='bbox 1345 1604 1501 1643; x_wconf 84' lang='lat' dir='ltr'>Chremes,</span> <span class='ocrx_word' id='word_1_180' title='bbox 1515 1615 1588 1645; x_wconf 83' lang='lat' dir='ltr'>quos</span> 
     </span>
     <span class='ocr_line' id='line_1_23' title="bbox 130 1644 1586 1687; baseline 0.003 -13"><span class='ocrx_word' id='word_1_181' title='bbox 130 1644 268 1676; x_wconf 79' lang='lat' dir='ltr'>homines</span> <span class='ocrx_word' id='word_1_182' title='bbox 291 1646 370 1677; x_wconf 80' lang='lat' dir='ltr'>dicis</span> <span class='ocrx_word' id='word_1_183' title='bbox 398 1646 515 1677; x_wconf 84' lang='lat' dir='ltr'>morari</span> <span class='ocrx_word' id='word_1_184' title='bbox 545 1645 686 1677; x_wconf 81' lang='lat' dir='ltr'>tamdiu?</span> <span class='ocrx_word' id='word_1_185' title='bbox 730 1646 798 1677; x_wconf 81' lang='lat' dir='ltr'>CH.</span> <span class='ocrx_word' id='word_1_186' title='bbox 826 1646 855 1675; x_wconf 91' lang='grc' dir='ltr'>Ο</span> <span class='ocrx_word' id='word_1_187' title='bbox 876 1646 1064 1684; x_wconf 79' lang='lat' dir='ltr'>Menedeme‚</span> <span class='ocrx_word' id='word_1_188' title='bbox 1081 1656 1154 1686; x_wconf 85' lang='lat' dir='ltr'>ergo</span> <span class='ocrx_word' id='word_1_189' title='bbox 1171 1646 1221 1677; x_wconf 83' lang='lat' dir='ltr'>hic</span> <span class='ocrx_word' id='word_1_190' title='bbox 1239 1647 1332 1678; x_wconf 80' lang='lat' dir='ltr'>ades?</span> <span class='ocrx_word' id='word_1_191' title='bbox 1355 1648 1404 1678; x_wconf 76' lang='lat' dir='ltr'>(lic</span> <span class='ocrx_word' id='word_1_192' title='bbox 1426 1647 1516 1687; x_wconf 76' lang='lat' dir='ltr'>mihi,</span> <span class='ocrx_word' id='word_1_193' title='bbox 1539 1658 1586 1677; x_wconf 84' lang='lat' dir='ltr'>re-</span> 
     </span>
     <span class='ocr_line' id='line_1_24' title="bbox 131 1687 1587 1730; baseline 0.002 -11"><span class='ocrx_word' id='word_1_194' title='bbox 131 1687 271 1720; x_wconf 78' lang='lat' dir='ltr'>tulistine</span> <span class='ocrx_word' id='word_1_195' title='bbox 284 1689 398 1720; x_wconf 79' lang='lat' dir='ltr'>Cliniae</span> <span class='ocrx_word' id='word_1_196' title='bbox 412 1699 479 1730; x_wconf 80' lang='lat' dir='ltr'>quoe</span> <span class='ocrx_word' id='word_1_197' title='bbox 494 1689 553 1721; x_wconf 75' lang='lat' dir='ltr'>tibi</span> <span class='ocrx_word' id='word_1_198' title='bbox 566 1688 729 1730; x_wconf 77' lang='lat' dir='ltr'>respondi?</span> <span class='ocrx_word' id='word_1_199' title='bbox 776 1689 848 1720; x_wconf 82' lang='lat' dir='ltr'>ME.</span> <span class='ocrx_word' id='word_1_200' title='bbox 875 1689 1001 1721; x_wconf 81' lang='lat' dir='ltr'>Omnia.</span> <span class='ocrx_word' id='word_1_201' title='bbox 1049 1691 1118 1721; x_wconf 79' lang='lat' dir='ltr'>CH.</span> <span class='ocrx_word' id='word_1_202' title='bbox 1146 1690 1232 1725; x_wconf 77' lang='lat' dir='ltr'>Quid</span> <span class='ocrx_word' id='word_1_203' title='bbox 1247 1688 1355 1722; x_wconf 73' lang='lat' dir='ltr'>dixit?</span> <span class='ocrx_word' id='word_1_204' title='bbox 1399 1691 1473 1723; x_wconf 79' lang='lat' dir='ltr'>ME.</span> <span class='ocrx_word' id='word_1_205' title='bbox 1498 1691 1587 1722; x_wconf 84' lang='lat' dir='ltr'>Ince-</span> 
     </span>
    </p>
   </div>
   <div class='ocr_carea' id='block_1_9' title="bbox 733 1807 969 1819">
    <p class='ocr_par' dir='ltr' id='par_1_13' title="bbox 733 1807 969 1819">
     <span class='ocr_line' id='line_1_25' title="bbox 733 1807 969 1819; baseline -0.004 -1"><span class='ocrx_word' id='word_1_206' title='bbox 733 1807 969 1819; x_wconf 62' lang='lat' dir='ltr'>eeeeeeeeeeee</span> 
     </span>
    </p>
   </div>
   <div class='ocr_carea' id='block_1_10' title="bbox 119 1884 1588 2793">
    <p class='ocr_par' dir='ltr' id='par_1_14' title="bbox 119 1884 1588 2793">
     <span class='ocr_line' id='line_1_26' title="bbox 126 1884 1588 1926; baseline 0.004 -10"><span class='ocrx_word' id='word_1_207' title='bbox 126 1884 202 1916; x_wconf 77' lang='lat' dir='ltr'>scio.</span> <span class='ocrx_word' id='word_1_208' title='bbox 237 1885 314 1916; x_wconf 88' lang='lat' dir='ltr'>Tam</span> <span class='ocrx_word' id='word_1_209' title='bbox 331 1894 392 1925; x_wconf 82' lang='lat' dir='ltr'>pro</span> <span class='ocrx_word' id='word_1_210' title='bbox 422 1885 469 1917; x_wconf 82' lang='lat' dir='ltr'>ita</span> <span class='ocrx_word' id='word_1_211' title='bbox 493 1884 609 1917; x_wconf 82' lang='lat' dir='ltr'>Guelf.</span> <span class='ocrx_word' id='word_1_212' title='bbox 637 1888 667 1916; x_wconf 85' lang='lat'>3.</span> <span class='ocrx_word' id='word_1_213' title='bbox 710 1886 835 1924; x_wconf 80' lang='lat' dir='ltr'>Bruns,</span> <span class='ocrx_word' id='word_1_214' title='bbox 858 1886 929 1926; x_wconf 85' lang='lat' dir='ltr'>Ego</span> <span class='ocrx_word' id='word_1_215' title='bbox 954 1897 1002 1918; x_wconf 80' lang='lat' dir='ltr'>‘me</span> <span class='ocrx_word' id='word_1_216' title='bbox 1028 1897 1090 1917; x_wconf 81' lang='lat' dir='ltr'>non</span> <span class='ocrx_word' id='word_1_217' title='bbox 1112 1890 1273 1919; x_wconf 77' lang='lat' dir='ltr'>astatum.</span> <span class='ocrx_word' id='word_1_218' title='bbox 1289 1909 1318 1919; x_wconf 85' lang='grc'>..</span> <span class='ocrx_word' id='word_1_219' title='bbox 1337 1897 1428 1926; x_wconf 82' lang='lat' dir='ltr'>.esse‚</span> <span class='ocrx_word' id='word_1_220' title='bbox 1451 1888 1485 1920; x_wconf 83' lang='lat' dir='ltr'>id</span> <span class='ocrx_word' id='word_1_221' title='bbox 1507 1894 1588 1922; x_wconf 79' lang='lat' dir='ltr'>ceree</span> 
     </span>
     <span class='ocr_line' id='line_1_27' title="bbox 126 1928 1586 1970; baseline 0.004 -12"><span class='ocrx_word' id='word_1_222' title='bbox 126 1929 200 1959; x_wconf 79' lang='lat' dir='ltr'>scio.</span> <span class='ocrx_word' id='word_1_223' title='bbox 238 1929 248 1944; x_wconf 77' lang='lat'><strong><em>⁴</em></strong></span> <span class='ocrx_word' id='word_1_224' title='bbox 262 1928 369 1959; x_wconf 87' lang='lat' dir='ltr'>Vetus</span> <span class='ocrx_word' id='word_1_225' title='bbox 403 1928 513 1959; x_wconf 87' lang='lat' dir='ltr'>codex</span> <span class='ocrx_word' id='word_1_226' title='bbox 546 1932 609 1960; x_wconf 82' lang='lat' dir='ltr'>tam</span> <span class='ocrx_word' id='word_1_227' title='bbox 644 1929 860 1969; x_wconf 84' lang='lat' dir='ltr'>perspicacem,</span> <span class='ocrx_word' id='word_1_228' title='bbox 894 1930 928 1960; x_wconf 88' lang='lat' dir='ltr'>in</span> <span class='ocrx_word' id='word_1_229' title='bbox 963 1929 1153 1970; x_wconf 84' lang='lat' dir='ltr'>eodemque</span> <span class='ocrx_word' id='word_1_230' title='bbox 1190 1930 1275 1961; x_wconf 86' lang='lat' dir='ltr'>libro</span> <span class='ocrx_word' id='word_1_231' title='bbox 1312 1941 1376 1961; x_wconf 86' lang='lat' dir='ltr'>esse</span> <span class='ocrx_word' id='word_1_232' title='bbox 1413 1931 1586 1964; x_wconf 77' lang='lat' dir='ltr'>desidera-</span> 
     </span>
     <span class='ocr_line' id='line_1_28' title="bbox 129 1969 1583 2012; baseline 0.004 -11"><span class='ocrx_word' id='word_1_233' title='bbox 129 1969 208 2002; x_wconf 64' lang='lat' dir='ltr'>tur!</span> <span class='ocrx_word' id='word_1_234' title='bbox 238 1970 559 2009; x_wconf 80' lang='lat' dir='ltr'>Limlenbrogius.—3</span> <span class='ocrx_word' id='word_1_235' title='bbox 578 1972 672 2002; x_wconf 85' lang='lat' dir='ltr'>Idem</span> <span class='ocrx_word' id='word_1_236' title='bbox 694 1972 770 2004; x_wconf 80' lang='lat' dir='ltr'>cod.</span> <span class='ocrx_word' id='word_1_237' title='bbox 788 1972 890 2003; x_wconf 89' lang='lat' dir='ltr'>Lind.</span> <span class='ocrx_word' id='word_1_238' title='bbox 907 1974 986 2012; x_wconf 75' lang='lat' dir='ltr'>quod</span> <span class='ocrx_word' id='word_1_239' title='bbox 1000 1973 1111 2004; x_wconf 80' lang='lat' dir='ltr'>harum</span> <span class='ocrx_word' id='word_1_240' title='bbox 1127 1983 1231 2004; x_wconf 80' lang='lat' dir='ltr'>rerum</span> <span class='ocrx_word' id='word_1_241' title='bbox 1247 1974 1371 2004; x_wconf 71' lang='lat' dir='ltr'>vis—4</span> <span class='ocrx_word' id='word_1_242' title='bbox 1396 1975 1488 2006; x_wconf 87' lang='lat' dir='ltr'>Nota</span> <span class='ocrx_word' id='word_1_243' title='bbox 1505 1986 1583 2007; x_wconf 88' lang='lat' dir='ltr'>con-</span> 
     </span>
     <span class='ocr_line' id='line_1_29' title="bbox 127 2014 1584 2056; baseline 0.004 -12"><span class='ocrx_word' id='word_1_244' title='bbox 127 2016 365 2053; x_wconf 81' lang='lat' dir='ltr'>structionem,</span> <span class='ocrx_word' id='word_1_245' title='bbox 385 2016 394 2031; x_wconf 91' lang='lat'>‘</span> <span class='ocrx_word' id='word_1_246' title='bbox 407 2014 525 2045; x_wconf 83' lang='lat' dir='ltr'>harum</span> <span class='ocrx_word' id='word_1_247' title='bbox 548 2024 662 2045; x_wconf 85' lang='lat' dir='ltr'>rerum</span> <span class='ocrx_word' id='word_1_248' title='bbox 678 2025 754 2056; x_wconf 77' lang='lat' dir='ltr'>quae</span> <span class='ocrx_word' id='word_1_249' title='bbox 778 2020 859 2046; x_wconf 88' lang='lat' dir='ltr'>sunt</span> <span class='ocrx_word' id='word_1_250' title='bbox 875 2015 970 2047; x_wconf 85' lang='lat' dir='ltr'>dicta</span> <span class='ocrx_word' id='word_1_251' title='bbox 982 2015 1005 2048; x_wconf 72' lang='grc' dir='ltr'>ς’</span> <span class='ocrx_word' id='word_1_252' title='bbox 1029 2016 1117 2056; x_wconf 87' lang='lat' dir='ltr'><strong>Guy.</strong></span> <span class='ocrx_word' id='word_1_253' title='bbox 1134 2021 1327 2047; x_wconf 80' lang='lat' dir='ltr'>correctum</span> <span class='ocrx_word' id='word_1_254' title='bbox 1345 2017 1450 2048; x_wconf 85' lang='lat' dir='ltr'>voluit</span> <span class='ocrx_word' id='word_1_255' title='bbox 1466 2019 1584 2051; x_wconf 85' lang='lat' dir='ltr'>horum.</span> 
     </span>
     <span class='ocr_line' id='line_1_30' title="bbox 124 2056 1587 2100; baseline 0.005 -14"><span class='ocrx_word' id='word_1_256' title='bbox 124 2056 234 2086; x_wconf 88' lang='lat' dir='ltr'>Immo</span> <span class='ocrx_word' id='word_1_257' title='bbox 255 2066 382 2096; x_wconf 83' lang='lat' dir='ltr'>repone</span> <span class='ocrx_word' id='word_1_258' title='bbox 399 2067 441 2087; x_wconf 88' lang='lat' dir='ltr'>ex</span> <span class='ocrx_word' id='word_1_259' title='bbox 457 2057 587 2088; x_wconf 84' lang='lat' dir='ltr'>duobus</span> <span class='ocrx_word' id='word_1_260' title='bbox 606 2059 743 2096; x_wconf 74' lang='lat' dir='ltr'>nostris,</span> <span class='ocrx_word' id='word_1_261' title='bbox 762 2068 829 2089; x_wconf 86' lang='lat' dir='ltr'>uuo</span> <span class='ocrx_word' id='word_1_262' title='bbox 854 2061 930 2089; x_wconf 89' lang='grc'><strong>900.</strong></span> <span class='ocrx_word' id='word_1_263' title='bbox 956 2069 1136 2096; x_wconf 76' lang='lat' dir='ltr'>annorum,</span> <span class='ocrx_word' id='word_1_264' title='bbox 1168 2060 1277 2090; x_wconf 84' lang='lat' dir='ltr'>altero</span> <span class='ocrx_word' id='word_1_265' title='bbox 1309 2060 1429 2100; x_wconf 73' lang='lat' dir='ltr'>Regio,</span> <span class='ocrx_word' id='word_1_266' title='bbox 1457 2063 1534 2097; x_wconf 50' lang='grc' dir='ltr'>(μα’</span> <span class='ocrx_word' id='word_1_267' title='bbox 1562 2074 1587 2093; x_wconf 91' lang='lat' dir='ltr'>s.</span> 
     </span>
     <span class='ocr_line' id='line_1_31' title="bbox 127 2099 1584 2143; baseline 0.005 -14"><span class='ocrx_word' id='word_1_268' title='bbox 127 2099 230 2130; x_wconf 78' lang='lat' dir='ltr'>dictae.</span> <span class='ocrx_word' id='word_1_269' title='bbox 255 2099 356 2131; x_wconf 85' lang='lat' dir='ltr'>Bent.</span> <span class='ocrx_word' id='word_1_270' title='bbox 401 2099 446 2131; x_wconf 87' lang='lat' dir='ltr'>Et</span> <span class='ocrx_word' id='word_1_271' title='bbox 461 2100 510 2131; x_wconf 84' lang='lat' dir='ltr'>sic</span> <span class='ocrx_word' id='word_1_272' title='bbox 523 2101 590 2141; x_wconf 86' lang='lat' dir='ltr'>jam</span> <span class='ocrx_word' id='word_1_273' title='bbox 608 2106 688 2132; x_wconf 86' lang='lat' dir='ltr'>ante</span> <span class='ocrx_word' id='word_1_274' title='bbox 706 2102 793 2132; x_wconf 86' lang='lat' dir='ltr'>Dac.</span> <span class='ocrx_word' id='word_1_275' title='bbox 818 2102 920 2132; x_wconf 80' lang='lat' dir='ltr'>Dicta</span> <span class='ocrx_word' id='word_1_276' title='bbox 935 2101 1093 2133; x_wconf 86' lang='lat' dir='ltr'>defendit</span> <span class='ocrx_word' id='word_1_277' title='bbox 1119 2102 1198 2143; x_wconf 84' lang='lat' dir='ltr'>Bip.</span> <span class='ocrx_word' id='word_1_278' title='bbox 1224 2109 1260 2133; x_wconf 87' lang='lat' dir='ltr'>et</span> <span class='ocrx_word' id='word_1_279' title='bbox 1288 2103 1467 2135; x_wconf 82' lang='lat' dir='ltr'>Ruhnken.</span> <span class='ocrx_word' id='word_1_280' title='bbox 1515 2106 1584 2137; x_wconf 85' lang='lat' dir='ltr'>Pro</span> 
     </span>
     <span class='ocr_line' id='line_1_32' title="bbox 126 2142 1585 2188; baseline 0.005 -16"><span class='ocrx_word' id='word_1_281' title='bbox 126 2143 245 2173; x_wconf 77' lang='lat' dir='ltr'>caudex</span> <span class='ocrx_word' id='word_1_282' title='bbox 261 2142 352 2183; x_wconf 89' lang='lat' dir='ltr'><strong>Guy.</strong></span> <span class='ocrx_word' id='word_1_283' title='bbox 371 2142 514 2183; x_wconf 79' lang='lat' dir='ltr'>praefert</span> <span class='ocrx_word' id='word_1_284' title='bbox 528 2147 644 2182; x_wconf 80' lang='lat' dir='ltr'>cantes,</span> <span class='ocrx_word' id='word_1_285' title='bbox 659 2148 695 2175; x_wconf 86' lang='lat' dir='ltr'>ut</span> <span class='ocrx_word' id='word_1_286' title='bbox 713 2148 765 2175; x_wconf 86' lang='lat' dir='ltr'>est</span> <span class='ocrx_word' id='word_1_287' title='bbox 779 2145 812 2175; x_wconf 85' lang='lat' dir='ltr'>in</span> <span class='ocrx_word' id='word_1_288' title='bbox 830 2145 915 2177; x_wconf 83' lang='lat' dir='ltr'>Mss.</span> <span class='ocrx_word' id='word_1_289' title='bbox 932 2145 1146 2184; x_wconf 85' lang='lat' dir='ltr'>quibusdam.</span> <span class='ocrx_word' id='word_1_290' title='bbox 1181 2146 1236 2176; x_wconf 86' lang='lat' dir='ltr'>Ita</span> <span class='ocrx_word' id='word_1_291' title='bbox 1252 2151 1287 2177; x_wconf 90' lang='lat' dir='ltr'>et</span> <span class='ocrx_word' id='word_1_292' title='bbox 1306 2146 1383 2177; x_wconf 81' lang='lat' dir='ltr'>Par.</span> <span class='ocrx_word' id='word_1_293' title='bbox 1401 2147 1502 2178; x_wconf 81' lang='lat' dir='ltr'>habet</span> <span class='ocrx_word' id='word_1_294' title='bbox 1523 2158 1585 2188; x_wconf 88' lang='lat' dir='ltr'>pro</span> 
     </span>
     <span class='ocr_line' id='line_1_33' title="bbox 126 2185 1585 2232; baseline 0.005 -16"><span class='ocrx_word' id='word_1_295' title='bbox 126 2194 199 2216; x_wconf 87' lang='lat' dir='ltr'>var.</span> <span class='ocrx_word' id='word_1_296' title='bbox 239 2185 356 2217; x_wconf 88' lang='lat' dir='ltr'>Guelf.</span> <span class='ocrx_word' id='word_1_297' title='bbox 371 2188 402 2217; x_wconf 80' lang='lat'>3.</span> <span class='ocrx_word' id='word_1_298' title='bbox 415 2186 597 2226; x_wconf 56' lang='lat' dir='ltr'>stipem—5</span> <span class='ocrx_word' id='word_1_299' title='bbox 622 2187 677 2218; x_wconf 86' lang='lat' dir='ltr'>Ita</span> <span class='ocrx_word' id='word_1_300' title='bbox 692 2187 874 2228; x_wconf 79' lang='lat' dir='ltr'>legendum</span> <span class='ocrx_word' id='word_1_301' title='bbox 891 2197 978 2227; x_wconf 84' lang='lat' dir='ltr'>esse,</span> <span class='ocrx_word' id='word_1_302' title='bbox 1001 2197 1066 2219; x_wconf 91' lang='lat' dir='ltr'>non</span> <span class='ocrx_word' id='word_1_303' title='bbox 1083 2190 1214 2225; x_wconf 77' lang='lat' dir='ltr'>astutia,</span> <span class='ocrx_word' id='word_1_304' title='bbox 1232 2188 1322 2229; x_wconf 85' lang='lat' dir='ltr'>quod</span> <span class='ocrx_word' id='word_1_305' title='bbox 1345 2190 1431 2221; x_wconf 85' lang='lat' dir='ltr'>MSS.</span> <span class='ocrx_word' id='word_1_306' title='bbox 1448 2191 1585 2232; x_wconf 88' lang='lat' dir='ltr'>quidam</span> 
     </span>
     <span class='ocr_line' id='line_1_34' title="bbox 124 2227 1587 2274; baseline 0.005 -16"><span class='ocrx_word' id='word_1_307' title='bbox 124 2227 327 2268; x_wconf 83' lang='lat' dir='ltr'>praeferunt,</span> <span class='ocrx_word' id='word_1_308' title='bbox 350 2229 405 2260; x_wconf 85' lang='lat' dir='ltr'>vel</span> <span class='ocrx_word' id='word_1_309' title='bbox 421 2229 520 2260; x_wconf 88' lang='lat' dir='ltr'>unius</span> <span class='ocrx_word' id='word_1_310' title='bbox 537 2230 654 2261; x_wconf 86' lang='lat' dir='ltr'>Plauti</span> <span class='ocrx_word' id='word_1_311' title='bbox 669 2231 855 2261; x_wconf 80' lang='lat' dir='ltr'>auctoritas</span> <span class='ocrx_word' id='word_1_312' title='bbox 872 2231 1014 2262; x_wconf 87' lang='lat' dir='ltr'>evincit.</span> <span class='ocrx_word' id='word_1_313' title='bbox 1053 2231 1199 2264; x_wconf 85' lang='lat' dir='ltr'>Quidam</span> <span class='ocrx_word' id='word_1_314' title='bbox 1217 2232 1293 2263; x_wconf 84' lang='lat' dir='ltr'>libri</span> <span class='ocrx_word' id='word_1_315' title='bbox 1311 2242 1378 2263; x_wconf 88' lang='lat' dir='ltr'>non</span> <span class='ocrx_word' id='word_1_316' title='bbox 1394 2242 1587 2274; x_wconf 84' lang='lat' dir='ltr'>agnoscunt</span> 
     </span>
     <span class='ocr_line' id='line_1_35' title="bbox 124 2269 1583 2315; baseline 0.005 -14"><span class='ocrx_word' id='word_1_317' title='bbox 124 2269 162 2301; x_wconf 82' lang='grc' dir='ltr'>τὸ</span> <span class='ocrx_word' id='word_1_318' title='bbox 176 2281 260 2302; x_wconf 82' lang='lat' dir='ltr'>nam.</span> <span class='ocrx_word' id='word_1_319' title='bbox 288 2272 393 2304; x_wconf 84' lang='lat' dir='ltr'>West.</span> <span class='ocrx_word' id='word_1_320' title='bbox 430 2272 534 2304; x_wconf 80' lang='lat' dir='ltr'>Bent.</span> <span class='ocrx_word' id='word_1_321' title='bbox 558 2273 656 2313; x_wconf 86' lang='lat' dir='ltr'>legit,</span> <span class='ocrx_word' id='word_1_322' title='bbox 681 2274 721 2304; x_wconf 81' lang='lat' dir='ltr'>In</span> <span class='ocrx_word' id='word_1_323' title='bbox 750 2273 839 2304; x_wconf 86' lang='lat' dir='ltr'>illum</span> <span class='ocrx_word' id='word_1_324' title='bbox 863 2274 909 2305; x_wconf 82' lang='lat' dir='ltr'>nil</span> <span class='ocrx_word' id='word_1_325' title='bbox 933 2277 1055 2315; x_wconf 77' lang='lat' dir='ltr'>potest:</span> <span class='ocrx_word' id='word_1_326' title='bbox 1077 2279 1227 2315; x_wconf 70' lang='lat' dir='ltr'>exuperat</span> <span class='ocrx_word' id='word_1_327' title='bbox 1255 2275 1318 2314; x_wconf 68' lang='lat' dir='ltr'>qius</span> <span class='ocrx_word' id='word_1_328' title='bbox 1339 2277 1478 2308; x_wconf 80' lang='lat' dir='ltr'>stultitia</span> <span class='ocrx_word' id='word_1_329' title='bbox 1501 2277 1533 2309; x_wconf 89' lang='grc' dir='ltr'>Ιι.</span> <span class='ocrx_word' id='word_1_330' title='bbox 1557 2289 1583 2309; x_wconf 89' lang='lat' dir='ltr'>o.</span> 
     </span>
     <span class='ocr_line' id='line_1_36' title="bbox 126 2314 1584 2361; baseline 0.005 -16"><span class='ocrx_word' id='word_1_331' title='bbox 126 2314 136 2331; x_wconf 87' lang='lat'>‘</span> <span class='ocrx_word' id='word_1_332' title='bbox 151 2314 236 2346; x_wconf 87' lang='lat' dir='ltr'>Cod.</span> <span class='ocrx_word' id='word_1_333' title='bbox 251 2314 294 2355; x_wconf 89' lang='lat' dir='ltr'>A,</span> <span class='ocrx_word' id='word_1_334' title='bbox 315 2325 387 2346; x_wconf 80' lang='lat' dir='ltr'>nam</span> <span class='ocrx_word' id='word_1_335' title='bbox 403 2319 565 2356; x_wconf 79' lang='lat' dir='ltr'>exuperat,</span> <span class='ocrx_word' id='word_1_336' title='bbox 591 2320 627 2347; x_wconf 92' lang='lat' dir='ltr'>et</span> <span class='ocrx_word' id='word_1_337' title='bbox 643 2316 692 2348; x_wconf 88' lang='lat' dir='ltr'>sic</span> <span class='ocrx_word' id='word_1_338' title='bbox 706 2326 838 2358; x_wconf 89' lang='lat' dir='ltr'>quoqne</span> <span class='ocrx_word' id='word_1_339' title='bbox 857 2322 941 2349; x_wconf 84' lang='lat' dir='ltr'>vett.</span> <span class='ocrx_word' id='word_1_340' title='bbox 959 2317 1037 2348; x_wconf 86' lang='lat' dir='ltr'>edd.</span> <span class='ocrx_word' id='word_1_341' title='bbox 1054 2318 1162 2349; x_wconf 89' lang='lat' dir='ltr'>minus</span> <span class='ocrx_word' id='word_1_342' title='bbox 1175 2317 1327 2349; x_wconf 82' lang='lat' dir='ltr'>fortiter.</span> <span class='ocrx_word' id='word_1_343' title='bbox 1373 2321 1501 2351; x_wconf 76' lang='lat' dir='ltr'>Astatia</span> <span class='ocrx_word' id='word_1_344' title='bbox 1523 2331 1584 2361; x_wconf 87' lang='lat' dir='ltr'>pro</span> 
     </span>
     <span class='ocr_line' id='line_1_37' title="bbox 125 2357 1586 2398; baseline 0.005 -10"><span class='ocrx_word' id='word_1_345' title='bbox 125 2357 264 2398; x_wconf 85' lang='lat' dir='ltr'>vulgato</span> <span class='ocrx_word' id='word_1_346' title='bbox 279 2358 417 2389; x_wconf 80' lang='lat' dir='ltr'>stultitia</span> <span class='ocrx_word' id='word_1_347' title='bbox 440 2360 543 2390; x_wconf 87' lang='lat' dir='ltr'>sumsi</span> <span class='ocrx_word' id='word_1_348' title='bbox 567 2368 609 2389; x_wconf 87' lang='lat' dir='ltr'>ex</span> <span class='ocrx_word' id='word_1_349' title='bbox 631 2359 710 2390; x_wconf 80' lang='lat' dir='ltr'>Hei.</span> <span class='ocrx_word' id='word_1_350' title='bbox 737 2364 772 2391; x_wconf 88' lang='lat' dir='ltr'>et</span> <span class='ocrx_word' id='word_1_351' title='bbox 792 2364 880 2392; x_wconf 84' lang='lat' dir='ltr'>vett.</span> <span class='ocrx_word' id='word_1_352' title='bbox 894 2360 973 2391; x_wconf 86' lang='lat' dir='ltr'>edd.</span> <span class='ocrx_word' id='word_1_353' title='bbox 1018 2361 1183 2392; x_wconf 81' lang='lat' dir='ltr'>Similiter</span> <span class='ocrx_word' id='word_1_354' title='bbox 1207 2363 1217 2378; x_wconf 81' lang='lat'><strong><em>⁴</em></strong></span> <span class='ocrx_word' id='word_1_355' title='bbox 1231 2362 1385 2393; x_wconf 86' lang='lat' dir='ltr'>astutus&#39;</span> <span class='ocrx_word' id='word_1_356' title='bbox 1407 2364 1499 2394; x_wconf 85' lang='lat' dir='ltr'>valet</span> <span class='ocrx_word' id='word_1_357' title='bbox 1519 2365 1586 2398; x_wconf 83' lang='lat' dir='ltr'>Ad.</span> 
     </span>
     <span class='ocr_line' id='line_1_38' title="bbox 121 2400 1585 2445; baseline 0.006 -14"><span class='ocrx_word' id='word_1_358' title='bbox 121 2408 163 2431; x_wconf 85' lang='lat'>11.</span> <span class='ocrx_word' id='word_1_359' title='bbox 178 2402 209 2432; x_wconf 81' lang='lat'>2.</span> <span class='ocrx_word' id='word_1_360' title='bbox 226 2400 291 2432; x_wconf 65' lang='lat'>13!</span> <span class='ocrx_word' id='word_1_361' title='bbox 316 2401 414 2433; x_wconf 81' lang='lat' dir='ltr'>Both.</span> <span class='ocrx_word' id='word_1_362' title='bbox 436 2403 493 2442; x_wconf 85' lang='lat' dir='ltr'>qui</span> <span class='ocrx_word' id='word_1_363' title='bbox 510 2402 615 2442; x_wconf 77' lang='lat' dir='ltr'>igitur</span> <span class='ocrx_word' id='word_1_364' title='bbox 626 2403 729 2443; x_wconf 87' lang='lat' dir='ltr'>legit:</span> <span class='ocrx_word' id='word_1_365' title='bbox 747 2403 787 2434; x_wconf 83' lang='lat' dir='ltr'>In</span> <span class='ocrx_word' id='word_1_366' title='bbox 801 2404 896 2434; x_wconf 77' lang='lat' dir='ltr'>illunc</span> <span class='ocrx_word' id='word_1_367' title='bbox 910 2405 958 2435; x_wconf 83' lang='lat' dir='ltr'>nil</span> <span class='ocrx_word' id='word_1_368' title='bbox 966 2407 1086 2444; x_wconf 74' lang='lat' dir='ltr'>potest.-</span> <span class='ocrx_word' id='word_1_369' title='bbox 1109 2408 1259 2445; x_wconf 77' lang='lat' dir='ltr'>exuperat</span> <span class='ocrx_word' id='word_1_370' title='bbox 1267 2404 1370 2436; x_wconf 77' lang='lat' dir='ltr'>omnia</span> <span class='ocrx_word' id='word_1_371' title='bbox 1381 2406 1446 2445; x_wconf 75' lang='lat' dir='ltr'>ejus</span> <span class='ocrx_word' id='word_1_372' title='bbox 1456 2410 1585 2441; x_wconf 64' lang='lat' dir='ltr'>astutia.</span> 
     </span>
     <span class='ocr_line' id='line_1_39' title="bbox 120 2443 1584 2488; baseline 0.006 -14"><span class='ocrx_word' id='word_1_373' title='bbox 120 2443 216 2474; x_wconf 82' lang='lat' dir='ltr'>Perl.</span> <span class='ocrx_word' id='word_1_374' title='bbox 240 2445 286 2475; x_wconf 86' lang='lat' dir='ltr'>m&#39;l</span> <span class='ocrx_word' id='word_1_375' title='bbox 297 2447 410 2484; x_wconf 76' lang='lat' dir='ltr'>potest.</span> <span class='ocrx_word' id='word_1_376' title='bbox 436 2445 475 2477; x_wconf 91' lang='grc' dir='ltr'>Ζ.</span> <span class='ocrx_word' id='word_1_377' title='bbox 493 2455 565 2476; x_wconf 81' lang='lat' dir='ltr'>nam</span> <span class='ocrx_word' id='word_1_378' title='bbox 580 2446 784 2478; x_wconf 76' lang='lat' dir='ltr'>omittit.—-6</span> <span class='ocrx_word' id='word_1_379' title='bbox 808 2447 892 2477; x_wconf 84' lang='lat' dir='ltr'>Mss.</span> <span class='ocrx_word' id='word_1_380' title='bbox 914 2447 1051 2488; x_wconf 86' lang='lat' dir='ltr'>qnidam</span> <span class='ocrx_word' id='word_1_381' title='bbox 1067 2449 1386 2486; x_wconf 60' lang='lat' dir='ltr'>congratulanda—7</span> <span class='ocrx_word' id='word_1_382' title='bbox 1413 2450 1527 2481; x_wconf 87' lang='lat' dir='ltr'>Guelf.</span> <span class='ocrx_word' id='word_1_383' title='bbox 1554 2455 1584 2484; x_wconf 83' lang='lat'>3.</span> 
     </span>
     <span class='ocr_line' id='line_1_40' title="bbox 125 2486 1583 2530; baseline 0.005 -13"><span class='ocrx_word' id='word_1_384' title='bbox 125 2486 228 2518; x_wconf 80' lang='lat' dir='ltr'>Both.</span> <span class='ocrx_word' id='word_1_385' title='bbox 245 2490 371 2518; x_wconf 86' lang='lat' dir='ltr'>eos.—8</span> <span class='ocrx_word' id='word_1_386' title='bbox 395 2488 476 2519; x_wconf 88' lang='lat' dir='ltr'>Mss.</span> <span class='ocrx_word' id='word_1_387' title='bbox 495 2493 531 2520; x_wconf 85' lang='lat' dir='ltr'>et</span> <span class='ocrx_word' id='word_1_388' title='bbox 556 2489 642 2520; x_wconf 86' lang='lat' dir='ltr'>editi</span> <span class='ocrx_word' id='word_1_389' title='bbox 668 2490 819 2530; x_wconf 86' lang='lat' dir='ltr'>quidam,</span> <span class='ocrx_word' id='word_1_390' title='bbox 840 2490 901 2520; x_wconf 82' lang='lat' dir='ltr'>nisi</span> <span class='ocrx_word' id='word_1_391' title='bbox 917 2491 946 2521; x_wconf 84' lang='lat' dir='ltr'>si</span> <span class='ocrx_word' id='word_1_392' title='bbox 969 2491 1049 2520; x_wconf 83' lang='lat' dir='ltr'>idem</span> <span class='ocrx_word' id='word_1_393' title='bbox 1076 2491 1193 2521; x_wconf 80' lang='lat' dir='ltr'>dictum</span> <span class='ocrx_word' id='word_1_394' title='bbox 1216 2495 1272 2522; x_wconf 80' lang='lat' dir='ltr'>est.</span> <span class='ocrx_word' id='word_1_395' title='bbox 1301 2492 1404 2522; x_wconf 76' lang='lat' dir='ltr'>West.</span> <span class='ocrx_word' id='word_1_396' title='bbox 1449 2493 1583 2525; x_wconf 82' lang='lat' dir='ltr'>Dictum</span> 
     </span>
     <span class='ocr_line' id='line_1_41' title="bbox 122 2529 1583 2575; baseline 0.006 -15"><span class='ocrx_word' id='word_1_397' title='bbox 122 2533 171 2560; x_wconf 81' lang='lat' dir='ltr'>est</span> <span class='ocrx_word' id='word_1_398' title='bbox 187 2529 266 2571; x_wconf 90' lang='lat' dir='ltr'>Bip.</span> <span class='ocrx_word' id='word_1_399' title='bbox 284 2530 386 2562; x_wconf 87' lang='lat' dir='ltr'>Both.</span> <span class='ocrx_word' id='word_1_400' title='bbox 400 2531 438 2561; x_wconf 89' lang='lat' dir='ltr'>Z.</span> <span class='ocrx_word' id='word_1_401' title='bbox 455 2530 583 2572; x_wconf 88' lang='lat' dir='ltr'>Delph.</span> <span class='ocrx_word' id='word_1_402' title='bbox 608 2532 741 2564; x_wconf 80' lang='lat' dir='ltr'>Dictum</span> <span class='ocrx_word' id='word_1_403' title='bbox 752 2533 795 2563; x_wconf 83' lang='lat' dir='ltr'>’st</span> <span class='ocrx_word' id='word_1_404' title='bbox 812 2533 913 2564; x_wconf 89' lang='lat' dir='ltr'>Bent.</span> <span class='ocrx_word' id='word_1_405' title='bbox 932 2533 1091 2564; x_wconf 56' lang='lat' dir='ltr'>Peste—9</span> <span class='ocrx_word' id='word_1_406' title='bbox 1116 2533 1170 2564; x_wconf 86' lang='grc' dir='ltr'>ΑΙ.</span> <span class='ocrx_word' id='word_1_407' title='bbox 1193 2534 1257 2565; x_wconf 86' lang='lat' dir='ltr'>Sed</span> <span class='ocrx_word' id='word_1_408' title='bbox 1273 2535 1345 2575; x_wconf 81' lang='lat' dir='ltr'>quid</span> <span class='ocrx_word' id='word_1_409' title='bbox 1361 2535 1487 2567; x_wconf 78' lang='lat' dir='ltr'>interim</span> <span class='ocrx_word' id='word_1_410' title='bbox 1503 2536 1583 2569; x_wconf 85' lang='lat' dir='ltr'>illic.</span> 
     </span>
     <span class='ocr_line' id='line_1_42' title="bbox 123 2571 1585 2619; baseline 0.005 -16"><span class='ocrx_word' id='word_1_411' title='bbox 123 2571 226 2604; x_wconf 83' lang='lat' dir='ltr'>Both.</span> <span class='ocrx_word' id='word_1_412' title='bbox 252 2573 316 2604; x_wconf 87' lang='lat' dir='ltr'>Sed</span> <span class='ocrx_word' id='word_1_413' title='bbox 331 2574 458 2604; x_wconf 83' lang='lat' dir='ltr'>interim</span> <span class='ocrx_word' id='word_1_414' title='bbox 484 2575 533 2606; x_wconf 82' lang='lat' dir='ltr'>illi</span> <span class='ocrx_word' id='word_1_415' title='bbox 552 2575 724 2615; x_wconf 58' lang='lat' dir='ltr'>quim—10</span> <span class='ocrx_word' id='word_1_416' title='bbox 750 2577 835 2612; x_wconf 78' lang='lat' dir='ltr'>Quos</span> <span class='ocrx_word' id='word_1_417' title='bbox 856 2576 904 2606; x_wconf 83' lang='lat' dir='ltr'>ais</span> <span class='ocrx_word' id='word_1_418' title='bbox 923 2576 1070 2613; x_wconf 62' lang='lat' dir='ltr'>hominm,</span> <span class='ocrx_word' id='word_1_419' title='bbox 1104 2577 1261 2616; x_wconf 80' lang='lat' dir='ltr'>Chremes,</span> <span class='ocrx_word' id='word_1_420' title='bbox 1285 2582 1427 2610; x_wconf 79' lang='lat' dir='ltr'>cessare?</span> <span class='ocrx_word' id='word_1_421' title='bbox 1472 2580 1585 2619; x_wconf 79' lang='lat' dir='ltr'>Ehem,</span> 
     </span>
     <span class='ocr_line' id='line_1_43' title="bbox 119 2614 1585 2660; baseline 0.006 -14"><span class='ocrx_word' id='word_1_422' title='bbox 119 2614 313 2660; x_wconf 78' lang='lat' dir='ltr'>Menedeme,</span> <span class='ocrx_word' id='word_1_423' title='bbox 347 2617 498 2648; x_wconf 80' lang='lat' dir='ltr'>advenis?</span> <span class='ocrx_word' id='word_1_424' title='bbox 554 2618 607 2648; x_wconf 85' lang='lat' dir='ltr'>Ex</span> <span class='ocrx_word' id='word_1_425' title='bbox 638 2628 704 2649; x_wconf 91' lang='lat' dir='ltr'>uno</span> <span class='ocrx_word' id='word_1_426' title='bbox 736 2619 946 2649; x_wconf 87' lang='lat' dir='ltr'>Academico</span> <span class='ocrx_word' id='word_1_427' title='bbox 977 2619 1075 2650; x_wconf 78' lang='lat' dir='ltr'>abest</span> <span class='ocrx_word' id='word_1_428' title='bbox 1108 2620 1277 2651; x_wconf 85' lang='lat' dir='ltr'>Chremes:</span> <span class='ocrx_word' id='word_1_429' title='bbox 1312 2621 1345 2652; x_wconf 90' lang='lat' dir='ltr'>iu</span> <span class='ocrx_word' id='word_1_430' title='bbox 1377 2622 1487 2653; x_wconf 80' lang='lat' dir='ltr'>altero</span> <span class='ocrx_word' id='word_1_431' title='bbox 1518 2624 1585 2655; x_wconf 91' lang='lat' dir='ltr'>Re-</span> 
     </span>
     <span class='ocr_line' id='line_1_44' title="bbox 120 2657 1584 2706; baseline 0.006 -18"><span class='ocrx_word' id='word_1_432' title='bbox 120 2657 175 2697; x_wconf 89' lang='lat' dir='ltr'>gio</span> <span class='ocrx_word' id='word_1_433' title='bbox 193 2659 346 2690; x_wconf 81' lang='lat' dir='ltr'>additum</span> <span class='ocrx_word' id='word_1_434' title='bbox 373 2664 425 2691; x_wconf 87' lang='lat' dir='ltr'>est</span> <span class='ocrx_word' id='word_1_435' title='bbox 448 2670 505 2701; x_wconf 81' lang='lat' dir='ltr'>per</span> <span class='ocrx_word' id='word_1_436' title='bbox 529 2664 657 2701; x_wconf 80' lang='lat' dir='ltr'>tempus.</span> <span class='ocrx_word' id='word_1_437' title='bbox 704 2661 846 2702; x_wconf 86' lang='lat' dir='ltr'>Repone</span> <span class='ocrx_word' id='word_1_438' title='bbox 873 2662 959 2697; x_wconf 76' lang='lat' dir='ltr'>Quos</span> <span class='ocrx_word' id='word_1_439' title='bbox 983 2662 1031 2693; x_wconf 85' lang='lat' dir='ltr'>ais</span> <span class='ocrx_word' id='word_1_440' title='bbox 1058 2663 1194 2694; x_wconf 82' lang='lat' dir='ltr'>homines</span> <span class='ocrx_word' id='word_1_441' title='bbox 1217 2663 1361 2696; x_wconf 77' lang='lat' dir='ltr'>cessare?</span> <span class='ocrx_word' id='word_1_442' title='bbox 1411 2665 1505 2696; x_wconf 82' lang='lat' dir='ltr'>Ehem</span> <span class='ocrx_word' id='word_1_443' title='bbox 1528 2677 1584 2706; x_wconf 86' lang='lat' dir='ltr'>per</span> 
     </span>
     <span class='ocr_line' id='line_1_45' title="bbox 119 2703 1584 2746; baseline 0.008 -16"><span class='ocrx_word' id='word_1_444' title='bbox 119 2703 248 2742; x_wconf 82' lang='lat' dir='ltr'>tempus,</span> <span class='ocrx_word' id='word_1_445' title='bbox 276 2703 456 2734; x_wconf 84' lang='lat' dir='ltr'>Menedeme</span> <span class='ocrx_word' id='word_1_446' title='bbox 482 2704 619 2735; x_wconf 81' lang='lat' dir='ltr'>advenis.</span> <span class='ocrx_word' id='word_1_447' title='bbox 643 2704 746 2736; x_wconf 82' lang='lat' dir='ltr'>Bent.</span> <span class='ocrx_word' id='word_1_448' title='bbox 791 2704 846 2735; x_wconf 89' lang='lat' dir='ltr'>Ita</span> <span class='ocrx_word' id='word_1_449' title='bbox 863 2710 898 2736; x_wconf 87' lang='lat' dir='ltr'>et</span> <span class='ocrx_word' id='word_1_450' title='bbox 915 2705 1009 2736; x_wconf 79' lang='lat' dir='ltr'>Peri.</span> <span class='ocrx_word' id='word_1_451' title='bbox 1061 2706 1204 2737; x_wconf 83' lang='lat' dir='ltr'>Bothius</span> <span class='ocrx_word' id='word_1_452' title='bbox 1234 2707 1328 2746; x_wconf 78' lang='lat' dir='ltr'>legit,</span> <span class='ocrx_word' id='word_1_453' title='bbox 1353 2708 1439 2743; x_wconf 73' lang='lat' dir='ltr'>Quos</span> <span class='ocrx_word' id='word_1_454' title='bbox 1465 2719 1584 2741; x_wconf 79' lang='lat' dir='ltr'>cessare</span> 
     </span>
     <span class='ocr_line' id='line_1_46' title="bbox 119 2743 1583 2793; baseline 0.006 -19"><span class='ocrx_word' id='word_1_455' title='bbox 119 2743 258 2775; x_wconf 83' lang='lat' dir='ltr'>homines</span> <span class='ocrx_word' id='word_1_456' title='bbox 279 2746 327 2776; x_wconf 85' lang='lat' dir='ltr'>ais</span> <span class='ocrx_word' id='word_1_457' title='bbox 352 2744 507 2777; x_wconf 81' lang='lat' dir='ltr'>Chreme?</span> <span class='ocrx_word' id='word_1_458' title='bbox 554 2747 651 2788; x_wconf 83' lang='lat' dir='ltr'>Hem,</span> <span class='ocrx_word' id='word_1_459' title='bbox 670 2751 766 2788; x_wconf 80' lang='lat' dir='ltr'>pert.</span> <span class='ocrx_word' id='word_1_460' title='bbox 783 2748 832 2779; x_wconf 93' lang='lat' dir='ltr'>M.</span> <span class='ocrx_word' id='word_1_461' title='bbox 857 2749 993 2779; x_wconf 73' lang='lat' dir='ltr'>advenis.</span> <span class='ocrx_word' id='word_1_462' title='bbox 1040 2750 1129 2781; x_wconf 70' lang='lat' dir='ltr'>Post</span> <span class='ocrx_word' id='word_1_463' title='bbox 1156 2750 1282 2781; x_wconf 70' lang='lat' dir='ltr'>aaronis</span> <span class='ocrx_word' id='word_1_464' title='bbox 1307 2760 1372 2782; x_wconf 87' lang='lat' dir='ltr'>non</span> <span class='ocrx_word' id='word_1_465' title='bbox 1395 2752 1583 2793; x_wconf 73' lang='lat' dir='ltr'>interrogat</span> 
     </span>
    </p>
   </div>
   <div class='ocr_carea' id='block_1_11' title="bbox 203 2798 1495 2839">
    <p class='ocr_par' dir='ltr' id='par_1_15' title="bbox 203 2798 1495 2839">
     <span class='ocr_line' id='line_1_47' title="bbox 203 2798 1495 2839; baseline 0.005 -9"><span class='ocrx_word' id='word_1_466' title='bbox 203 2798 361 2839; x_wconf 64' lang='lat' dir='ltr'>Delphaet</span> <span class='ocrx_word' id='word_1_467' title='bbox 380 2799 455 2831; x_wconf 83' lang='lat' dir='ltr'>Var.</span> <span class='ocrx_word' id='word_1_468' title='bbox 470 2800 554 2832; x_wconf 85' lang='lat' dir='ltr'>Clas.</span> <span class='ocrx_word' id='word_1_469' title='bbox 780 2802 903 2834; x_wconf 74' lang='lat' dir='ltr'>Terent.</span> <span class='ocrx_word' id='word_1_470' title='bbox 1432 2808 1450 2836; x_wconf 82' lang='lat'><strong>2</strong></span> <span class='ocrx_word' id='word_1_471' title='bbox 1474 2806 1495 2836; x_wconf 91' lang='lat' dir='ltr'>S</span> 
     </span>
    </p>
   </div>
  </div>
 </body>
</html>
