1966 3302
495 216 843 246 ,termeno-eum
879 215 1080 246 Ac'r.1v.
1113 216 1182 246 sc.
1211 215 1302 245 vri.
1529 205 1614 245 765

161 312 251 352 DE.
280 312 351 352 Tu
373 313 482 352 inter
502 324 576 352 eas
596 313 745 352 restim
770 311 957 369 ductans
978 311 1177 352 saltabis.
1238 311 1322 351 Mt.
1355 311 1517 351 Probe.

161 380 251 421 DE.
284 380 459 420 Probe?
523 378 608 420 Mi.
641 379 695 419 Et
710 380 1042 432 xgrief-nobiscum
1072 392 1171 428 una,
1194 379 1233 419 si
1255 391 1368 432 opus
1391 378 1462 418 sit.
1524 378 1617 419 DE.

334 447 426 488 Hei
447 447 550 488 mihi
569 448 577 488 Ξ
1562 446 1620 487 35

160 513 266 555 Non
287 520 331 556 te
352 515 447 557 haec
468 514 669 569 pudent?
735 513 821 555 M1.
853 513 883 555 J
886 526 956 554 am
977 526 1084 554 vero
1106 513 1275 562 omitte,
1298 513 1483 564 Demea,

158 581 301 622 Tuam
318 583 465 624 istanc
485 581 760 624 iracundiam
778 596 789 633 3
821 585 967 635 atque,
987 582 1053 623 ita
1072 582 1139 622 uti
1160 581 1300 631 decet,

160 649 366 691 Hilarum
386 663 438 691 ac
459 650 677 691 lubentem
698 649 771 691 fac
793 653 835 690 te
856 649 900 689 in
921 649 1040 701 gnati
1060 649 1244 702 nuptiis.

159 717 254 770 Ego
275 718 355 758 hos
375 719 654 760 conveniam:
687 721 790 771 post
808 717 894 757 huc
915 716 1063 757 redeo.
1126 717 1218 758 DE.
1251 716 1289 757 O
1306 716 1503 770 Jupiter!

160 784 396 827 Hanccine
412 787 573 828 vitam!
604 786 786 827 hoscine
808 785 972 826 mores!
1004 785 1118 826 hano
1138 785 1426 826 dementiam!
1562 785 1621 826 40

149 933 260 973 funem
273 936 375 974 duces,
401 939 432 967 et
446 936 533 967 chori
554 937 719 977 praesultor
735 937 797 967 eris
817 940 848 967 et
865 936 1021 976 princeps.
1068 935 1136 967 M1.
1162 935 1312 975 Egregie.
1356 935 1422 965 DE.
1459 933 1623 973 Egregie?

158 978 230 1008 Ml.
255 978 362 1009 Etiam
385 982 419 1010 tu
440 979 596 1010 nobiscum
612 990 675 1010 una
697 979 839 1018 sanabis,
855 981 882 1010 si
907 983 936 1010 te
959 989 1032 1010 usus
1046 979 1164 1017 fuerit.
1213 979 1281 1010 DE.
1306 978 1373 1009 Hez'
1388 977 1493 1010 mihi!
1515 988 1575 1008 non
1590 980 1621 1008 te

156 1020 263 1052 horum
274 1023 391 1062 pudet?
424 1022 461 1052 M
467 1031 488 1053 r.
512 1023 607 1053 Nunc
623 1032 693 1053 vero
703 1022 798 1054 istam
814 1026 899 1053 tuam
912 1022 1108 1053 iracundiam
1123 1021 1237 1060 abjice,
1252 1025 1343 1062 atque
1360 1021 1407 1051 ita
1421 1024 1457 1052 ut
1471 1019 1625 1058 convenit,

156 1063 313 1095 hilaritati
328 1068 359 1096 et
373 1064 519 1096 lubentia>
533 1066 661 1104 indulge
675 1065 709 1096 in
723 1067 772 1096 tui
775 1065 844 1107 filii
860 1065 987 1106 nuptiis.
1036 1066 1107 1104 Ego
1124 1065 1177 1095 hos
1192 1065 1296 1104 adibo,
1310 1066 1417 1105 postea
1434 1064 1492 1095 huc
1517 1073 1623 1094 rever-

156 1109 216 1139 tor.
263 1107 332 1140 DE.
359 1108 388 1138 0
402 1107 555 1149 Jupiter!
577 1108 693 1140 hancne
708 1108 805 1140 vitam
817 1109 927 1140 ducere
943 1112 1085 1149 oportet?
1111 1108 1204 1139 hosne
1219 1117 1283 1140 esse
1299 1111 1416 1139 mores?
1438 1108 1518 1138 hanc
1539 1107 1623 1138 insa-

776 1213 1014 1226 eeeeeeeeeeee

159 1291 249 1328 Vel;
273 1291 328 1322 Sic
345 1295 442 1322 notat
456 1291 566 1331 glossa
581 1291 636 1322 τοῦ
649 1291 796 1324 ism-32
821 1289 969 1322 Codices
987 1289 1137 1331 quidam,
1154 1288 1325 1319 Facturum
1342 1290 1372 1318 le
1387 1288 1490 1318 credo.
1514 1287 1626 1319 West.

163 1335 208 1365 Ut
225 1334 352 1365 omittit
368 1335 513 1366 Br.—.⁹‚3
539 1335 584 1365 Et
598 1345 688 1374 nova,
703 1333 773 1374 δῖα]
798 1333 875 1365 Non
893 1334 958 1364 hoc
984 1343 1045 1373 per
1070 1331 1373 1372 interrogationem
1391 1329 1545 1369 effertur,
1563 1331 1625 1362 sed

159 1375 361 1408 affirmative
379 1387 439 1417 per
464 1377 667 1409 irrisionem.
690 1378 787 1408 Bent.
819 1376 875 1408 Sic
901 1376 985 1407 dant
1010 1377 1071 1407 ΒΓ.
1098 1376 1193 1406 Peri.
1222 1380 1258 1406 et
1282 1374 1385 1404 Both.
1403 1373 1461 1415 qui
1484 1374 1625 1405 exhibet

158 1419 275 1458 discet;
299 1443 307 1452 .
328 1443 336 1450 .
354 1443 361 1450 .
384 1420 451 1450 M1.
488 1420 716 1451 Scilicet.-—34
742 1421 826 1450 Mss.
853 1420 987 1459 quidam
1017 1424 1052 1450 et
1078 1417 1232 1458 impressi
1261 1421 1339 1457 post
1367 1417 1438 1448 ΕΡ.
1457 1416 1623 1456 psaltabis.

157 1462 353 1494 West.—35
379 1463 449 1493 DE.
465 1463 567 1494 Probe
580 1462 608 1503 2]
636 1463 721 1494 Haec
739 1473 757 1494 a
773 1462 888 1494 multis
911 1463 996 1493 Mss.
1014 1468 1047 1492 et
1070 1461 1173 1493 editis
1195 1460 1342 1500 antiquis
1366 1461 1501 1497 absunt,
1519 1459 1625 1490 etiam

158 1505 200 1536 ab
224 1506 298 1537 ΕΡ.
315 1505 374 1537 sed
401 1504 636 1537 defenduntur
652 1516 670 1537 a
687 1506 785 1537 Rivio
812 1511 847 1537 et
863 1505 922 1536 Fa.
967 1505 1063 1537 Nihil
1091 1509 1204 1535 autem
1235 1512 1348 1534 causae
1375 1512 1450 1534 esse
1475 1501 1627 1541 videtur,

158 1558 265 1589 quare
289 1549 423 1580 Demea
438 1548 476 1579 τὸ
492 1549 596 1580 Probe
622 1553 799 1590 repeteret
814 1548 934 1588 magis,
950 1558 1050 1589 quarn
1078 1547 1169 1588 quod
1199 1546 1390 1588 praecessit,
1412 1547 1421 1564 ‘
1439 1545 1509 1576 Cur
1535 1545 1628 1585 non‚’

158 1596 194 1622 et
220 1592 230 1609 ‘
251 1591 416 1623 Scilicet!
445 1592 546 1624 IVest.
583 1592 648 1624 M1.
676 1592 787 1624 Probe.
816 1595 847 1623 et
872 1595 908 1622 tu
936 1591 1109 1631 nobiscum]
1138 1591 1234 1620 Beni.
1259 1589 1409 1630 geminat
1439 1588 1627 1619 dictionem

157 1634 273 1674 Probe,
289 1635 416 1666 habens
439 1644 513 1666 eam
538 1633 689 1666 secundo
710 1635 786 1667 loco
814 1633 876 1665 sub
903 1643 1048 1674 persona
1073 1634 1239 1664 Demeae:
1265 1642 1365 1674 quam
1391 1632 1574 1663 lectionem
1591 1637 1628 1663 et

158 1676 280 1709 Rivius
297 1688 339 1709 ex
356 1687 417 1709 suo
443 1678 530 1709 libro
544 1677 733 1709 annotavit.
778 1678 834 1708 Ita
858 1677 961 1708 etiam
979 1687 1096 1709 versus
1124 1676 1253 1716 optime
1276 1680 1425 1706 constat.
1449 1675 1508 1706 Fa.
1555 1675 1627 1706 DE.

158 1720 282 1752 Probe?
304 1722 371 1753 Mr.
402 1721 447 1751 Et
469 1725 504 1752 tu
524 1720 678 1753 nobiscum
701 1731 775 1759 una,
800 1720 829 1751 si
851 1730 926 1761 opus
950 1720 1003 1751 sz't.
1037 1719 1100 1750 Hei
1124 1719 1213 1750 mihi.
1257 1718 1347 1749 Illud
1371 1718 1475 1749 Probe
1498 1727 1517 1748 a
1544 1718 1628 1749 Cor-

157 1770 293 1794 rectore
308 1763 477 1795 Bembino
495 1764 665 1805 provenit,
687 1764 729 1794 ad
744 1773 879 1795 versum
904 1763 1128 1794 fulciendum.
1174 1763 1226 1793 Ex
1244 1767 1297 1792 tot
1315 1761 1442 1791 nostris
1461 1760 1529 1791 duo
1553 1765 1629 1791 tan-

158 1809 230 1837 tum
245 1806 347 1838 Probe
363 1812 537 1847 repetunt,
554 1812 656 1848 atque
675 1807 721 1837 illi
738 1816 781 1837 ex
802 1806 1042 1838 mediocribus.
1088 1807 1133 1837 Et
1149 1815 1229 1835 sane
1257 1805 1386 1845 inepta,
1402 1804 1551 1842 enervis,
1567 1813 1629 1843 pu-

158 1849 233 1880 tida
256 1849 419 1891 repetitio
436 1856 509 1888 est3
533 1860 596 1881 nec
620 1849 758 1890 reliquis
782 1849 837 1880 bic
854 1849 1028 1889 convenit,
1045 1859 1120 1890 quae
1148 1848 1255 1879 ironia
1277 1851 1314 1879 et
1337 1847 1492 1878 irrisione
1513 1846 1629 1877 omnia

158 1891 330 1925 dicuntur.
375 1893 494 1934 Longe
522 1891 656 1924 facilior
680 1896 716 1923 et
733 1893 844 1923 verior
869 1893 903 1924 in
921 1898 1056 1933 promtu
1081 1897 1156 1922 erat
1180 1890 1367 1922 correctio:
1393 1890 1465 1921 DE.
1485 1889 1531 1920 Tu
1544 1889 1629 1920 inter

157 1945 210 1966 eas
226 1936 338 1967 restim
361 1936 491 1967 ductans
515 1936 658 1968 sallabis.
684 1936 747 1967 Mx.
769 1935 875 1976 probe.
913 1937 958 1967 Et
983 1939 1048 1966 tute
1071 1935 1227 1966 nobiscum
1251 1943 1324 1971 una,
1339 1933 1369 1964 si
1384 1943 1459 1973 opus
1480 1933 1533 1964 sit.
1558 1933 1629 1963 DE.

159 1978 225 2009 Hei
246 1978 349 2011 mihi!
372 1979 477 2010 Bent.
513 1979 580 2010 DE.
611 1978 711 2010 Probe
721 1979 747 2019 ?]
772 1979 875 2010 Bent.
901 1979 1029 2010 omittit
1046 1983 1207 2018 tanquam
1224 1986 1243 2007 a
1260 1977 1449 2017 glossatore
1467 1975 1631 2007 Bembini

158 2021 277 2061 putide
304 2022 479 2054 iteratum.
521 2021 590 2053 Sed
618 2026 712 2053 errat
728 2022 779 2053 vir
801 2031 955 2062 magnus.
1004 2023 1093 2053 Nam
1111 2020 1211 2052 simili
1235 2019 1336 2050 modo
1361 2024 1499 2050 resonat
1526 2028 1631 2058 supra

158 2073 210 2095 ιν.
227 2068 258 2095 5.
273 2068 328 2096 66.
343 2065 466 2096 vocula
481 2065 490 2082 ‘
505 2064 583 2096 Jam
598 2064 606 2078 '
623 2065 657 2096 in
681 2074 739 2096 ore
766 2064 924 2096 iterantis
949 2065 1093 2096 comice.
1139 2064 1197 2095 Sic
1223 2063 1306 2094 item
1327 2062 1470 2094 centies.
1516 2061 1630 2095 Abest

160 2117 180 2138 a
196 2106 311 2139 Guelf.
328 2110 361 2139 2.
378 2109 467 2140 Perl.
496 2107 719 2139 Gemmatum
737 2108 840 2139 Probe
859 2107 921 2139 sub
949 2117 1098 2148 persona
1123 2108 1268 2138 Demeae
1285 2116 1328 2137 ex
1344 2106 1443 2136 Bem.
1475 2104 1630 2136 Faernus

160 2149 283 2182 edidit.
326 2150 396 2182 Alii
412 2151 590 2189 omittunt,
606 2156 642 2182 et
658 2152 706 2182 sic
722 2156 868 2182 metrum
893 2154 1126 2191 corrumpunt.
1172 2150 1296 2190 Neque
1318 2149 1422 2180 Bent.
1440 2148 1631 2179 audiendus

160 2198 225 2233 est,
247 2193 306 2235 qui
328 2193 424 2225 dedit
439 2195 484 2225 Et
512 2196 658 2234 tute‚85c.
684 2194 765 2235 Bip.
789 2194 985 2225 Bentleium
1015 2194 1169 2235 sequitur
1198 2192 1301 2224 Both.
1347 2191 1439 2222 Illud
1469 2191 1630 2222 iteratum

161 2236 264 2268 Probe
278 2237 427 2268 collocat
443 2237 567 2278 Delph.
586 2238 619 2268 in
638 2247 737 2268 versu
753 2239 806 2268 34.
847 2237 889 2268 Ei
912 2237 988 2267 mihi
1006 2238 1154 2269 Br.-36
1178 2236 1258 2267 Duo
1280 2245 1323 2266 ex
1339 2234 1463 2266 nostris
1477 2233 1629 2265 melioris

162 2284 266 2320 notae,
279 2280 356 2311 Jam
371 2290 441 2311 vero
461 2281 565 2318 mitte,
579 2291 596 2311 o
610 2281 740 2312 Demea.
786 2280 902 2316 Certe,
920 2280 991 2310 sive
1020 2280 1110 2311 mitte
1137 2279 1208 2309 sive
1224 2279 1333 2309 omitte
1355 2278 1460 2318 legas,
1474 2287 1491 2307 ο
1509 2278 1632 2308 Demea

160 2323 298 2353 omnino
324 2323 501 2362 retinebis,
516 2332 559 2353 ne.
576 2323 611 2353 in
627 2323 691 2355 ista
707 2322 789 2354 sede
804 2322 988 2354 Trochaeus
1006 2324 1064 2361 sit,
1083 2331 1183 2363 quem
1197 2321 1280 2352 data
1296 2330 1403 2362 opera
1419 2321 1528 2352 evitat
1546 2320 1632 2351 Nos-

160 2372 223 2397 ter.
248 2365 344 2397 Bent.
371 2367 401 2396 0
423 2365 507 2397 dant
522 2366 624 2397 Both.
642 2366 823 2398 Fert—38
847 2366 991 2397 Codices
1008 2365 1145 2407 quidam
1163 2365 1312 2395 Hilarem
1325 2365 1460 2404 legunt,
1475 2368 1578 2402 atque
1595 2363 1632 2393 in

159 2408 200 2439 iis
224 2408 298 2439 ΕΡ.
330 2409 431 2441 West.
465 2410 563 2440 Bem.
589 2414 623 2440 et
648 2409 804 2450 plerique
831 2409 888 2440 alii
918 2408 1058 2447 habent,
1079 2408 1173 2446 gnati
1198 2408 1232 2438 in
1258 2407 1388 2447 nuptiis.
1411 2407 1471 2438 Fa.
1509 2406 1629 2437 Nostri

160 2460 275 2483 omnes
304 2451 338 2483 in
361 2452 432 2484 reati
456 2452 586 2493 nuptiis.
619 2452 722 2484 Bent.
762 2452 917 2493 Hylarem
943 2452 1031 2483 GM.
1060 2452 1149 2482 Per-l.
1190 2450 1273 2482 Nati
1297 2451 1331 2482 in
1354 2451 1457 2483 Bent.
1481 2449 1522 2481 Ζ.
1547 2449 1629 2490 Bip.

830 2549 973 2581 NOTAE

201 2630 242 2660 34
270 2628 392 2660 Restim
401 2626 546 2667 ductans]
564 2627 670 2657 Lusus
685 2630 738 2656 est
749 2629 864 2665 natus,
919 2625 982 2656 bus
998 2624 1112 2656 funem
1140 2624 1338 2656 tenentibus
1353 2622 1490 2654 'saltare
1508 2621 1630 2654 solent.

160 2683 199 2710 ut
221 2678 330 2710 refert
357 2679 530 2718 Donatus,
544 2677 586 2708 ab
611 2687 651 2709 eo
678 2676 773 2716 fune,
799 2685 864 2717 quo
920 2676 1062 2707 Choreae
1080 2675 1239 2717 princeps
1256 2682 1294 2706 et
1314 2674 1498 2715 praesultor
1512 2672 1630 2704 funem

160 2740 265 2772 equus
287 2730 420 2772 ligneus
446 2731 647 2763 Graecorum
671 2729 703 2760 in
725 2729 864 2769 Trojam
919 2726 1028 2767 ducit,
1043 2736 1143 2769 quem
1167 2726 1236 2765 alii,
1253 2725 1376 2758 eodem
1399 2724 1479 2756 fune
1505 2732 1631 2767 appre-

161 2783 377 2815 introductus
395 2787 457 2815 est.
501 2782 542 2814 In
570 2781 634 2814 hoc
658 2780 738 2813 ludo
762 2780 867 2812 mani·
919 2778 1038 2819 hemo,
1053 2781 1265 2820 praeeuntem
1280 2781 1482 2819 sequuntur.

673 2936 693 2951 Ω
