1966 3302
549 253 859 287 enommole
892 251 1000 283 ACT.
1035 250 1078 279 v.
1109 250 1180 280 sc.
1213 249 1244 278 1.
1523 235 1635 278 1003

189 354 282 395 DE.
312 352 436 395 Idem
465 364 546 406 ego
575 352 695 392 istuc
726 350 873 391 facere
894 360 1093 402 possum.
1152 345 1311 387 CHRE.
1343 342 1508 384 Mulier
1542 355 1638 383 mu·

353 420 449 461 lieri
469 420 608 473 magis
630 418 841 472 congruit.

182 489 277 530 DE.
308 487 512 541 Rogabo.
573 487 731 528 CHRE.
761 484 853 525 Ubi
873 484 974 525 illas
996 495 1076 535 ego
1096 494 1212 522 nunc
1242 479 1430 534 reperire
1451 476 1637 532 possim,

351 556 515 609 cogito.
1585 545 1639 585 15

180 668 279 709 queri.
323 666 394 697 DE.
417 666 488 705 Ego
503 665 583 696 idem
599 665 683 695 istud
700 663 832 706 officium
847 662 912 692 vice
924 661 1032 692 uxoris
1047 664 1109 690 tuae
1125 659 1236 697 facere
1250 669 1384 698 possum.
1428 657 1496 689 CH.
1520 657 1640 688 Mulier

180 710 302 742 mlieri
319 710 418 749 magis
431 709 582 739 convenit.
629 708 694 737 DE.
719 705 846 745 Rogabo
862 713 987 735 uxorem
1005 707 1100 740 tuam,
1116 706 1151 733 ut
1174 702 1207 732 id
1222 705 1309 740 agat.
1355 702 1426 732 CH.
1457 701 1552 732 Valde
1566 701 1639 732 soli-

179 754 260 785 citus
273 763 353 792 sum,
367 752 420 784 ubi
434 751 626 793 illas,filz'am
640 759 745 790 nempe
759 752 789 779 et
804 756 933 779 uxorem
954 756 1052 777 meam
1068 745 1241 785 Lemniam,
1261 744 1402 776 invenire
1415 745 1541 785 possim.

788 845 844 856 eet
851 842 1024 855 mee

180 916 274 948 licet.
309 914 408 945 Idem.
454 912 536 943 Hoec
562 910 672 943 nostri
699 910 862 950 universi,
889 919 953 941 non
978 909 1045 940 hoc.
1068 908 1173 939 Bent.
1219 906 1300 938 Haec
1326 905 1384 937 ΒΥ.
1414 905 1510 937 Peri.
1552 905 1638 946 Volo,

179 952 1059 1038 fflflgz’qss‘iffz’ss‘ssg‘at‘ff&e3?¹¹¹f.1„¹g³}‘s‘22„22¹2¹}?·
1083 951 1142 1026 131³(
1141 947 1640 1028 ἕέιέἷέεἶοέἒηῗὲὲἑὲῗϊξΒέἒ.

179 1045 341 1083 congruet,
366 1042 398 1072 in
414 1040 538 1072 ceteris
554 1040 707 1071 omnibns
722 1040 878 1079 congruit.
901 1039 962 1070 Fa.
1005 1039 1089 1069 Tres
1113 1041 1247 1068 tantum
1274 1044 1315 1065 ex
1332 1035 1457 1066 nostris
1471 1035 1639 1073 congruit,-

181 1086 290 1119 ceteri
307 1093 422 1116 omnes
437 1086 607 1122 congruet:
626 1083 716 1125 qnod
735 1083 863 1123 piacet.
891 1082 981 1113 Bent.
1031 1081 1187 1119 Congwet
1205 1079 1263 1109 ΒΥ.
1275 1078 1369 1109 Perl.
1416 1078 1485 1109 Cn.
1512 1078 1643 1109 Mulieri

181 1130 282 1170 nmgis
306 1130 455 1167 congruet
481 1127 608 1166 Deiph.
656 1126 807 1157 Convenit
833 1125 911 1165 Bip.
960 1125 1107 1163 Congrua
1133 1125 1178 1154 est
1194 1120 1308 1153 Guelf.
1326 1123 1442 1151 3.—-l5
1476 1120 1538 1151 Ubi
1561 1131 1641 1152 ‘nunc

180 1173 252 1204 illas
266 1181 351 1210 ergo.
396 1170 437 1201 In
455 1169 545 1200 nuno
562 1169 649 1200 libro
673 1169 824 1199 invenias
848 1168 934 1199 hanc
960 1167 1154 1201 lectionem,
1170 1165 1230 1196 sed
1247 1163 1320 1195 fere
1336 1164 1371 1194 in
1388 1163 1554 1203 omnibus,
1578 1164 1642 1195 Ubi

181 1225 238 1254 ego
253 1216 324 1246 illas
339 1222 440 1244 nunc.-
463 1212 496 1243 in
513 1213 608 1243 Bem.
626 1217 770 1247 tantum,
790 1211 852 1243 Ubi
865 1212 936 1242 illas
950 1220 1030 1241 nunc
1045 1219 1121 1250 ego.-
1145 1213 1184 1239 nt
1201 1213 1236 1239 et
1255 1216 1371 1237 versus
1387 1206 1553 1247 exposcit.
1578 1207 1638 1238 Fa.

182 1257 335 1295 Rogabo.
383 1255 444 1287 Ubi
468 1255 543 1286 illas
566 1265 649 1286 nunc
674 1265 730 1294 ego
756 1253 894 1295 reperire
916 1253 1042 1294 possim,
1066 1252 1179 1291 cogito.
1228 1250 1345 1281 Nostri
1370 1258 1486 1280 omnes
1506 1249 1567 1280 Ubi
1585 1259 1641 1288 ego

178 1302 252 1332 illas
267 1309 356 1330 nunc.
401 1299 543 1337 Repone
557 1308 565 1329 :
594 1298 656 1329 Ubi
671 1308 726 1335 ego
741 1298 812 1329 illas
825 1296 985 1334 nuncjtzm
999 1297 1134 1336 reperire
1146 1293 1275 1335 possim,
1292 1293 1405 1332 cogito.
1431 1293 1534 1323 Bent.
1578 1292 1642 1323 Ubi

180 1354 238 1383 ego
252 1343 322 1374 illas
338 1350 418 1415 ηὲηε
434 1341 494 1372 Bt.
518 1341 612 1372 Perl.
662 1341 724 1372 Ubi
738 1341 808 1371 illas
824 1350 904 1372 nunc
930 1350 985 1379 ego
1008 1339 1111 1370 Both.
1128 1339 1209 1378 ssip.
1226 1337 1265 1368 Z.
1309 1336 1466 1377 Experire
1480 1344 1542 1377 pro
1557 1344 1641 1376 repe-

181 1387 246 1418 rire
263 1385 352 1419 Guel
373 1407 380 1415 .
399 1386 430 1416 1.

594 1629 799 1672 ACTUS
837 1629 890 1671 V.
952 1628 1159 1671 SCENA
1192 1627 1230 1670 Ι.

632 1768 913 1801 SOPHRONA.
946 1767 1197 1798 CHREMES.

185 1839 262 1882 So.
293 1838 432 1890 Qum
468 1839 631 1892 agam?
664 1851 794 1893 quem
834 1836 937 1877 mihi
972 1837 1166 1876 amicum
1198 1834 1420 1876 inveniam
1454 1833 1642 1874 misera?

356 1912 434 1948 aut
453 1920 543 1961 quo
566 1906 761 1948 consilia
779 1904 875 1945 haec
895 1902 1111 1944 referam?

226 2032 284 2063 So.
307 2032 393 2068 Quid
404 2031 547 2070 faciam?
569 2042 658 2072 quem
672 2031 751 2062 mihi
765 2031 882 2071 infelix
897 2030 1169 2072 amicumfidelem
1190 2029 1224 2060 in
1235 2029 1286 2060 his
1299 2029 1533 2070 difficultatibus
1559 2038 1643 2069 repe-

183 2074 286 2106 riam?
306 2079 360 2106 aut
375 2084 442 2106 cum
457 2085 515 2115 quo
531 2076 568 2107 de
582 2074 700 2116 nuptiis
713 2075 900 2116 Antiphonis
915 2078 944 2106 et
963 2074 1081 2106 Phaniz'
1091 2072 1219 2104 consiliu
1231 2072 1476 2103 communicabo?
1496 2075 1548 2102 aut
1565 2072 1645 2103 unde

793 2170 909 2181 “oue
913 2169 950 2180 ee
954 2169 1032 2180 Νφο

231 2246 390 2278 Donatus
408 2246 494 2277 banc
517 2246 660 2277 Scenam
688 2244 797 2277 refert
821 2244 865 2276 ad
890 2244 1016 2276 Actum
1043 2254 1094 2276 ιν.
1114 2243 1314 2275 observante
1342 2243 1387 2274 G.
1412 2243 1642 2274 Fabricio.-1

188 2288 353 2320 Inveniam
368 2289 497 2329 misera]
530 2289 613 2320 Mss.
629 2288 767 2328 quidam
785 2293 820 2319 et
836 2288 991 2328 impressi
1010 2294 1085 2327 post
1102 2288 1175 2319 ΕΡ.
1210 2288 1330 2318 Misera
1346 2287 1510 2317 inveniam.
1535 2286 1645 2317 West.

187 2331 242 2363 An
261 2332 329 2367 Quo
346 2330 527 2363 formatum
546 2341 588 2362 ex
614 2332 707 2368 Quoi,
730 2331 818 2373 quod
845 2337 923 2371 post
940 2336 1107 2361 mutatum
1133 2330 1166 2361 in
1193 2330 1280 2362 Cui?
1306 2329 1474 2370 quomodo
1491 2329 1646 2369 plerique

186 2384 305 2405 omnes
319 2375 407 2406 Mss.
424 2380 459 2405 et
476 2374 561 2406 editi
578 2379 710 2406 veteres
728 2379 806 2415 post
823 2375 893 2405 ΕΡ.
927 2373 966 2404 In
986 2373 1160 2404 Ms.Witt.
1175 2379 1286 2404 tamen
1300 2377 1353 2403 est
1372 2372 1463 2408 Quoi.
1495 2371 1646 2403 Faernus

190 2417 261 2453 Quo
278 2417 407 2448 laudat.
436 2418 534 2449 West.
579 2418 676 2449 Bem.
703 2421 758 2448 aut
781 2427 840 2458 quo
863 2416 1002 2448 consilia.
1024 2426 1142 2447 versus
1159 2421 1271 2447 antem
1290 2416 1349 2446 hos
1376 2416 1424 2446 ita
1441 2414 1647 2454 ordinamus,

185 2464 225 2492 nt
238 2460 307 2491 sint
323 2460 499 2499 trochaici,
524 2460 648 2500 primus
666 2460 801 2501 quiden·
819 2465 953 2491 tetram.
970 2460 1151 2491 acatalect.
1170 2458 1453 2500 quemadmodum
1472 2463 1507 2489 et
1522 2458 1646 2489 tertius

185 2507 222 2534 et
237 2508 376 2543 quartus
392 2502 488 2542 hujus
504 2513 635 2534 scenae:
661 2503 826 2534 secundus
849 2513 943 2541 vero,
969 2502 1093 2533 demtis
1122 2502 1253 2533 duabus
1278 2501 1484 2532 dictionibus
1507 2511 1586 2531 nunc
1609 2506 1646 2532 et

184 2546 276 2584 mihi,
298 2555 374 2587 qnae
400 2555 466 2576 non
494 2551 572 2576 sunt
596 2546 627 2576 in
655 2545 752 2577 Rem.
779 2555 842 2576 nee
866 2546 899 2576 in
925 2546 1039 2576 multis
1054 2546 1141 2585 aliis,
1169 2545 1316 2576 dimeter
1331 2544 1566 2582 catalecticus,
1581 2544 1644 2575 hoc

187 2588 299 2624 modo,
325 2588 410 2624 Quid
435 2587 557 2627 agam?
579 2598 665 2628 quem
689 2589 764 2619 mihi
787 2590 920 2619 amicum
946 2589 1099 2620 inveniam
1124 2586 1267 2619 misera?
1289 2590 1343 2618 aut
1367 2597 1423 2626 quo
1437 2587 1566 2617 consilia
1579 2587 1644 2617 lioec

185 2631 339 2671 refferam?
358 2631 362 2673 Ι
383 2632 447 2662 Aut
475 2633 553 2663 unde
579 2631 734 2662 auxilium
753 2630 881 2672 petam?
904 2631 985 2662 Bas.
1007 2637 1041 2662 et
1061 2631 1153 2662 Vict.
1174 2634 1228 2661 aut
1243 2632 1324 2661 unde
1338 2630 1413 2660 mila·
1425 2630 1580 2660 auxilium
1590 2640 1644 2670 pe·

186 2677 274 2705 tam?
296 2674 356 2705 Fa.
401 2675 456 2705 Sic
474 2684 492 2704 a
509 2672 652 2705 Faetus».
695 2675 761 2705 Sed
779 2675 886 2705 nostri
902 2674 1050 2704 universi
1068 2675 1181 2704 misera
1194 2674 1349 2704 inveniam
1362 2683 1372 2703 :
1397 2678 1432 2703 et
1450 2678 1520 2704 tres
1538 2673 1647 2703 nostri

188 2717 340 2757 primarii
361 2726 438 2748 cnm
455 2716 529 2748 aliis
543 2717 687 2756 duobus,
707 2717 794 2748 Unde
811 2717 898 2748 mihi.
945 2718 1097 2757 Repone,
1114 2716 1197 2752 Quid
1213 2714 1330 2756 agam?
1353 2725 1438 2756 quem
1455 2715 1497 2746 mi
1513 2715 1645 2745 amicum

188 2759 301 2791 misera
314 2760 480 2799 inveniam,
495 2770 552 2800 quo
567 2761 696 2791 consilia
711 2760 776 2791 Izaec
792 2761 935 2799 mserum,
950 2764 1040 2800 atque
1059 2759 1064 2801 Ι
1089 2760 1177 2790 Unde
1192 2760 1235 2789 mi
1250 2759 1402 2790 auxilium
1417 2762 1538 2798 petam?
1556 2758 1643 2788 Dele

190 2802 282 2841 prius
295 2804 375 2843 Aut,
391 2808 426 2835 et
443 2812 504 2844 pro
522 2803 630 2835 altero
643 2803 811 2835 substitue
822 2802 938 2844 Atque.
955 2803 1055 2836 Bent.
1071 2812 1137 2834 nou
1156 2801 1323 2844 probante
1340 2802 1431 2833 Perl.
1454 2801 1504 2833 cui
1519 2801 1645 2840 Delph.
