1966 3302
352 265 438 307 590
845 277 883 306 P.
917 277 1160 307 TEREN'ru
1196 278 1315 309 Arar

350 370 604 412 Commeare
625 370 682 411 ad
703 370 1017 421 mulierculam,
1039 384 1141 425 quae
1168 372 1355 425 paululo
1751 373 1807 415 35

351 439 466 479 Tum
487 442 582 478 erat
604 441 822 487 contenta,
845 438 1005 491 cuique
1027 444 1147 479 erant
1169 444 1295 491 grata
1313 440 1476 488 omnia,

351 505 635 546 Proterruisti
658 505 780 546 hinc:
811 518 863 546 ea
884 509 1040 546 coacta
1059 506 1261 558 ingratiis

352 572 462 613 Post
486 573 564 612 illa
583 574 722 626 coepit
743 573 905 614 victum
931 574 1058 626 volgo
1081 586 1295 627 quaerere.

349 639 483 690 Nunc
505 653 605 680 cum
627 641 720 680 sine
742 654 902 693 magno
923 641 1243 683 intertrimento
1265 654 1350 682 non
1371 643 1522 695 potest

350 706 540 758 Haberi,
562 707 739 760 quidvis
762 709 865 749 dare
886 709 1013 762 cupis
1031 723 1040 750 :
1070 722 1188 759 nam,
1211 713 1258 749 ut
1275 713 1320 749 tu
1341 709 1477 759 scias,
1747 708 1806 749 40

352 774 500 825 Quam
523 788 578 816 ea
597 788 712 816 nunc
734 776 953 818 instructa
973 777 1156 830 pulchre
1177 777 1235 817 ad
1256 777 1490 830 perniciem
1512 776 1619 819 siet:

350 842 563 893 Primum,
577 843 671 896 jam
695 844 879 885 ancillas
902 857 1053 885 secum
1075 844 1266 885 adduxit
1286 845 1388 898 plus
1408 844 1577 893 decem,

351 909 567 951 Oneratas
587 915 711 951 veste
731 914 863 965 atque
885 924 1005 953 auro.
1067 911 1287 964 Satrapes
1313 911 1352 952 si
1374 911 1459 952 siet

349 976 548 1027 Amator,
569 991 794 1032 nunquam
814 978 990 1020 sufferre
1011 978 1108 1032 ejus
1128 982 1298 1019 sumtus
1320 982 1479 1032 queat3

348 1044 525 1086 Nedum
566 1051 616 1086 tu
649 1046 810 1099 possis.
871 1046 970 1087 ME.
1014 1046 1151 1088 Estne
1195 1059 1252 1088 ea
1291 1047 1440 1088 intus?
1503 1047 1592 1089 CH.
1628 1046 1698 1088 Sit
1733 1059 1804 1088 ro-

518 1113 628 1166 gas?
1749 1115 1806 1156 45

349 1180 500 1221 Sensi:
531 1193 723 1234 namque
740 1181 781 1221 ei
801 1193 932 1221 unam
954 1194 1129 1222 coenam
1150 1187 1282 1236 atque
1303 1181 1403 1236 ejus
1423 1182 1662 1223 comitibus

341 1288 534 1328 permitteres
550 1298 617 1319 eum
632 1290 711 1320 itare
736 1290 777 1320 ad
793 1290 871 1320 hanc
890 1290 1037 1330 puellam,
1061 1300 1129 1330 quoe
1157 1293 1230 1322 tunc
1254 1291 1337 1322 victu
1361 1292 1446 1322 tenui
1468 1291 1687 1331 acquiescebat,
1702 1295 1734 1323 et
1755 1293 1806 1324 cui

347 1332 448 1361 omnia
460 1331 632 1372 placebunt,
646 1342 712 1372 quoe
726 1333 773 1363 illi
788 1332 950 1364 dabantur.
997 1334 1052 1364 Ex
1065 1343 1098 1364 eo
1119 1336 1253 1374 tempore
1268 1335 1419 1374 compulsu
1437 1334 1508 1373 fuit
1522 1335 1622 1365 invito
1640 1335 1754 1373 «titinio,
1769 1339 1806 1366 ut

346 1374 443 1404 vitam
456 1376 574 1414 inopem
589 1376 745 1415 toleraret,
757 1385 865 1415 corpus
880 1376 1018 1414 vulgare.
1065 1376 1171 1414 Nunc,
1187 1378 1305 1416 quando
1316 1378 1407 1416 filius
1428 1380 1499 1408 tuus
1514 1387 1574 1408 non
1588 1380 1687 1418 potest
1701 1387 1738 1408 ea
1751 1387 1805 1417 po·-

347 1417 402 1447 tiri
419 1416 483 1447 sine
498 1421 549 1447 tuo
562 1417 654 1456 gravi
669 1419 793 1457 damno,
804 1422 934 1457 paratus
950 1428 980 1449 es
995 1419 1068 1449 (lure
1084 1419 1217 1450 libenter
1232 1419 1380 1458 quidlibet
1397 1421 1475 1459 quod
1487 1423 1613 1459 petatur
1624 1431 1634 1450 .·
1657 1419 1690 1450 in
1704 1421 1805 1451 dando

345 1460 429 1489 ultra
444 1462 568 1490 modum
583 1460 698 1499 largior
714 1471 762 1492 es.-
785 1471 855 1491 nam
870 1471 907 1491 ne
920 1461 1046 1499 ignores
1061 1472 1151 1501 quam
1165 1463 1289 1501 egregie
1304 1466 1415 1493 ornata
1436 1466 1527 1502 utque
1541 1466 1691 1503 apparata
1706 1464 1750 1494 sit
1766 1462 1806 1494 ad

342 1502 466 1532 ruinam
471 1502 676 1538 fortunarum
699 1506 821 1533 tuarum
839 1508 869 1533 et
884 1503 952 1544 filii
964 1514 974 1534 :
994 1504 1131 1543 primum
1145 1514 1226 1535 nunc
1241 1505 1333 1535 duxit
1348 1514 1448 1535 secum
1465 1507 1624 1545 plusquam
1638 1507 1740 1536 decem
1753 1515 1808 1536 an·

345 1545 433 1576 cillas
444 1549 570 1576 onustas
581 1545 716 1576 vestibus
730 1548 892 1586 aureisque
907 1547 1106 1580 ornamentis.
1152 1547 1190 1578 Si
1214 1546 1350 1586 Satrapu
1369 1548 1420 1578 vel
1436 1548 1608 1586 Praefectus
1630 1548 1806 1579 Provincia>

346 1588 387 1618 sz't
404 1592 523 1618 amator
534 1588 598 1626 ejus
610 1589 731 1628 puellce,
745 1599 899 1629 nunquam
914 1593 1006 1629 queat
1019 1590 1169 1620 sustinere
1184 1589 1336 1630 impensas
1343 1590 1509 1628 faciendus
1524 1590 1588 1628 ejus
1600 1601 1692 1621 causa
1700 1601 1711 1627 ;
1735 1594 1805 1622 tun-

347 1634 412 1661 tum
426 1631 520 1666 abest,
533 1635 567 1661 ut
584 1635 617 1662 tu
632 1632 679 1661 his
695 1633 829 1673 sufficere
842 1632 951 1672 possis.
994 1632 1067 1662 ΜΕ.
1094 1633 1181 1663 Eune
1196 1636 1242 1663 est
1258 1634 1291 1664 in
1313 1634 1401 1663 domo
1417 1632 1494 1664 tua?
1539 1633 1607 1664 CH.
1632 1633 1807 1672 Quem-isne,

345 1683 386 1703 au
401 1673 445 1705 s‘it
458 1675 539 1714 apud
551 1672 619 1705 mc?
643 1674 730 1706 Salis
743 1675 866 1715 percepi
882 1684 948 1705 eum
963 1673 1008 1705 ibi
1023 1684 1096 1706 esse.
1142 1676 1226 1707 Nam
1242 1676 1271 1707 ei
1285 1679 1376 1716 atque
1390 1675 1512 1707 mic-illis
1525 1686 1593 1716 quoe
1607 1679 1678 1707 sunt
1691 1676 1725 1707 in
1739 1676 1806 1714 ejus

942 1771 1183 1783 “e‘OOmm

347 1838 389 1866 34
413 1836 535 1867 Potius.
580 1836 667 1866 Haec
695 1846 760 1867 vox
781 1836 878 1868 abest
901 1845 921 1867 a
938 1836 988 1868 M.
1019 1836 1203 1868 West.-35
1230 1836 1318 1869 Gov.
1344 1840 1379 1867 et
1405 1837 1496 1868 Mur.
1528 1836 1689 1877 Ofilium
1714 1847 1806 1878 quum

345 1881 497 1918 paterere.
523 1879 630 1910 Idem.
677 1879 771 1911 Glar.
789 1883 825 1910 et
851 1879 942 1920 Guy.
965 1879 1099 1909 inverso
1123 1879 1255 1918 ordine,
1273 1880 1416 1910 Primum
1431 1879 1502 1910 olim
1515 1880 1619 1918 potius
1639 1889 1810 1911 commeare>

338 1921 445 1961 filium
463 1921 564 1956 Quam
577 1926 718 1961 paterere
733 1924 775 1953 ad
792 1922 1010 1953 mulierculam.
1056 1922 1233 1954 Quomodo
1256 1923 1386 1953 numeri
1403 1922 1538 1963 quidem
1556 1922 1725 1960 meliores,
1742 1922 1802 1953 sed

348 1965 518 1995 sententia
547 1965 741 2004 impeditior
765 1965 814 1996 fit.
860 1966 932 1996 Nos
952 1965 1049 1995 aliam
1075 1964 1278 1996 emendandi
1296 1965 1382 1996 viam
1410 1965 1604 2005 instffimurr,
1622 1964 1663 1995 ad
1682 1964 1804 1996 Horat.

347 2007 454 2037 Serm.
471 2016 511 2038 11.
538 2011 568 2038 5.
586 2011 639 2039 79.
687 2009 881 2038 Commetare
906 2008 947 2038 ud
970 2007 1192 2046 mulierculam,
1217 2017 1285 2047 quoe
1301 2007 1438 2048 paululo.
1463 2008 1564 2038 Bent.
1613 2008 1806 2039 Commetare

349 2050 470 2089 probat
495 2050 574 2090 Bip.
610 2050 797 2089 Vulgatum
825 2056 920 2080 tenet
944 2050 1130 2080 Burmann.
1158 2050 1200 2080 ad
1229 2050 1371 2082 Sueton.
1403 2050 1525 2081 Claud.
1557 2059 1636 2089 cap.
1665 2052 1803 2081 18.-37

347 2093 431 2124 Mss.
460 2092 609 2133 quidam,
640 2097 676 2123 et
700 2093 773 2125 EA.
820 2093 1038 2124 Perterruistz'.
1083 2093 1190 2123 West.
1244 2093 1294 2123 Eu
1315 2103 1350 2123 re
1374 2091 1493 2124 Guelf.
1517 2095 1638 2124 2.—39
1662 2091 1731 2123 Alii
1754 2092 1802 2123 le-

346 2139 431 2172 gunt
456 2136 741 2166 detrimento—43
779 2135 882 2175 Vulg.
916 2136 1082 2174 Oneratas,
1120 2134 1399 2176 frequentissimo
1440 2136 1654 2166 librariorum
1693 2135 1802 2175 lapsu.

349 2178 451 2208 Both.
470 2178 525 2218 qui
554 2178 657 2217 igitur
678 2179 763 2218 legit
786 2178 934 2209 Ornatas.
982 2179 1027 2208 Et
1043 2187 1104 2217 pro
1128 2181 1219 2217 utque
1241 2177 1399 2209 Gue1t22.
1447 2178 1536 2209 ‘Un.
1564 2179 1638 2209 eod.
1661 2181 1804 2217 satrapas

349 2229 405 2260 ap.
423 2221 524 2251 Bent.
543 2221 600 2261 qui
623 2220 701 2252 inde
718 2221 814 2259 facit,
831 2221 912 2251 eliso
934 2230 961 2258 s,
979 2219 1133 2260 satrapa!
1150 2221 1243 2251 Perl.
1290 2219 1345 2251 Ita
1369 2230 1503 2262 quoque
1521 2221 1598 2260 ssip.
1615 2220 1805 2251 Both.—-44

348 2263 449 2301 Vulg.
472 2263 614 2304 Sufferre
631 2265 694 2303 ejus
715 2267 844 2294 sumtus.
893 2264 956 2293 Sed
979 2263 1137 2303 displicet
1148 2262 1186 2293 τὸ
1202 2262 1278 2303 ejuS‚
1302 2273 1321 2294 e
1337 2274 1401 2304 quo
1419 2273 1535 2294 versus
1552 2263 1693 2294 laborat.
1715 2263 1804 2294 Tum

349 2305 421 2336 siue
438 2305 539 2336 dubio
557 2306 706 2337 imitatus
723 2306 795 2337 Cic.
811 2306 852 2336 ad
871 2306 965 2337 Fam.
984 2314 1020 2335 x.
1043 2308 1094 2336 10.
1111 2310 1198 2337 extr.
1218 2306 1362 2337 scribit:
1387 2307 1396 2323 ‘
1412 2315 1477 2337 non
1495 2306 1523 2336 si
1538 2305 1702 2336 Varronis
1719 2305 1804 2336 thes.

348 2348 521 2387 haberem,
545 2347 701 2380 sufficere
730 2350 853 2379 summi
886 2348 1043 2388 possem!
1090 2349 1147 2380 Sic
1178 2349 1266 2379 euim
1294 2358 1371 2379 cum
1401 2348 1444 2380 P.
1472 2349 1565 2379 Mau.
1595 2358 1636 2378 ex
1670 2347 1803 2378 duobus

347 2391 490 2422 vetustis
507 2392 616 2421 verius
632 2391 678 2422 ibi
706 2392 861 2431 legimus,
876 2401 975 2432 quam
1000 2390 1092 2430 vulg.
1108 2391 1273 2422 subsistere
1285 2391 1412 2430 smntui,
1429 2391 1517 2430 quod
1535 2399 1713 2433 perperam
1731 2394 1803 2421 tue-

349 2439 404 2464 tur
419 2433 527 2464 Grou.
554 2434 594 2464 ad
626 2435 700 2465 Liv.
717 2442 837 2464 xxvn.
853 2437 883 2465 7.
928 2433 995 2464 Sed
1016 2438 1051 2463 et
1071 2434 1103 2464 h.
1131 2434 1153 2464 Ι.
1181 2443 1236 2474 ap.
1260 2434 1336 2464 Ter.
1367 2433 1399 2463 in
1421 2433 1475 2465 ed.
1501 2439 1569 2465 vet.
1593 2442 1623 2464 c.
1653 2432 1734 2473 figg.
1750 2437 1805 2463 est

348 2477 482 2517 sufficere
499 2476 564 2514 ejus
591 2480 721 2506 sumtus.
750 2477 854 2507 verba
872 2475 1070 2515 ‘sufficere,’
1099 2477 1107 2493 ‘
1123 2475 1285 2514 sufferre:
1316 2477 1325 2493 ‘
1341 2475 1553 2515 subsistere,'
1579 2475 1703 2515 saepius
1728 2484 1804 2515 per-

348 2520 468 2550 mixta.
517 2520 645 2549 Nostra
662 2519 747 2549 ratio
774 2519 846 2550 Cic.
872 2524 906 2549 et
922 2520 1001 2550 Ter.
1026 2519 1236 2549 reconciliat.
1254 2516 1306 2549 Cf.
1325 2517 1383 2549 inf.
1401 2518 1443 2549 ad
1469 2518 1570 2549 Scen.
1589 2527 1629 2549 11.
1647 2517 1711 2548 34!
1726 2517 1804 2556 Rip.

351 2561 407 2600 qui
423 2561 501 2591 inde
516 2562 758 2602 legit‚sufficere
781 2563 808 2592 is
823 2562 950 2592 sumlui.
997 2560 1139 2601 Sufferre
1156 2560 1308 2591 defendit
1326 2561 1505 2592 Fert-45
1531 2561 1685 2598 Linacer,
1701 2559 1739 2590 Si
1748 2560 1805 2598 sit,

350 2602 467 2642 rogas?
490 2603 564 2634 h.e.
583 2613 623 2634 an
649 2606 705 2635 sit.
751 2604 804 2635 Ita
829 2609 863 2634 et
881 2604 962 2635 Mes.
987 2604 1135 2644 qnidam,
1151 2608 1185 2634 et
1202 2603 1284 2634 editi
1309 2603 1547 2635 vetustissimi.
1576 2603 1676 2635 West.
1721 2601 1802 2634 ‘AL

352 2646 435 2677 Mss.
452 2652 488 2677 et
514 2646 592 2678 cdd.
614 2647 642 2676 si
664 2647 718 2687 sit,
748 2652 962 2687 repugnante
990 2646 1124 2677 metro!
1148 2646 1226 2687 Bip.
1270 2646 1310 2677 Si
1329 2647 1372 2677 sit
1396 2645 1515 2677 Guelf.
1531 2648 1652 2677 2.-46
1676 2645 1760 2676 Nam
1774 2644 1803 2676 ei

1006 2731 1147 2764 NOTAE

544 2798 585 2828 37
610 2796 779 2837 Ing-ratiis]
804 2796 1059 2828 Adverbiaiiter
1077 2795 1273 2838 ponitur-‚id
1290 2799 1354 2834 est,
1372 2794 1478 2826 invito
1494 2793 1618 2825 animo.
