1966 3302
582 198 796 228 HECYRAE
828 198 939 228 Aer.
974 197 1016 226 v.
1050 197 1120 227 so.
1154 196 1218 226 ιν.
1529 184 1612 226 907

165 295 314 348 Egone
333 294 448 335 bunc
469 293 524 333 ab
544 292 660 334 Orco
681 294 933 333 mortuum'!
955 305 1042 346 quo
1065 291 1227 345 pacto?
1288 290 1416 331 PAM.
1437 289 1614 340 Nescis,

340 362 578 411 Parmeno,
1556 358 1614 398 35

167 431 389 482 Quantum
412 429 540 470 hodie
561 428 774 483 profueris
795 428 918 478 mihi,
950 431 991 468 et
1025 440 1081 468 ex
1119 429 1284 481 quanta
1318 438 1510 467 aerumna
1537 439 1616 466 ex-

338 498 541 537 traxeris.

165 566 288 607 PAR.
320 565 462 606 Immo
483 577 586 605 vero
608 564 731 614 soio3
762 576 904 616 neque
940 563 1022 603 hoc
1045 562 1298 617 imprudens
1321 561 1423 602 feci.
1483 561 1611 602 PAM.

336 632 433 685 Ego
455 632 567 672 istuc
589 633 701 672 satis
724 631 833 672 scio.

165 701 288 742 PAR.
322 699 392 740 An
424 704 585 740 temere
614 700 853 753 quicquam
875 697 1194 739 Parmenonem
1226 702 1474 752 praetereat,
1499 697 1617 752 quod

335 767 458 809 facto
479 780 589 808 usus
610 767 697 808 sit?

164 922 352 952 cognoscere.
396 912 491 944 PAR.
519 912 631 943 Tamen
656 912 795 951 conjici&
842 912 949 951 Egone
969 912 1047 942 hunc
1067 911 1104 941 ab
1131 912 1212 943 Orco
1233 915 1385 942 mortuum
1409 911 1441 942 in
1464 912 1559 942 lucem
1575 921 1621 941 re·

165 954 306 987 duxero?
328 957 494 995 quomodo?
538 955 637 986 Pam.
662 955 788 992 Nescis,
810 955 976 994 Parmeno,
1000 965 1090 994 quam
1112 955 1200 985 utilis
1215 954 1290 985 mihi
1307 954 1520 993 hodiesueris,
1536 957 1564 985 et
1582 963 1621 985 ex

164 1002 280 1036 quanta
294 999 420 1029 miseria
435 1007 483 1029 me
505 999 664 1039 eripueris.
707 998 798 1028 PAR.
822 998 889 1028 Imo
910 1007 981 1028 vero
1003 998 1074 1034 scio,
1096 1007 1192 1037 neque
1213 1008 1268 1037 per
1290 997 1528 1037 imprudentiam
1543 997 1621 1035 feci.

166 1041 266 1072 ΡΑΜ.
290 1041 359 1079 Ego
374 1042 458 1072 istud
473 1041 564 1080 probe
577 1042 654 1080 scio,
670 1043 700 1071 le
712 1040 918 1077 istudsecisse
933 1041 1104 1070 inconsulto
1114 1044 1146 1070 ut
1158 1040 1235 1070 mihi
1244 1042 1414 1080 prodesses.
1460 1041 1551 1071 PAR.
1568 1039 1621 1071 An

159 1083 257 1121 facile
275 1084 432 1115 Parmeno
455 1085 579 1124 ignoret
604 1086 779 1124 quicquam,
804 1085 882 1123 qnod
899 1083 1007 1121 facere
1032 1083 1110 1113 utile
1127 1082 1258 1121 suerit?
1303 1083 1401 1115 PAM.
1425 1083 1560 1124 Sequere
1574 1087 1623 1114 me

772 1178 986 1193 eeeeeeeeee
988 1178 1009 1193 Ι

167 1252 375 1288 ‹telet'ssot11.
409 1265 485 1286 mox
502 1254 589 1286 idem
607 1259 670 1286 tam
685 1256 920 1296 suspicor.——35
947 1256 1016 1293 Ego
1042 1255 1123 1285 hunc
1145 1254 1302 1285 Donatus
1329 1258 1364 1285 et
1381 1254 1478 1284 Bem.
1504 1253 1623 1285 Fa'e'rn.

166 1299 284 1330 Nostri
302 1309 377 1338 egon
408 1300 497 1330 hunc.
543 1299 635 1330 Nihil
651 1299 805 1330 interest.
841 1300 938 1330 Bent.
992 1297 1096 1337 Egon'
1122 1297 1199 1337 Bip.
1232 1297 1422 1328 Boiu—36
1456 1297 1624 1335 Profueris

164 1346 195 1374 et
210 1352 258 1373 nze
272 1353 312 1373 ex
329 1342 428 1372 Both.
473 1342 512 1372 ln
529 1342 673 1382 antiquis
689 1342 782 1373 libris
800 1342 897 1372 Bem.
914 1342 994 1372 Vat.
1010 1347 1043 1371 et
1063 1341 1143 1372 Bas.
1157 1350 1224 1370 non
1241 1344 1293 1371 est
1310 1349 1495 1380 pronomen
1511 1349 1570 1380 me,
1587 1345 1622 1371 et

166 1385 201 1416 in
217 1386 309 1416 Vict.
326 1384 474 1415 deletum
501 1390 565 1415 est.
591 1386 652 1415 Fa.
698 1385 769 1416 Nisi
788 1385 864 1415 mihi
879 1385 951 1415 sine
969 1385 1162 1425 synaloepha
1185 1383 1241 1421 sit,
1257 1392 1371 1413 versus
1394 1383 1482 1423 pede
1499 1383 1622 1414 claudo

167 1432 229 1459 est.
276 1428 432 1467 Repone,
451 1428 608 1462 Quantum
624 1428 714 1458 hodie
727 1428 882 1468 profueris
894 1427 981 1463 mihi,
996 1431 1026 1458 et
1041 1436 1087 1457 me
1102 1437 1142 1458 ex
1156 1429 1272 1466 quanta
1283 1435 1422 1456 (erumna
1433 1426 1623 1458 extraxeris.

166 1471 354 1502 Bent.—-37
386 1471 463 1501 Vero
485 1470 577 1501 delet
604 1470 707 1501 Both.
751 1480 822 1501 vere
848 1470 962 1501 Guelf.
983 1473 1012 1500 1.
1058 1480 1117 1500 non
1141 1470 1197 1500 Ιιοε
1221 1478 1304 1499 unus
1329 1478 1347 1499 e
1369 1469 1454 1500 Mss.
1473 1469 1624 1499 Boeot—

166 1516 208 1543 38
233 1513 334 1544 Varie
351 1514 488 1553 legitur,
507 1513 705 1554 capiturque
722 1513 773 1543 hie
790 1522 916 1544 versus.
947 1514 1106 1544 Donatus
1123 1512 1270 1547 dubitat,
1284 1511 1386 1542 modo
1403 1512 1624 1551 Parmenoni,

167 1556 268 1587 modo
285 1556 446 1587 Bacchidi
467 1555 629 1586 tribuens.
672 1556 706 1586 Si
724 1556 900 1591 Bacchidi,
913 1556 966 1586 hic
985 1555 1120 1595 quidem
1138 1564 1255 1586 sensus
1272 1554 1358 1585 erit:
1393 1555 1443 1585 An
1460 1555 1625 1596 quidquam

168 1599 353 1639 Pamphilus
373 1601 543 1639 praetereat
567 1601 693 1638 temere,
708 1609 768 1629 non
791 1600 1010 1630 remunerando
1031 1598 1140 1629 bonum
1159 1597 1284 1635 sactum
1301 1597 1517 1637 Parmenonis,
1539 1599 1624 1638 'quod

167 1641 227 1672 sibi
242 1639 457 1679 utilefuerit?
481 1641 546 1673 Qui
563 1651 679 1672 sensus
697 1641 815 1680 durus,
830 1651 941 1682 neque
959 1641 1027 1671 acri
1043 1641 1273 1673 Grammatico
1285 1640 1366 1671 satis
1383 1639 1514 1680 dignus.
1538 1644 1625 1671 sunt

166 1688 204 1714 et
220 1685 277 1725 qui
294 1683 448 1715 tribuunt
473 1684 663 1724 Pamphilo.
720 1684 806 1715 Aliis
828 1685 981 1715 Parmeno
1004 1689 1055 1714 est
1080 1693 1178 1715 casus
1196 1688 1321 1715 rectus.
1369 1683 1485 1714 Possit
1501 1687 1536 1714 et
1551 1693 1625 1714 esse

168 1727 356 1766 vocativus,
372 1732 409 1757 ut
426 1727 499 1766 ipse
514 1737 550 1758 se
564 1727 766 1768 adloquatur
782 1736 908 1758 servus.
954 1727 1100 1759 Quando
1116 1729 1125 1744 ‘
1137 1730 1321 1767 praetereat
1332 1726 1340 1739 '
1363 1726 1439 1765 erit,
1459 1731 1626 1763 transeat,

168 1771 320 1809 omittat,
335 1770 502 1810 negligat.
558 1769 718 1809 Optimus
735 1779 814 1800 vero
831 1779 946 1800 sensus
962 1770 1041 1809 erit,
1059 1770 1084 1800 si
1103 1770 1209 1810 legas,
1223 1770 1471 1806 Parmenonem
1494 1770 1626 1810 eritque

167 1813 444 1852 vanajactantia,
462 1822 527 1852 qua
544 1822 660 1843 servus
677 1822 752 1844 sese
776 1811 889 1850 effert,
908 1813 1000 1852 quasi
1019 1812 1124 1852 probe
1149 1813 1273 1851 sciens,
1288 1812 1368 1853 quid
1394 1812 1443 1842 rei
1472 1818 1624 1852 geratur,

166 1855 248 1887 licet
262 1855 294 1886 id
312 1856 498 1897 quamlibet
513 1856 664 1886 curiosus
677 1856 812 1895 penitus
829 1861 943 1886 tamen
960 1857 1103 1895 ignoret.
1150 1855 1250 1886 Unde
1262 1865 1339 1886 mox
1356 1854 1396 1885 ad
1414 1860 1624 1895 spectatores

170 1907 352 1929 conversus
370 1898 594 1938 ignorantiam
610 1908 703 1929 suam
718 1898 861 1937 fatetur,
878 1898 1006 1937 dicens,
1028 1903 1036 1915 ‘
1053 1898 1218 1940 Equidem
1245 1899 1320 1938 plns
1347 1897 1447 1928 hodie
1465 1898 1542 1928 boni
1558 1897 1625 1930 feci

153 1941 379 1981 ·imprudens‚
395 1951 493 1982 quarn
506 1941 616 1972 sciens
630 1947 709 1972 ante
725 1942 812 1972 hunc
827 1941 916 1972 diem
935 1941 1116 1982 umquam.⁷
1147 1941 1201 1971 Ita
1219 1946 1255 1972 et
1271 1940 1409 1972 Fabrini
1428 1941 1623 1981 cepit,dum

169 1984 228 2023 ait,
253 1985 449 2015 Parmenone
473 1994 506 2015 se
531 1984 613 2015 loda.
666 1985 837 2026 Sequutus
865 1994 967 2023 porro
993 1994 1064 2014 suin
1091 1984 1274 2015 lectionem
1300 1984 1385 2014 Mss.
1409 1984 1624 2015 Leidensium

169 2026 327 2067 quinque,
347 2027 435 2066 Lips.
459 2027 510 2057 M.
526 2027 584 2058 Tr.
607 2027 707 2058 Bodl.
736 2027 779 2059 G.
797 2033 832 2058 et
848 2027 968 2058 Boend.
987 2037 1063 2058 cum
1080 2027 1232 2058 omnibus
1250 2026 1323 2058 fere
1340 2026 1545 2058 editionibus
1571 2038 1626 2057 ve-

169 2069 364 2100 tustissimis
382 2074 417 2100 et
433 2069 693 2109 probatissimis,
708 2069 771 2101 nisi
796 2070 884 2111 quod
902 2070 934 2100 in
953 2071 1027 2101 ΕΡ.
1053 2081 1110 2110 quo
1126 2070 1217 2109 facto
1238 2079 1312 2101 usus
1333 2070 1387 2100 sit.
1423 2070 1528 2102 West.
1583 2070 1624 2101 ln

169 2113 267 2143 Bem-
289 2122 403 2143 versus
426 2112 478 2143 hic
496 2121 650 2152 personae
669 2112 840 2153 Pamphili
857 2112 1078 2151 attribuitur;
1112 2113 1168 2143 ubi
1185 2113 1288 2144 etiam
1305 2122 1370 2143 non
1388 2113 1626 2152 Parmenonem,

170 2154 229 2186 sed
247 2155 401 2186 Parmeno
429 2155 578 2194 legitur:
613 2156 660 2186 ita
684 2155 839 2186 Parmeno
866 2156 932 2186 erit
960 2156 1207 2186 nominativus:
1238 2159 1406 2195 praetereat
1425 2161 1536 2186 autem
1562 2166 1625 2196 pro

169 2202 336 2237 transeat,
354 2198 406 2228 vel
423 2198 574 2237 omittat,
595 2203 786 2239 exponetur
800 2209 809 2237 3
823 2229 829 2237 ,
843 2203 881 2229 ut
902 2199 947 2229 sit
972 2208 1104 2238 sensns,
1120 2208 1162 2229 an
1189 2199 1367 2239 quicquam
1393 2199 1560 2230 Parmeno
1578 2204 1626 2230 te-

169 2249 263 2272 mere
279 2243 428 2276 omittat,
444 2240 532 2281 quod
550 2240 634 2272 utile
651 2240 744 2272 factu
761 2242 828 2272 sit:
853 2245 889 2272 et
905 2251 1020 2272 versus
1035 2247 1086 2272 est
1108 2241 1301 2272 octonarius
1318 2241 1502 2278 lambiens,
1518 2248 1554 2273 ut
1571 2252 1626 2274 ce-

169 2284 256 2315 teri:
281 2284 381 2315 aliter
397 2283 580 2323 impeditus
599 2288 661 2314 est.
685 2284 744 2315 Fa.
790 2284 907 2315 Nostri
925 2284 1077 2315 universi
1093 2284 1330 2315 Parmenonem.
1376 2285 1536 2315 Ceterum
1563 2286 1626 2316 hoc

168 2336 234 2357 nec
251 2327 458 2358 Parmenoni
481 2336 543 2357 nec
567 2326 748 2367 Pamphilo
771 2327 991 2358 tribuendum
1018 2332 1084 2366 est,
1101 2327 1161 2357 sed
1177 2326 1351 2357 Bacchidi.
1398 2327 1453 2358 Illi
1478 2337 1625 2369 quoque,

170 2370 303 2401 laetanti
319 2373 355 2400 et
370 2371 619 2401 Parmenonem
636 2369 773 2408 ridenti,
792 2379 867 2409 pais
885 2380 944 2400 sua
961 2374 1013 2400 est
1028 2370 1060 2400 in
1077 2370 1127 2400 his
1144 2369 1288 2400 facetiis.
1343 2371 1387 2400 Et
1403 2371 1452 2401 sic
1468 2372 1545 2401 olim
1562 2371 1629 2402 Do-

169 2418 292 2443 natus:
329 2413 494 2452 Convent't,
515 2412 639 2452 inquit,
662 2413 718 2443 hoc
744 2412 860 2443 dictum
875 2413 1033 2444 meretrici
1056 2412 1193 2443 abeunti.
1218 2412 1320 2443 Bent.
1344 2422 1443 2453 quem
1461 2413 1573 2444 laudat
1592 2420 1627 2446 et

169 2455 325 2496 sequitur
341 2455 420 2495 Bip.
434 2465 453 2485 a
469 2465 534 2496 quo
550 2456 675 2494 legitur
689 2466 730 2486 an
749 2455 893 2486 Temere:
927 2456 1025 2487 etsie
1042 2455 1144 2486 Both.
1170 2456 1226 2495 qui
1250 2465 1327 2485 mox
1344 2456 1436 2486 delet
1457 2456 1566 2494 sacto:
1591 2463 1628 2489 et

170 2498 225 2528 cui
242 2498 378 2529 videtur
396 2498 551 2529 Donatus
571 2498 739 2538 reperisse
758 2499 790 2528 in
819 2499 886 2528 suis
909 2499 1003 2529 libris
1027 2498 1211 2538 Pamphilus
1233 2502 1412 2538 praetereat.
1458 2501 1467 2517 ‘
1486 2500 1628 2540 Duplex

168 2541 268 2581 hujus
285 2541 349 2572 loci
367 2540 536 2581 scriptura
553 2545 618 2576 est,
641 2540 730 2571 unde
746 2540 873 2580 duplex
896 2541 998 2571 etiam
1022 2550 1140 2571 sensus
1164 2541 1329 2572 nascitur.
1372 2541 1405 2572 Si
1432 2541 1566 2582 legatur
1588 2554 1629 2574 an

171 2587 285 2615 temere
301 2583 460 2624 quicquam
476 2583 699 2614 Parmenonem
714 2586 893 2622 pratereat,
909 2593 1026 2614 sensus
1043 2588 1095 2614 est
1109 2594 1116 2613 :
1143 2592 1184 2613 an
1202 2584 1372 2613 Parmeno
1389 2584 1515 2626 aliquid
1532 2586 1628 2624 igno-

174 2630 239 2664 ret,
258 2636 299 2657 an
317 2627 521 2658 Parmenoni
539 2626 665 2667 aliquid
683 2627 853 2657 occultum
868 2627 923 2657 sit.
966 2627 1025 2657 Sin
1043 2626 1178 2665 legatur
1193 2635 1233 2656 an
1246 2629 1359 2657 temere
1369 2627 1531 2668 quicquam
1544 2629 1627 2659 Par-

172 2678 259 2700 meno
272 2672 451 2709 proetereat,
463 2678 579 2699 sensus
593 2673 656 2705 est,
673 2678 715 2699 an
732 2669 901 2700 Parmeno
922 2669 1102 2709 quicquam
1130 2668 1264 2700 omittat
1289 2670 1377 2710 quod
1404 2670 1486 2700 utile
1501 2670 1626 2702 factum

174 2711 229 2742 sit.
275 2712 342 2743 Sed
360 2721 563 2753 quocunque
581 2711 681 2742 modo
694 2712 840 2751 legatur,
854 2711 908 2743 hic
925 2721 1041 2742 versus
1066 2720 1129 2742 nec
1147 2711 1350 2742 Parmenoni
1369 2721 1430 2743 nec
1449 2713 1628 2753 Pamphilo

175 2754 376 2786 tribuendus
389 2760 452 2795 est,
467 2755 526 2786 sed
539 2753 714 2790 Bacchidi,
728 2764 803 2795 quae
820 2754 940 2796 etipsa
954 2755 1200 2786 Parmenonem
1215 2754 1316 2786 ridet.
1333 2766 1363 2787 v.
1376 2756 1477 2788 Bent.
1491 2756 1577 2787 adh.
1593 2756 1627 2787 l.'
