1966 3302
535 227 747 259 HEGYRAE
781 227 888 257 Ac'r.
921 225 963 256 v.
998 226 1066 256 sc.
1096 224 1171 255 ιιι.
1488 212 1573 254 899

126 329 215 372 Sed
248 328 437 370 cessas?
509 324 635 366 PAR.
669 324 867 364 Minume
901 320 1136 376 equidem3
1168 330 1270 361 nam
1306 316 1434 358 hodie
1466 317 1574 367 mihi

296 396 493 448 potestas
512 392 630 433 haud
650 391 757 432 data
778 389 859 440 'st;

128 463 200 504 Ita
219 460 438 502 cursando
461 463 591 513 atque
612 457 881 499 ambulando
899 460 1041 496 totum
1062 454 1177 495 hunc
1199 453 1383 495 contrivi
1402 452 1533 493 diem.

127 530 246 571 BAc.
292 527 516 578 Quantam
556 526 697 567 obtuli
730 524 922 566 adventu
955 535 1055 563 meo
1092 522 1298 563 laetitiam
1337 520 1573 574 Pamphilo

297 594 456 635 hodie!

130 663 252 714 Quot
272 661 527 704 commodas
549 672 617 701 res
636 658 783 700 attuli!
816 662 926 711 quot
948 661 1096 697 autem
1118 657 1260 698 ademi
1281 657 1432 698 curas!

129 731 322 772 Gnatum
357 729 398 770 ei
431 728 634 779 restituo,
681 727 757 780 qui
802 739 933 781 paene
979 724 1129 765 harum
1169 725 1400 779 ipsiusque
1441 737 1578 778 opera

129 801 496 907 Ἠχοῑθηξῗὲιῗεῇη
524 864 747 906 nunquam
778 855 847 892 est
879 855 1002 892 ratus
1037 850 1223 905 posthac
1246 862 1294 890 se
1314 792 1579 898 habitum&

301 919 469 971 redd03

133 989 238 1040 Qua
256 1002 302 1030 re
322 991 560 1042 suspectus
581 999 663 1028 suo
685 986 818 1040 patri,
840 989 882 1026 et
902 984 1128 1039 Phidippo
1148 984 1247 1034 fuit,
1266 984 1455 1026 exsolvi.

133 1057 226 1098 Hic
248 1056 358 1098 adeo
377 1055 446 1096 his
467 1056 600 1096 rebus
623 1055 810 1095 annulus
831 1053 912 1095 fuit
932 1053 1102 1094 initium
1122 1053 1426 1094 inveniundis:

135 1125 256 1167 Nam
297 1123 488 1174 memini,
525 1122 685 1165 abhinc
726 1134 903 1163 menses
939 1121 1095 1163 decem
1126 1120 1233 1173 fere,
1267 1120 1324 1162 ad
1357 1134 1426 1162 me
1456 1125 1582 1162 nocte

303 1191 445 1245 prima

135 1259 381 1312 Confugere
402 1257 679 1300 anhelantem
701 1257 894 1307 domum,
918 1256 1010 1297 sine
1031 1257 1207 1306 comite,
1226 1255 1317 1297 vini
1338 1256 1528 1310 plenum,

136 1327 249 1369 Cum
268 1327 356 1368 hoc
378 1326 567 1368 annulo:
597 1325 780 1367 extimui
802 1325 941 1366 illico.
1003 1324 1070 1365 Mi
1105 1324 1354 1378 Pamphile,
1386 1324 1584 1378 inquam,

306 1395 483 1444 amabo,
1526 1393 1584 1434 26

136 1462 258 1515 Quid
282 1462 564 1504 exanimatus
585 1473 650 1511 es,
683 1460 906 1501 obsecro?
941 1464 1020 1501 aut
1057 1459 1170 1501 unde
1208 1459 1420 1502 annulum
1452 1461 1587 1502 istum

307 1530 495 1572 nactus?

135 1684 222 1714 seme,
234 1685 305 1706 nam
320 1675 397 1706 mihi
411 1676 499 1707 hodie
505 1675 642 1715 facultas
657 1678 740 1709 nulla
755 1678 829 1708 data
833 1676 902 1716 fuit
917 1677 1058 1709 cessandi
1071 1686 1083 1713 ‚·
1105 1677 1179 1708 adeo
1187 1676 1372 1717 frequenter
1386 1677 1547 1715 currendo,
1559 1681 1590 1708 et

136 1718 194 1749 huc
213 1721 244 1749 et
267 1719 340 1750 illuc
355 1720 558 1756 commeando,
575 1723 672 1751 totum
689 1721 768 1752 hunc
782 1721 934 1751 consumsi
946 1720 1038 1750 diem.
1073 1721 1139 1751 ΒΑ.
1173 1720 1330 1755 Quantam
1344 1720 1434 1751 hodie
1446 1720 1591 1751 laetitiam

136 1761 286 1792 adventus
311 1772 396 1793 meus
424 1763 586 1802 Pamphilo
609 1762 740 1794 attulit?
762 1767 835 1804 quot
859 1760 1040 1794 utilitates?
1063 1766 1135 1803 quot
1159 1763 1187 1793 ei
1211 1763 1325 1793 obstuli
1356 1763 1590 1794 solicitudines?

137 1803 255 1834 Filium
269 1803 299 1834 ei
319 1806 461 1844 restituo,
476 1806 529 1845 qui
541 1815 629 1846 poene
644 1806 752 1837 harum
765 1806 941 1846 mulierum,
955 1806 1109 1847 ipsiusque
1125 1815 1215 1846 opera
1231 1806 1385 1846 expositus
1400 1806 1469 1844 fuit
1481 1817 1491 1836 .-
1514 1816 1591 1836 uxo-

135 1855 200 1877 rem
216 1847 443 1887 Philumenam,
455 1859 547 1889 quom
560 1859 715 1889 nunquam
729 1849 861 1880 credidit
876 1850 909 1879 in
930 1853 1085 1889 posterum
1108 1859 1141 1880 se
1154 1848 1344 1887 hubiturum,
1357 1850 1448 1879 reddo
1458 1859 1468 1879 .·
1491 1849 1593 1888 suspi-

136 1888 273 1920 cionibus
284 1890 386 1930 patris
400 1894 431 1922 et
445 1892 554 1930 soceri,
574 1891 607 1922 in
622 1892 731 1932 quibus
748 1895 826 1932 erat,
838 1902 906 1923 eum
921 1892 1074 1932 expedivi.
1120 1891 1187 1922 Hic
1201 1895 1282 1922 certe
1294 1893 1422 1922 annulus
1435 1896 1481 1923 tot
1485 1891 1592 1930 felici-

135 1934 236 1962 tatum
259 1934 443 1964 successibus
456 1935 540 1965 dedit
556 1934 692 1965 initium.
739 1935 825 1965 Num
838 1935 980 1965 recordor
994 1935 1096 1965 decem
1115 1944 1210 1975 prope
1233 1934 1345 1965 ubhinc
1365 1944 1482 1965 menses
1504 1934 1594 1965 illum

134 1974 247 2014 primis
271 1976 370 2007 noctis
394 1977 526 2007 tenebris
550 1977 722 2017 confugisse
736 1978 776 2008 ad
792 1987 838 2008 me
851 1978 1054 2018 pavitantem,
1070 1981 1101 2009 et
1119 1977 1322 2017 anhelantem,
1336 1988 1420 2017 oegre
1434 1979 1594 2017 respiran-

140 2020 211 2057 tem,
225 2017 290 2049 sine
304 2019 427 2057 comite,
441 2021 639 2051 temulentum
663 2031 729 2051 cum
744 2020 799 2051 hoc
812 2021 935 2051 annulo.
978 2020 1098 2052 Statim
1117 2021 1279 2060 pavefacta
1293 2031 1370 2060 sum,
1381 2025 1415 2052 ut
1431 2031 1499 2052 eum
1513 2020 1593 2058 vidi,

138 2060 293 2101 suspicata
314 2061 433 2102 aliquid
455 2063 528 2093 mali
550 2063 579 2094 ei
600 2063 766 2094 accidisse.-
796 2063 838 2094 mi
859 2063 1036 2104 Pamphile,
1062 2063 1143 2104 dixi,
1156 2073 1221 2103 oro,
1236 2064 1309 2104 quid
1322 2064 1522 2105 perturbatus
1539 2065 1594 2095 es?

749 2180 986 2195 eeeeeeeeeee

142 2269 179 2298 et
195 2265 244 2297 sic
260 2266 319 2296 Br.
366 2275 445 2297 mox
468 2266 478 2284 ‘
495 2265 552 2298 lib.
569 2266 677 2307 antiq.
693 2267 771 2298 mihi
786 2268 882 2299 olim!
903 2268 998 2300 Perl.
1040 2269 1112 2299 olim
1126 2268 1204 2300 mihi
1227 2277 1269 2299 ex
1285 2278 1316 2300 ο.
1332 2269 1354 2299 1.
1371 2278 1395 2300 s.
1412 2272 1447 2300 et
1463 2268 1596 2300 ratione

141 2318 259 2340 versus
272 2309 332 2340 Fa.
349 2309 397 2340 uti
413 2314 447 2340 et
462 2319 577 2341 omnes
592 2310 680 2351 apud
694 2311 897 2343 Bentl.—15
919 2312 997 2343 0.1.
1010 2321 1034 2343 s.
1052 2313 1106 2342 hoc
1120 2311 1184 2349 ubi,
1201 2316 1237 2343 et
1253 2311 1287 2342 in
1301 2312 1438 2343 audierit
1454 2316 1595 2353 antepe-

142 2352 286 2383 nultima
306 2351 538 2392 producenda,
562 2359 621 2384 aut
646 2353 801 2385 audiverit
817 2354 1009 2395 legendum.
1036 2355 1095 2386 Fa.
1141 2354 1198 2385 Sic
1214 2359 1249 2385 et
1264 2355 1379 2388 nostri.
1424 2356 1491 2387 Sed
1508 2355 1598 2386 audi-

141 2395 224 2426 verit
247 2394 469 2435 reposuim11S‚
485 2400 524 2426 ut
541 2395 712 2436 scriptura
728 2397 995 2437 pronuntiationi
1017 2397 1060 2428 sit
1084 2407 1246 2439 congrua.
1270 2398 1366 2429 Bent.
1411 2399 1482 2429 Hoc
1498 2398 1597 2429 abest

144 2447 163 2468 a
180 2436 294 2468 Guelf.
310 2439 342 2468 3.
375 2437 531 2469 audiverit
554 2439 633 2479 Bip.
655 2439 756 2471 Both.
774 2440 957 2472 Perl.—16
982 2440 1132 2476 Quidem.-
1156 2450 1385 2481 namque...non
1401 2442 1475 2472 (lata
1494 2440 1596 2482 Both.

144 2483 227 2511 -17
251 2479 347 2511 Hunc
362 2480 491 2511 omittit
503 2481 606 2513 Both.
631 2486 752 2522 utpote
775 2484 785 2500 ‘
799 2493 818 2514 a
835 2482 944 2523 poetae
962 2483 1072 2514 more'
1095 2484 1341 2515 alienum—18
1363 2483 1471 2514 Attuli
1484 2483 1551 2516 Gu.
1564 2486 1595 2515 l.

142 2525 230 2554 ——20
253 2522 310 2554 Sic
328 2532 442 2554 omnes
458 2523 547 2563 libri,
562 2529 718 2564 gemente
735 2535 847 2556 versu.
890 2525 959 2557 Sed
982 2525 1093 2557 facilis
1119 2525 1287 2557 medicina
1312 2530 1377 2566 est,
1407 2526 1545 2557 Gnatum
1568 2526 1598 2557 ei

144 2566 287 2604 restituo,
308 2575 396 2605 poene
417 2566 603 2606 quinarum.
648 2568 736 2598 Tute
753 2567 1018 2608 animadvertes,
1034 2570 1142 2600 solere
1159 2569 1323 2600 Nostrum
1344 2579 1529 2610 pronomen
1545 2570 1599 2610 qui

145 2608 179 2638 in
193 2608 343 2639 secundo
360 2609 433 2639 loco
449 2618 588 2649 ponere.
612 2610 707 2641 Bent.
731 2620 828 2651 quem
856 2612 1009 2652 sequitur
1035 2611 1224 2643 Rom—21
1248 2611 1418 2643 Abiturum
1433 2611 1548 2644 Guelf.
1566 2615 1598 2644 3.

145 2653 230 2681 —23
256 2651 308 2682 Ex
324 2650 372 2682 his
385 2651 475 2682 rebus
491 2650 604 2683 Guelf.
620 2655 654 2684 2.
677 2653 825 2684 indicium
838 2654 998 2685 EP.—26
1022 2655 1031 2671 ‘
1045 2656 1073 2685 Ο
1089 2656 1132 2685 mi
1148 2654 1233 2686 Mss.
1251 2654 1340 2686 duo.’
1363 2655 1464 2686 Boecl.
1487 2660 1522 2686 et
1536 2655 1598 2686 ΒΓ.

148 2702 210 2733 pro
226 2693 358 2733 gL-27
381 2696 390 2711 ‘
410 2695 494 2730 Quid
519 2704 550 2726 es
573 2695 767 2727 exanimatus
782 2697 869 2728 Mss.
892 2696 1031 2727 omnes.’
1054 2697 1154 2728 Boecl.
1184 2697 1243 2728 ΒΓ.
1287 2697 1448 2740 Plerique
1473 2698 1597 2736 nostri,

151 2736 234 2770 Quid
246 2745 278 2766 es
292 2737 508 2770 exanimatus?
532 2738 634 2779 Lege,
658 2738 743 2774 Quid
758 2739 964 2770 exanirnatu‘s
979 2739 1125 2772 obsecro?
1147 2744 1181 2770 et
1198 2741 1246 2771 sic
1262 2740 1390 2772 nactu’s.
1437 2742 1483 2772 Es
1507 2740 1597 2782 apud

149 2778 310 2810 Nostrum
327 2780 468 2820 produci
485 2781 584 2821 solet,
600 2786 636 2813 et
661 2791 680 2812 a
705 2792 802 2814 versu
825 2782 878 2814 hic
897 2783 1078 2825 respuitur.
1103 2783 1198 2815 Bent.
1224 2792 1322 2825 quem
1338 2783 1490 2825 sequitur
1507 2784 1598 2815 Per-1.
