1966 3302
341 236 427 278 622
835 247 875 276 P.
907 245 1149 277 TERENTH
1183 248 1298 279 AFm

343 341 428 382 SY.
458 341 608 392 Quid?
639 341 826 383 malum!
870 354 938 382 me
975 345 1156 383 aetatem
1186 355 1337 384 censes
1365 342 1479 385 velle
1513 342 1562 385 id
1603 344 1792 386 assimu-

512 409 642 450 larier
655 410 673 450 'l

342 478 470 519 Unus
491 482 559 519 est
577 476 686 525 dies,
719 476 824 517 dum
859 479 1084 529 argentum
1106 477 1273 531 eripio:
1305 477 1424 530 pax!
1454 477 1565 519 nihil
1584 480 1791 533 amplius.

342 545 425 586 Cn.
455 544 650 585 Tantum
670 548 742 585 sat
761 544 932 585 habes?
965 544 1073 598 quid
1091 548 1194 594 tum,
1214 557 1387 598 quaeSO,
1409 545 1449 585 si
1472 545 1556 587 hoc
1577 551 1708 600 pater
1725 561 1794 589 re-

515 612 696 653 sciverit
710 612 729 652 ?
1735 616 1794 658 40

341 678 425 720 SY.
457 678 576 729 Quid
597 678 637 719 si
656 677 788 719 redeo
809 677 865 719 ad
887 678 1009 728 illos,
1031 679 1106 732 qui
1128 678 1267 729 aiunt,
1301 678 1409 733 quid
1432 679 1471 720 si
1491 692 1607 723 nunc
1629 683 1792 725 coelum

512 746 639 786 ruat?

340 811 425 854 CL.
461 812 619 854 Metuo
659 812 768 866 quid
799 824 942 865 agam.
1005 812 1087 854 SY.
1119 811 1323 853 Metuis?
1355 811 1485 866 quasi
1518 825 1608 854 non
1637 826 1691 856 ea
1709 827 1792 870 po-

511 884 655 921 testas
678 881 735 921 sit
755 883 846 929 tua,

340 945 443 997 Quo
459 947 572 987 velis
591 947 636 988 in
658 952 872 1001 tempore,
892 950 942 988 ut
961 951 1005 988 te
1024 945 1261 987 exsolvas:
1291 959 1383 987 rem
1403 945 1548 988 facias
1568 948 1734 1001 palam.

341 1015 424 1055 CL.
470 1013 581 1067 Age,
622 1027 719 1067 age,
756 1014 1013 1056 traducatur
1048 1014 1256 1055 Bacchis.
1316 1013 1400 1055 ΞΥ.
1442 1013 1662 1069 Optume:
1693 1017 1793 1070 ipsa

510 1082 608 1122 exit
631 1080 765 1123 foras.

337 1199 462 1237 longum
478 1201 597 1239 tempus
612 1199 647 1230 id
661 1199 829 1241 vellefiugi
842 1200 880 1230 de
895 1199 1072 1231 Bacchide?
1099 1200 1200 1230 Unum
1221 1200 1303 1231 diem
1318 1203 1439 1232 tantum
1452 1202 1574 1242 postulo
1587 1200 1792 1238 simulationi,

338 1242 410 1271 dum
424 1245 588 1280 argentum
602 1242 728 1281 aufero:
762 1243 879 1273 nullum
893 1242 1026 1282 amplius
1049 1243 1114 1272 volo
1138 1246 1267 1283 tempus.
1314 1243 1375 1274 CL.
1401 1244 1533 1275 Tantum
1546 1249 1596 1275 sat
1611 1244 1701 1275 habes
1715 1247 1791 1274 tem-

334 1284 471 1323 porisud
485 1285 646 1324 pecuniam
659 1283 875 1326 eripiendam?
910 1285 1023 1320 Quaeso
1048 1285 1123 1324 quid
1145 1286 1254 1317 deinde
1275 1289 1430 1326 sequetur,
1455 1286 1483 1317 si
1507 1287 1653 1318 Chremes
1666 1286 1794 1326 hocfig-

337 1330 473 1357 mentum
483 1328 655 1368 perceperit
665 1331 678 1358 ?
721 1328 783 1359 SY.
814 1327 899 1362 Quid
913 1328 941 1357 si
964 1337 1010 1357 me
1024 1327 1160 1358 remittis
1174 1329 1214 1358 od
1229 1329 1312 1366 illos,
1333 1329 1386 1368 qui
1399 1329 1507 1360 dicunt
1517 1340 1530 1366 ;
1551 1330 1624 1369 quid
1637 1330 1666 1360 si
1684 1330 1792 1360 coelum

338 1369 459 1400 labatur
473 1369 640 1402 deorsum?
684 1371 745 1402 CL.
767 1370 900 1408 Dubito,
913 1370 986 1410 quid
1006 1370 1129 1401 debeam
1144 1380 1247 1408 agere.
1293 1371 1353 1402 SY.
1378 1370 1538 1403 Dubitas?
1559 1371 1648 1412 quusi
1662 1381 1723 1402 mm
1736 1371 1791 1402 ha-

338 1411 408 1442 beas
421 1416 604 1452 potestutem
618 1413 710 1450 hanc,
724 1416 758 1443 ut
774 1417 805 1443 te
820 1412 930 1443 liberes
944 1413 1064 1452 quando
1079 1411 1139 1442 tibi
1151 1413 1271 1453 libebit,
1294 1416 1323 1444 et
1342 1415 1448 1454 palam
1462 1415 1548 1445 dicas
1561 1418 1592 1445 te
1606 1414 1682 1445 velle
1696 1415 1794 1445 Anti-

333 1454 452 1493 philam
470 1465 607 1494 υτον-ειη,
629 1459 658 1486 et
674 1455 864 1486 Bacchidem
879 1465 942 1486 esse
958 1455 1089 1485 amicam
1104 1456 1305 1496 Clitiphonis,
1327 1466 1387 1486 non
1406 1466 1477 1487 vero
1490 1461 1586 1488 tuam.
1633 1457 1693 1489 CL.
1715 1457 1792 1496 Eia,

336 1506 408 1535 age,
422 1497 558 1528 Bacchis
571 1499 612 1529 ad
625 1508 680 1530 nos
693 1500 874 1530 deducatur.
920 1498 985 1530 SY.
1013 1498 1139 1538 Optime
1148 1510 1159 1529 .-
1180 1499 1248 1539 ipsa
1263 1499 1401 1530 Bacchis
1413 1500 1501 1531 domo
1518 1499 1690 1531 Chremetis
1702 1508 1791 1539 egre-

334 1539 421 1570 ditur
436 1543 617 1580 opportune.

945 1613 965 1625 0
968 1613 1183 1626 Oan‘On

336 1687 384 1709 me
397 1677 473 1718 fiat.
517 1678 633 1710 Editio
649 1677 841 1720 Anonyma,
858 1679 942 1711 etei
958 1683 1063 1711 aetate
1086 1680 1252 1721 proxima,
1278 1680 1356 1712 anni
1375 1683 1470 1713 1469.
1498 1681 1582 1717 Quid
1596 1681 1634 1713 de
1654 1691 1702 1713 me
1713 1682 1791 1723 fiat,

333 1731 445 1761 parum
459 1731 561 1753 curas.
589 1722 682 1753 Mur.
701 1723 794 1763 parvi
808 1732 899 1754 curas
913 1721 1090 1754 defendit:
1108 1723 1197 1764 quod
1216 1723 1360 1764 plusculi
1377 1724 1456 1755 libri
1473 1723 1672 1765 praeferunt.
1704 1726 1792 1756 Con·

336 1764 442 1795 sentit
457 1763 501 1795 G.
519 1765 558 1795 F.
605 1765 762 1796 Latinius
779 1770 844 1804 est,
864 1775 976 1806 parum
989 1774 1089 1797 curas.
1133 1765 1326 1807 Utrumque
1343 1772 1457 1798 autem
1472 1767 1639 1808 glossema
1653 1767 1794 1799 videtur

335 1807 390 1837 τοῦ
409 1807 503 1847 parvi
519 1807 640 1847 pendis.
664 1808 772 1840 West.
815 1809 825 1826 ‘
841 1808 882 1839 In
899 1809 995 1839 Bem.
1013 1813 1048 1839 et
1063 1809 1216 1840 omnibus
1232 1807 1306 1840 fere
1323 1810 1472 1851 antiquis
1488 1813 1540 1841 est
1558 1809 1793 1851 parvipendis,-

335 1850 369 1880 in
389 1850 598 1889 recentibus,
620 1851 711 1890 parvi
742 1851 854 1882 curas.y
876 1851 936 1882 Fa.
980 1851 1150 1882 Emendat
1173 1851 1277 1882 Bent.
1303 1851 1349 1883 Tu
1370 1852 1443 1891 fors
1470 1852 1545 1893 quid
1572 1861 1622 1884 me
1642 1853 1673 1891 f.
1701 1863 1733 1893 p.
1755 1864 1791 1894 p.

336 1893 346 1909 ‘
365 1892 406 1922 In
424 1892 512 1929 Reg.
530 1894 676 1933 exempl.
695 1903 807 1933 patrum
831 1903 938 1924 curas:
962 1898 1067 1934 atque
1082 1894 1131 1925 ita
1145 1894 1178 1924 in
1195 1894 1267 1925 aliis
1284 1899 1368 1926 vett.
1384 1894 1493 1926 codd!
1516 1893 1613 1926 Lind.
1659 1897 1668 1912 ‘
1686 1895 1791 1936 Vulg.

333 1935 426 1975 parvi
448 1935 568 1974 pendis,
591 1937 642 1966 vel
659 1945 761 1975 curas,
783 1940 820 1966 ut
835 1937 965 1967 nostri:
990 1946 1115 1977 nempe
1130 1941 1311 1977 utrumque
1329 1938 1499 1978 glossema
1513 1942 1581 1977 est,
1600 1937 1790 1978 intelligen—

335 1979 483 2018 dumque
499 1979 507 1994 ‘
521 1978 607 2008 facis
622 1977 643 2009 ε’
659 1978 818 2009 omissum
835 1978 869 2009 id
887 1978 1088 2010 Graecorum
1105 1978 1223 2010 more.’
1247 1979 1345 2011 Both.
1370 1980 1426 2021 qui
1442 1981 1547 2021 igitur
1563 1980 1648 2020 legit
1664 1980 1700 2011 T.
1720 1980 1793 2019 for-

334 2023 429 2057 tasse,
444 2030 491 2051 me
506 2031 537 2060 q.
555 2020 634 2061 fiat,
658 2021 763 2061 parvi,
781 2022 813 2051 d.
830 2021 852 2051 i.
869 2031 896 2052 c.
942 2022 1025 2062 Leg.
1049 2031 1139 2052 curas
1162 2031 1224 2062 pro
1245 2022 1356 2062 pendis
1381 2022 1498 2055 Guelf.
1522 2026 1555 2055 2.
1602 2024 1704 2055 Cura-9
1730 2023 1792 2055 ΒΓ.

334 2063 553 2102 Delpl=.-38
576 2063 660 2094 Mss.
676 2064 824 2104 qnidam,
847 2065 969 2095 tandem
986 2073 1047 2104 pro
1062 2068 1205 2096 oelatem:
1227 2064 1287 2095 sed
1304 2070 1340 2097 et
1360 2065 1433 2097 ΕΡ.
1450 2075 1526 2097 cnm
1542 2064 1616 2097 EA.
1634 2066 1791 2107 aliisque.

340 2105 439 2137 West.
485 2104 541 2136 Ita
556 2110 593 2136 et
611 2105 782 2137 GM.—39
807 2105 918 2147 Effera
943 2116 1003 2146 pro
1025 2107 1123 2146 eripio
1151 2106 1269 2139 Guelf.
1287 2109 1407 2140 3.-40
1430 2109 1509 2140 Non
1525 2108 1716 2150 interrogat
1729 2109 1789 2141 ΒΓ.

337 2152 417 2188 post
432 2147 536 2179 habes.
581 2147 685 2179 Senex
711 2158 773 2190 pro
799 2153 889 2188 pater
912 2148 1030 2181 Guelf.
1056 2151 1173 2181 3.-41
1198 2149 1272 2182 ΕΡ.
1294 2150 1348 2190 qui
1367 2150 1487 2183 dicunt.
1530 2151 1657 2183 Parum
1681 2151 1792 2190 abest,

337 2191 416 2232 quin
434 2190 563 2221 rideam
578 2191 766 2232 Guyetum‚
780 2191 952 2232 legentem
966 2204 974 2222 ι
1000 2192 1085 2228 Quid
1100 2192 1128 2223 si
1141 2192 1228 2223 rideo
1240 2193 1332 2230 illos;
1354 2194 1442 2224 citra
1457 2194 1540 2225 Mss.
1557 2198 1594 2226 et
1608 2194 1790 2235 impresso-

337 2243 409 2263 rum
427 2232 536 2264 Codd.
552 2232 666 2265 fidem.
713 2235 761 2265 Ut
776 2240 902 2274 autem,
916 2235 1006 2275 quod
1023 2235 1148 2275 sentio,
1171 2234 1296 2275 dicam,
1321 2245 1441 2276 parum
1463 2237 1543 2268 mihi
1568 2236 1647 2268 boni
1670 2245 1789 2268 sensus

337 2285 411 2306 esse
430 2275 578 2313 videtur,
601 2286 659 2307 seu
676 2277 785 2316 legas,
808 2277 883 2317 quid
898 2277 927 2308 si
946 2278 1048 2318 redeo,
1069 2287 1141 2318 seu,
1156 2278 1230 2318 quid
1244 2279 1273 2309 si
1289 2279 1388 2311 rideo.
1433 2280 1526 2319 Lego
1543 2279 1658 2320 igitur,
1673 2284 1709 2310 et
1723 2278 1791 2310 dis-

337 2318 476 2359 tinguo:
504 2318 589 2353 Quid
603 2317 657 2350 si?
678 2320 769 2350 redeo
796 2322 837 2350 ad
863 2319 944 2359 illos,
970 2321 1024 2361 qui
1049 2321 1152 2361 aiunt,
1176 2322 1251 2362 quid
1264 2322 1389 2354 sinum:
1403 2323 1511 2354 coelum
1524 2324 1615 2354 ruat?
1636 2322 1789 2354 West.——

335 2363 376 2392 43
401 2362 482 2392 Vet.
499 2361 574 2392 cod.
590 2371 646 2403 ap.
663 2362 763 2394 Lind.
779 2366 811 2394 et
824 2373 889 2394 rem
900 2362 1018 2401 facias.
