1966 3302
536 226 957 258 HEAUTONTIMOR.
990 229 1101 261 Ac'r.
1128 231 1170 261 v.
1205 231 1272 262 sc.
1299 233 1362 262 ιν.
1595 226 1678 267 661

235 325 304 367 [ta
323 322 428 364 mihi
448 323 578 374 atque
598 321 699 362 huic
729 322 815 363 sies
837 327 1078 377 superstes,
1111 330 1158 367 ut
1187 338 1243 367 ex
1271 339 1340 367 me
1370 332 1502 381 atque
1523 342 1580 370 ex
1601 331 1686 371 hoc

400 395 535 432 natus
557 388 630 429 es!

230 462 288 502 Et
308 471 416 502 cave
446 456 649 511 posthac,
680 457 806 498 sime
836 470 977 508 amas,
1006 471 1199 513 unquam
1226 461 1341 503 istuc
1361 463 1539 504 verbum
1561 476 1617 504 ex
1639 468 1683 505 te

401 525 594 568 audiam.

229 597 320 638 CH.
349 594 413 636 At
444 606 540 647 ego,
571 592 609 632 si
640 604 710 633 me
750 594 925 643 metuis,
961 607 1103 635 mores
1139 608 1248 636 cave
1286 597 1331 637 in
1362 600 1404 638 te
1438 610 1538 638 esse
1571 598 1681 640 istos

399 663 602 704 sentiam.

225 734 309 775 CL.
341 731 502 783 Quos?
562 730 650 771 CH.
682 728 731 769 Si
765 730 877 770 scire
915 730 998 780 vis,
1039 743 1120 782 ego
1158 730 1327 772 dicam:
1371 745 1507 784 germ,
1544 734 1675 783 iners,

395 799 531 848 fraus,
549 798 714 846 helluo,
1621 803 1677 844 10

222 869 395 918 Ganeo,
416 865 683 907 damnosus!
715 864 858 912 crede,
882 870 927 905 et
946 869 1139 906 nostrum
1158 871 1202 907 te
1223 880 1324 908 esse
1345 868 1524 909 credito.

220 936 307 978 CL.
340 934 446 976 Non
466 937 570 974 sunt
588 933 684 974 haec
704 932 898 986 parentis
926 932 1057 973 dicta.
1119 932 1209 976 CH.
1244 935 1364 986 Non,
1388 937 1427 977 si
1448 949 1506 977 ex
1526 937 1676 991 capite

392 1015 456 1043 Sls
475 1013 574 1042 meo

218 1071 369 1114 Natus
401 1070 526 1119 item,
560 1070 610 1109 ut
638 1068 764 1109 aiunt
791 1066 1037 1109 Minervam
1066 1081 1167 1110 esse
1200 1082 1259 1110 ex
1289 1069 1419 1122 Jove,
1450 1084 1505 1114 ea
1535 1085 1675 1115 causa

388 1152 459 1179 ma
491 1151 530 1178 1s

216 1207 383 1257 Patiar,
406 1151 619 1258 Cligtipho,
639 1203 817 1256 flagitiis
838 1203 928 1244 tuis
951 1216 1021 1244 me
1041 1203 1244 1245 infamem
1267 1205 1371 1247 fieri.

216 1276 297 1317 So.
327 1274 389 1316 Di
409 1274 549 1314 istaec.
609 1270 697 1313 CH.
730 1271 855 1312 Deos
877 1270 1058 1313 nescio:
1090 1285 1172 1326 ego
1193 1273 1311 1327 quod
1333 1278 1507 1329 potero,
1528 1277 1671 1319 enitar

385 1341 555 1383 sedulo.
1614 1347 1670 1387 15

209 1477 277 1500 rere
294 1468 445 1509 potuisti?
466 1468 513 1498 ita
537 1467 614 1498 mihi
636 1476 673 1497 ac
702 1466 859 1498 Chremeti
883 1466 1076 1507 sapen-ivus,
1104 1471 1139 1498 ut
1166 1478 1205 1498 ex
1229 1478 1276 1499 me
1290 1472 1389 1499 matre
1405 1473 1496 1511 atque
1511 1471 1566 1502 Ιιοε
1577 1475 1670 1512 patre

207 1511 336 1550 genitus
349 1521 392 1543 es.
427 1511 473 1541 Et
486 1511 570 1548 vide,
585 1511 614 1541 si
628 1519 675 1540 me
689 1520 789 1548 amas,
803 1513 837 1540 ut
851 1520 1004 1550 nunquam
1016 1510 1077 1541 ista
1087 1511 1239 1551 proferas.
1280 1512 1348 1543 CH.
1375 1512 1451 1553 Sed,
1463 1514 1492 1544 si
1507 1525 1555 1545 me
1566 1515 1668 1554 times,

209 1564 282 1585 cave
302 1564 340 1585 ne
361 1553 536 1593 intelligam
556 1554 633 1585 istos
659 1562 756 1583 mores
780 1554 874 1583 malos
889 1554 988 1584 inesse
1004 1553 1072 1584 tihi.
1120 1554 1180 1585 CL.
1206 1555 1290 1590 Quos
1305 1554 1428 1587 mores?
1473 1557 1542 1589 CH.
1566 1558 1604 1589 Si
1619 1559 1667 1590 vis

209 1597 301 1636 scire,
317 1607 373 1636 ego
389 1607 540 1638 exponam
552 1608 564 1633 ,·
587 1606 659 1627 cave
684 1605 723 1626 ne
744 1595 790 1626 sis
811 1599 959 1636 nugator,
984 1596 1120 1636 ineptus,
1136 1597 1278 1636 ignava-5,
1292 1598 1359 1629 sine
1376 1601 1443 1629 arte
1454 1603 1484 1630 et
1501 1600 1668 1639 industria,

198 1640 438 1679 fraudulentus,
461 1649 573 1679 vorax,
589 1640 734 1671 bonorum
747 1636 946 1674 ‘consumtom
961 1642 1126 1678 scortator,
1136 1641 1330 1680 perniciosus
1340 1641 1404 1672 tuis
1415 1644 1662 1685 pareutihus‚(ut

207 1683 261 1723 qui
277 1693 352 1714 ame
366 1684 468 1714 decem
482 1683 583 1714 minas
599 1681 751 1714 Bacchidi
770 1691 828 1723 per
840 1692 961 1713 servum
977 1682 1169 1721 emtor-sista)
1179 1685 1267 1714 crede
1284 1684 1359 1715 meis
1372 1686 1547 1726 praeceptis,
1571 1691 1602 1718 et
1617 1688 1665 1719 ita

206 1726 323 1757 credito
348 1728 380 1757 te
401 1736 467 1757 esse
487 1729 626 1757 nostrum
630 1725 749 1767 filium.
797 1725 859 1757 CL.
881 1725 971 1756 Talia
986 1725 1078 1756 verba
1092 1727 1310 1757 contumeliosa
1325 1737 1483 1768 nunquam
1494 1731 1664 1769 procedunt

205 1769 245 1799 ab
259 1778 292 1800 eo
306 1769 359 1810 qui
380 1778 471 1800 verus
486 1772 533 1800 est
546 1772 645 1810 pater.
691 1769 758 1800 Cu.
782 1768 857 1799 Non
869 1769 976 1808 patiar
991 1779 1038 1800 me
1053 1768 1156 1799 notari
1168 1768 1302 1807 infamia
1314 1775 1442 1810 propter
1455 1775 1542 1803 tuam
1557 1774 1662 1814 nequi-

204 1811 295 1851 tiam,
311 1822 347 1843 ea
361 1822 453 1843 causa
468 1812 542 1852 quia
555 1813 599 1843 sis
608 1811 703 1854 filius
722 1821 806 1842 meus
817 1822 829 1848 ,·
851 1811 974 1842 etiamsi
987 1822 1027 1843 ex
1041 1821 1105 1842 meo
1119 1812 1219 1852 capite
1234 1816 1318 1843 ortus
1324 1813 1440 1851 fueris,
1465 1815 1612 1847 similiter
1628 1820 1662 1847 ut

204 1854 449 1897 Poetoefingunt
466 1855 628 1886 Palladem
636 1864 700 1886 esse
713 1858 819 1885 natam
828 1865 868 1886 ea:
883 1855 972 1886 Jove.
1015 1855 1075 1886 So.
1099 1855 1160 1885 Diz·
1175 1855 1258 1886 istud
1271 1856 1469 1896 prohibeant,
1486 1859 1599 1900 lefieri
1613 1859 1660 1890 in-

196 1896 318 1936 famem
327 1901 457 1939 propter
461 1897 581 1940 filium.
627 1898 696 1930 Cn.
721 1897 834 1928 Nescio
849 1908 890 1928 an
907 1897 968 1928 Dii
978 1897 1168 1939 prohibituri
1191 1899 1254 1929 sint
1265 1910 1277 1936 ,·
1300 1900 1410 1931 cavebo
1424 1910 1481 1940 ega
1497 1901 1662 1942 diligenter

812 1993 893 2004 eno·

202 2064 304 2096 etiam
320 2069 351 2097 te
363 2065 566 2098 omittit.—7
590 2066 643 2097 lta
656 2066 734 2098 mihi
746 2069 836 2107 atque
848 2066 921 2097 huic
935 2067 979 2098 sis
994 2070 1161 2107 supersum,
1176 2071 1211 2098 ut
1226 2077 1265 2098 ex
1279 2077 1326 2098 me
1338 2072 1429 2108 atque
1440 2069 1495 2099 hoc
1506 2072 1597 2101 natus
1613 2080 1658 2102 es.

201 2108 332 2139 Versus
349 2108 534 2140 claudicat.
579 2109 722 2151 Repone
735 2119 778 2140 ex
790 2109 868 2141 cod.
882 2109 1099 2145 Academico,
1112 2115 1148 2141 et
1165 2119 1207 2141 ex
1222 2111 1412 2143 Meadianis
1427 2113 1547 2151 altero,
1561 2117 1597 2144 ut
1618 2125 1658 2144 ex

198 2161 248 2182 me
261 2154 353 2192 atque
366 2161 406 2183 ex
421 2152 476 2183 hoc
489 2156 580 2184 natus
602 2162 646 2184 es.
670 2153 769 2183 Bent.
813 2153 915 2183 Both.
938 2153 1010 2192 dat,
1026 2156 1192 2193 superstes,
1207 2163 1248 2184 ea:
1267 2164 1315 2184 me
1329 2158 1420 2195 atque
1442 2155 1498 2186 hoc
1512 2159 1547 2186 ut
1563 2160 1656 2187 natus

198 2204 241 2226 es.
292 2195 344 2225 Ex
369 2199 498 2235 poster.
529 2195 694 2226 omittunt
720 2195 801 2226 Par.
829 2196 888 2226 ΒΓ.
910 2195 1017 2227 Ζ.-9
1039 2196 1138 2227 Both.
1163 2207 1237 2227 cave
1254 2197 1352 2228 inesse
1375 2197 1549 2229 istos—10
1574 2198 1655 2237 Alii,

196 2237 306 2269 helluo.
351 2238 439 2270 GM.
463 2247 556 2277 gerra
570 2248 613 2269 es.
657 2239 700 2269 R.
722 2239 834 2278 helluo,
856 2239 1057 2277 glana—11
1082 2240 1233 2279 Reponit
1254 2240 1344 2280 Guy.
1367 2244 1506 2271 nostrum
1528 2245 1559 2272 te
1579 2252 1654 2282 esse,

196 2276 279 2311 haud
300 2281 429 2312 credita.
451 2281 554 2313 Both.
573 2281 616 2312 G.
639 2282 812 2312 damnosus.
860 2282 973 2313 Cetera
987 2292 1019 2312 n.
1037 2286 1060 2312 t.
1076 2292 1103 2313 e.
1123 2285 1238 2314 c.—-12
1260 2283 1357 2315 Junt.
1373 2282 1451 2315 Ald.
1468 2284 1518 2316 St.
1534 2284 1655 2316 editio-

196 2332 257 2353 nes
274 2323 348 2354 aliae
363 2335 372 2355 τ
399 2325 471 2355 Non
485 2327 556 2354 sunt
572 2325 636 2355 hoec
652 2324 722 2363 jam
737 2324 877 2364 parentis
897 2324 992 2356 dicta.
1035 2326 1196 2356 Testatur
1211 2331 1323 2357 autem
1344 2326 1402 2357 Fa.
1426 2327 1458 2357 in
1475 2328 1567 2358 nullo
1585 2328 1652 2358 Ms.

195 2365 266 2406 legi
282 2366 364 2397 illud
373 2367 455 2405 jam.
486 2367 576 2398 Dae.
591 2368 678 2397 male
694 2367 768 2398 haec
786 2367 890 2398 verba
903 2367 1025 2398 tribuit
1041 2368 1217 2399 Sostratae.
1246 2369 1344 2400 West.
1392 2369 1491 2400 Non?
1513 2371 1566 2401 Ita
1589 2370 1654 2401 dis-

195 2408 293 2447 tinxi,
306 2414 344 2440 ut
360 2410 494 2449 gravior
510 2415 602 2441 esset
624 2410 805 2441 sententia.
849 2410 960 2450 Vulgo
977 2410 1049 2441 sine
1066 2412 1133 2442 ulla
1149 2411 1423 2452 interrogatione
1438 2423 1446 2443 ε
1472 2413 1556 2451 Νοη,
1571 2414 1599 2444 si
1612 2424 1651 2444 ex

193 2451 295 2491 capite
310 2462 376 2482 meo
391 2452 435 2482 sis
450 2453 555 2483 Natus
569 2453 656 2492 item,
669 2457 702 2483 ut
719 2453 807 2483 aiunt
822 2453 999 2483 Minervam
1014 2463 1076 2484 esse
1091 2464 1131 2485 ex
1145 2455 1235 2493 Jove,
1249 2464 1284 2484 ea
1299 2464 1389 2485 causa
1405 2456 1508 2494 magis
1524 2457 1651 2493 Patiar,

195 2494 496 2534 Clitiph0,flagitiis
511 2495 574 2526 tuis
597 2506 644 2527 me
658 2495 803 2532 infamem
815 2496 905 2536 fieri.
952 2496 1083 2535 Malim,
1100 2498 1127 2527 si
1151 2506 1212 2536 per
1236 2497 1380 2528 Codices
1401 2498 1534 2538 liceret,
1551 2499 1622 2529 Non
1637 2498 1652 2531 ἱ)

191 2546 266 2576 non,
281 2538 309 2568 si
333 2547 374 2568 ex
387 2537 487 2577 capite
501 2547 565 2568 meo
579 2539 621 2568 sis
646 2540 758 2569 Natus.
796 2538 869 2568 EA.
896 2539 988 2569 Non?
1010 2540 1038 2569 si
1053 2549 1092 2569 ea·
1109 2540 1209 2579 capite
1229 2541 1272 2570 sis
1288 2542 1374 2571 modo
1396 2541 1513 2579 Natus,
1528 2542 1649 2573 itidem.

192 2579 302 2611 Idem.
349 2580 422 2610 Non
437 2580 465 2610 si
479 2590 518 2611 ex
533 2590 559 2610 c.
589 2581 648 2611 ΒΓ.
679 2581 781 2611 Bent.
808 2581 910 2612 Both.
934 2581 1014 2621 Rip.
1044 2582 1083 2613 Z.
1107 2583 1201 2612 Perl.
1231 2583 1447 2623 Delp11.—13
1473 2584 1558 2615 Cod.
1575 2585 1615 2623 C,
1630 2596 1650 2615 a

191 2622 283 2661 Jove,
297 2622 388 2663 quod
405 2623 595 2663 elegantius
619 2624 755 2663 vulgato
778 2634 818 2654 ex
839 2624 927 2654 Jove.
953 2624 1055 2654 Both.
1072 2625 1129 2665 qui
1148 2625 1231 2665 legit
1246 2626 1321 2656 item
1347 2629 1382 2656 ut
1396 2626 1572 2657 Minervam
1587 2637 1650 2659 esse

191 2665 280 2696 aiunt
295 2676 314 2695 a
328 2666 421 2704 Jove,
435 2675 461 2697 e.
477 2676 505 2697 c.
522 2669 648 2697 m.--l5
674 2666 794 2697 Lectio
814 2666 1025 2707 quorundam
1042 2667 1217 2706 librorum,
1232 2668 1279 2698 Di
1293 2669 1379 2699 istaec
1390 2669 1571 2708 prohibeant
1589 2670 1647 2711 [In

191 2707 282 2739 Add.
296 2708 496 2739 nominatim
512 2713 677 2740 memorat
695 2708 739 2739 G.
754 2709 823 2740 ET.
842 2708 939 2748 EM]
963 2714 1109 2740 metrum
1126 2711 1327 2750 corrumpit.
1356 2712 1454 2743 IVest.
1499 2713 1545 2743 Di
1560 2713 1648 2744 istoec

189 2749 370 2788 prohibeant
388 2751 448 2781 ΒΓ.
469 2751 571 2782 Bent.
595 2751 694 2783 Both.
717 2751 811 2782 Perl.
829 2752 866 2783 Z.
911 2752 920 2768 ‘
938 2753 990 2783 Ex
1015 2754 1219 2784 auctoritate
1244 2754 1320 2784 libri
1345 2754 1503 2785 Bembini
1531 2754 1645 2786 demto

191 2793 306 2831 enitar,
324 2793 530 2825 trochaicum
554 2795 642 2826 huuc
660 2803 812 2825 sanamus
829 2805 836 2825 ;
861 2804 925 2827 nec
940 2805 1022 2826 vero
1046 2796 1158 2827 sensui
1174 2796 1354 2838 quicquam
1381 2798 1498 2828 deest:
1522 2798 1645 2829 subau-
