1966 3302
607 241 820 271 HEcYRAE
858 242 961 271 Aer.
995 243 1023 271 1.
1056 242 1121 273 sc.
1157 242 1186 272 1.
1537 234 1623 275 805

172 337 217 379 N
221 351 244 378 e
267 350 366 378 eum
388 337 728 378 circumventum
749 337 900 391 inique
922 338 1065 392 iniqui
1084 337 1308 378 irrideant.

171 406 278 447 Mea
298 418 453 455 causa,
474 416 654 446 causam
674 405 784 445 hanc
804 405 1009 458 accipite,
1030 410 1073 448 et
1092 405 1193 446 date
1214 404 1452 453 silentium,

166 473 229 514 Ut
246 474 387 514 libeat
404 472 591 513 scribere
613 472 728 522 aliis,
749 472 943 525 mihique
967 478 1013 512 ut
1034 472 1203 523 discere

170 541 328 583 Novas
345 539 567 594 expediat,
587 539 777 593 posthac
797 540 939 592 pretio
962 543 1101 580 emtas
1123 552 1236 580 meo.

162 663 388 701 protegendam
401 663 496 694 dedit.
542 662 612 693 IVIez'
624 662 746 701 gratia,
759 672 883 693 causam
903 662 1007 693 Po‘etoe
1025 662 1164 693 Terentii
1179 663 1327 703 suscipite
1342 663 1575 701 ddendemlarm
1590 666 1622 693 et

167 704 285 743 linguis
292 704 412 745 favete,
428 709 462 736 ut
476 704 534 736 aliz·
550 705 656 736 Po'e'toe
670 715 785 746 quoque
805 706 933 736 libenter
947 707 1089 736 studeant
1106 708 1321 746 componendis
1340 707 1514 745 Comoediis,
1531 707 1622 737 mihi-

167 756 226 785 que
237 749 384 778 conducat
396 757 488 779 novas
502 748 657 779 memoriae
671 751 831 789 mandare,
845 752 876 780 et
891 749 1062 788 addiscere,
1079 758 1154 789 quas
1167 752 1306 789 pecuniae
1321 759 1396 781 meae
1412 750 1620 781 <estimatione

166 798 186 819 a
203 790 301 821 Poeta
315 792 564 831 comparaverim.

774 854 1017 865 wertse-‘mn

167 917 201 948 in
214 917 352 948 animum
366 918 478 949 induxi
493 928 603 950 meam.
627 920 734 951 West.
768 921 815 951 ita
840 921 921 952 Mss.
938 920 1005 951 duo
1028 920 1117 961 apud
1141 921 1336 953 Rueck—47
1362 921 1457 952 Hanc
1475 921 1624 961 accipite]

169 960 362 991 Pronomen
385 961 464 991 hanc
486 971 549 992 nec
566 961 667 993 habet
683 964 777 993 Bem.
795 967 830 994 et
851 964 936 994 ratio
952 973 1071 994 versus
1087 964 1221 995 omnino
1238 965 1370 1004 respuit
1387 976 1394 995 ε
1418 964 1624 995 subaudien-

169 1002 247 1033 dum
266 1007 380 1034 tamen
395 1003 522 1045 aliquid
541 1005 619 1044 erit,
642 1010 680 1036 ut
706 1007 761 1041 sit,
788 1016 924 1036 causam
950 1007 1037 1046 ejus,
1057 1009 1108 1037 vel
1126 1016 1263 1037 causam
1281 1007 1403 1047 poe'tae.
1428 1008 1488 1038 Fa.
1521 1016 1622 1048 quem

170 1046 326 1087 sequitur
343 1047 443 1078 Both.
491 1051 499 1064 ‘
512 1048 605 1078 Male
622 1048 676 1078 alii
693 1048 725 1080 h.
742 1050 764 1080 1.
780 1058 822 1079 ex
841 1049 966 1080 Heaut.
993 1050 1131 1087 Prolog.
1156 1050 1389 1089 superaddunt
1416 1050 1505 1085 itanc,
1531 1051 1622 1090 quod

170 1097 280 1129 neque
296 1088 401 1121 habet
412 1090 510 1120 Bem.
527 1096 563 1121 et
577 1091 709 1130 respuit
728 1101 857 1131 versus,
875 1093 1093 1123 existimante
1109 1092 1252 1123 Faerno.
1270 1093 1354 1124 Scil.
1372 1103 1438 1123 mea
1455 1100 1490 1123 ut
1508 1102 1622 1123 mono-

169 1131 337 1172 syllabum
355 1132 613 1172 pronuntiatur.'
633 1134 710 1174 Rip.
759 1135 892 1165 Causam
914 1136 991 1166 hanc
1004 1137 1133 1175 occipite
1155 1137 1240 1167 Mss.
1262 1136 1399 1176 quidam
1427 1140 1462 1166 et
1490 1136 1560 1167 ΕΡ.
1586 1141 1622 1167 et

169 1175 340 1205 nonnullae
357 1175 445 1206 aliae.
474 1175 664 1207 West.—48
692 1177 734 1208 Ut
758 1177 858 1208 lubeat
884 1179 923 1209 R.
969 1178 1128 1209 Donatus
1146 1179 1301 1217 agnoscit
1317 1178 1402 1214 aliis,
1419 1188 1494 1209 cum
1513 1179 1622 1218 expli-

170 1222 238 1254 cat,
253 1217 415 1248 Orator-ie
430 1217 490 1248 ἀπὸ
504 1219 561 1256 τῆς
583 1218 732 1258 ἐσατηος;
759 1220 833 1260 lege
852 1219 927 1251 Ἀπὸ
948 1222 1005 1258 τῆς
1031 1220 1251 1253 ἸΣΟΤΗΤΟΣ.
1299 1223 1344 1252 Et
1371 1223 1479 1252 nostri
1506 1231 1622 1252 onmes

167 1259 252 1290 aliis.
278 1260 422 1299 Repone
439 1266 563 1301 tamen,
584 1262 628 1292 Ut
642 1262 743 1293 lubeat
757 1264 890 1294 scribere
905 1264 996 1304 alias,
1010 1264 1143 1304 mihique
1159 1269 1194 1295 ut
1207 1265 1328 1295 discere
1345 1264 1451 1294 Novas
1467 1266 1622 1304 expediat.

168 1306 178 1318 ‘
195 1302 242 1333 Ut
267 1302 384 1333 lubeat
399 1304 564 1335 Terentio
580 1305 732 1336 scribere
748 1307 827 1337 alias
845 1306 972 1338 novas.'
1016 1308 1073 1338 Sic
1094 1317 1195 1347 supra
1210 1316 1243 1338 v.
1262 1310 1312 1338 10.
1337 1309 1346 1324 ⁶
1358 1307 1501 1337 Easdem
1520 1317 1624 1347 agere

169 1345 272 1384 coepi,
287 1350 324 1376 ut
336 1346 378 1377 ab
390 1346 509 1377 eodem
525 1347 606 1378 alias
621 1348 787 1379 discerem
806 1350 940 1380 Novas-³
963 1354 998 1381 et
1015 1349 1165 1390 Adelph.
1184 1350 1277 1380 Prol.
1296 1359 1330 1381 v.
1348 1353 1399 1380 25.
1423 1355 1429 1367 ⁸
1446 1349 1562 1381 Poetae
1580 1352 1623 1382 ad

168 1387 382 1419 scribendum
394 1395 541 1428 augeant
555 1390 780 1423 iudustriam)
803 1394 811 1408 ‘
826 1392 972 1432 Poetae(
986 1403 1052 1424 non
1069 1397 1078 1410 ‘
1092 1394 1164 1424 aliis
1180 1392 1324 1424 Poetis!
1341 1393 1437 1424 Rem.
1455 1393 1532 1424 Non
1546 1403 1622 1433 pro-

169 1430 230 1461 bat
256 1431 350 1462 Perl.
396 1433 405 1448 ‘
423 1432 569 1465 Quidam
594 1434 700 1465 Codd.
728 1435 811 1466 Mss.
836 1441 872 1466 et
889 1437 1040 1476 impressi
1058 1447 1099 1466 ex
1118 1441 1202 1466 vett.
1219 1437 1310 1474 alias,
1335 1436 1502 1477 quomodo
1519 1436 1624 1467 etiam

170 1472 266 1504 Hu1.’
293 1475 388 1505 West.
416 1485 518 1516 super
541 1476 612 1506 aliis
638 1477 670 1507 in
699 1477 785 1508 GM.
801 1479 963 1518 scriptum
986 1479 1096 1519 po'e'tis.
1141 1479 1231 1510 Cave
1247 1479 1319 1510 aliis
1332 1489 1530 1518 corrumpas
1546 1489 1623 1510 cum

170 1515 286 1547 Bentl.
304 1517 337 1547 in
353 1517 442 1548 alias.
484 1518 541 1550 Sic
557 1519 646 1550 enim
668 1519 815 1557 deforet,
833 1522 922 1562 quod
949 1522 1157 1561 respondeat
1173 1523 1218 1562 τῷ
1233 1522 1319 1554 mihi.
1363 1522 1479 1554 Verba
1495 1527 1530 1553 et
1545 1523 1624 1553 scri-

169 1557 241 1590 bere
256 1564 290 1591 et
306 1559 422 1591 discere
439 1560 632 1594 referuntur
646 1563 688 1594 ad
705 1573 800 1595 novas
811 1564 915 1604 pretio
931 1564 1052 1596 emtas!
1074 1565 1152 1605 Bip.

592 1847 796 1890 ACTUS
829 1848 867 1889 Ι.
929 1848 1135 1890 SCENA
1168 1851 1203 1892 I.

687 1972 934 2003 PHILoTrs.
968 1973 1116 2003 SYRA.

171 2039 316 2080 Pam.
346 2039 454 2080 PER
476 2041 553 2094 pol
575 2053 707 2094 quam
727 2054 898 2094 paucos
919 2042 1114 2095 reperias
1136 2042 1437 2082 meretricibus

214 2149 286 2179 Pa.
324 2149 478 2190 Perquam
505 2159 593 2180 raros
621 2150 736 2190 aliquis
763 2150 916 2190 inveniat,
946 2150 1158 2182 meretricibus
1184 2155 1335 2183 amatores
1357 2150 1526 2182 constantis
1542 2151 1624 2193 fidei

786 2235 1026 2246 ‘sensa-*eoum

215 2303 231 2330 l
256 2300 350 2330 Don.
383 2299 425 2330 ad
452 2300 585 2331 locum:
622 2300 789 2332 ‘Quidam
821 2311 885 2332 non
910 2302 1042 2336 Paucos,
1067 2301 1124 2332 sed
1142 2302 1259 2332 Paucis
1282 2302 1417 2340 legunt:
1457 2301 1505 2332 sic
1535 2301 1624 2332 enim

170 2342 417 2383 Apollodorus:
440 2345 693 2376 ΑΛΠΑΙΣΗΡΑΣ
714 2346 791 2376 ΤΗΣ
816 2345 865 2375 rei
888 2347 1043 2377 ῙΟΝΗΝΣ
1065 2347 1248 2376 ΤΗΡΑΙΣΣΙ
1271 2344 1524 2376 ΡΑΓΓΙΒΑΙΩΕ.’
1570 2344 1625 2375 Ita.

170 2385 268 2416 dedit
283 2385 384 2416 Lind.
401 2396 443 2417 ex
459 2386 576 2417 codice
594 2387 740 2427 script03
766 2398 839 2428 quae
872 2389 980 2427 prima
1005 2388 1120 2428 specie
1149 2388 1290 2427 Sibyllae
1315 2387 1397 2418 folia
1420 2387 1624 2425 videantur3

171 2437 210 2459 ea
226 2432 354 2465 tamen,
371 2433 407 2459 et
423 2430 600 2460 sententiaa
611 2429 743 2469 judicio
760 2435 795 2461 et
812 2440 926 2460 versus
944 2432 1086 2466 ratione,
1106 2440 1171 2460 non
1189 2429 1374 2461 difficulter
1390 2430 1423 2460 iu
1441 2430 1625 2469 pristinum

171 2475 309 2503 statum,
325 2471 444 2502 reduxi
460 2482 470 2510 ;
503 2475 661 2504 ΟΛῙΓΑΙΣ
694 2475 870 2505 ΕΡΑΣΤΗΣ
904 2474 1039 2504 ΓΕΓΟΝ’
1071 2475 1278 2510 ΕΤΑῙΡΑῘΣῙ,
1311 2476 1421 2511 ΣὙΡΑ,
1443 2475 1623 2505 ΒΕΒΑῙΟΣ.

170 2518 179 2531 ‘
195 2514 320 2545 Paucis
336 2519 467 2545 amator
482 2516 597 2546 evenit
613 2517 866 2552 meretricibus,
894 2517 990 2557 Syra,
1017 2515 1168 2547 Fidens?
1212 2516 1324 2547 Recte
1351 2517 1466 2553 itaque
1492 2517 1623 2556 Paucis,

170 2566 251 2596 non,
282 2557 372 2598 quod
397 2557 496 2588 hodie
512 2558 640 2589 habent
656 2559 814 2594 Codices,
830 2559 963 2590 Paucos.
988 2563 995 2576 ‘
1012 2559 1136 2590 Paucis
1154 2559 1388 2590 meretricibus
1404 2558 1523 2590 fideles
1545 2568 1622 2589 eve-

171 2599 294 2638 nisse3’
318 2600 381 2630 hoc
397 2604 461 2636 est,
486 2600 626 2638 singulis
641 2602 809 2641 singulos3
834 2611 898 2632 non
922 2602 931 2619 ‘
948 2602 1081 2633 Paucos
1107 2600 1300 2639 amatores‚'
1322 2603 1415 2642 quasi
1434 2602 1490 2632 uni
1509 2602 1623 2641 plures

171 2641 354 2682 contigisse
381 2643 497 2674 vellet.
543 2644 652 2674 Porro
678 2653 720 2674 ex
747 2645 812 2675 isto
839 2648 990 2675 ΓΕΓΟΝΕ
1017 2649 1162 2685 apparet
1189 2644 1243 2675 hic
1267 2644 1449 2684 legendum
1479 2645 1626 2684 evenisse,

172 2685 260 2725 quod
277 2689 313 2716 et
327 2687 437 2716 versui
454 2687 663 2717 commodius
679 2692 743 2722 est,
760 2693 794 2718 et
811 2689 1003 2718 sententiae.
1021 2688 1115 2718 Bent.
1154 2687 1272 2718 Paucis
1288 2697 1349 2727 pro
1364 2697 1477 2728 paucos
1492 2687 1533 2717 ab
1550 2687 1624 2717 aliis

172 2727 239 2766 legi
257 2727 328 2767 jam
347 2729 507 2759 observat
521 2730 589 2760 Do.
606 2727 814 2769 suffragante
830 2739 929 2760 versu
947 2730 1146 2770 Apoilodori
1163 2730 1300 2766 Graeco,
1324 2731 1379 2771 qui
1406 2739 1486 2761 vero
1509 2730 1542 2760 in
1568 2739 1627 2759 ex-

174 2771 274 2810 empl.
288 2771 416 2801 Donati
433 2772 519 2802 adeo
535 2770 647 2803 fracte
661 2782 839 2812 expressus
856 2778 922 2811 est,
938 2778 975 2804 ut
992 2773 1033 2803 de
1051 2773 1266 2804 restitutione
1282 2773 1356 2812 ejus
1373 2772 1624 2812 desperandum

174 2812 229 2844 sit.
253 2812 330 2853 Bip.
367 2814 489 2846 Utrum
504 2815 611 2855 paucis
627 2825 667 2846 au
681 2825 793 2855 paucos
808 2815 934 2852 verius,
947 2817 1022 2857 ipse
1037 2816 1101 2848 Do.
1118 2816 1264 2849 dubitat.
1292 2815 1361 2848 Sed
1374 2816 1482 2856 paucis
1498 2815 1623 2847 Graece
