1966 3302
293 213 380 257 838
792 221 832 250 P.
863 217 1108 249 TERENTu
1141 218 1258 249 Arm

295 317 522 368 Pavitare,
543 315 696 358 nescio
717 314 837 369 quid,
857 314 1081 356 dixerunt:
1113 313 1156 354 id
1177 314 1215 354 si
1235 312 1348 354 forte
1369 316 1452 362 est,
1471 310 1633 352 nescio.

298 387 427 428 PAM.
459 384 635 426 Interii!
669 396 746 424 cur
766 382 874 423 mihi
895 382 942 423 id
962 395 1047 422 non
1070 381 1216 422 dixti?
1277 381 1345 422 ΡΑ
1356 392 1400 421 R.
1423 379 1545 430 Quia
1560 390 1647 419 non
1667 389 1749 432 po-

472 457 609 493 teram
630 464 719 491 una
739 449 900 491 omnia.

304 520 436 562 PAM·
467 518 590 569 Quid
612 517 756 558 morbi
774 517 876 557 est'l
936 515 1059 556 PAR.
1083 513 1270 556 Nescio.
1332 513 1461 556 PAM.
1492 512 1646 564 Quid?
1675 524 1751 553 ne-

471 584 589 627 mon'
606 586 823 626 medicum
846 583 1067 625 adduxit?
1131 583 1254 623 PAR.
1286 581 1468 622 Nescio.

303 654 432 696 PAM.
466 653 605 694 Cesso
626 652 728 693 hinc
761 652 825 693 ire
859 652 988 701 intro,
1016 654 1062 691 ut
1081 650 1164 690 hoc
1186 650 1523 704 quamprimum,
1544 646 1753 702 quicquid

475 723 557 770 est,
581 724 749 761 certum
769 720 907 760 sciam
924 719 943 758 'l
1230 715 1307 725 W

306 788 516 840 Quonam
538 788 687 838 modo,
719 787 982 829 Philumena
1017 798 1131 834 mea,
1163 797 1279 825 nunc
1309 787 1351 825 te.
1387 781 1603 824 offendam
1626 781 1756 824 affec·

481 860 569 896 tam
587 856 606 896 ‘l
1698 851 1756 891 45

307 925 442 975 Nam,
463 924 503 990 :ji
523 922 764 978 periculum
786 923 923 964 ullum
945 923 990 963 in
1006 927 1051 963 te
1073 921 1206 989 iffist,
1225 920 1415 974 periisse
1435 932 1506 960 me
1527 931 1617 960 una
1637 917 1755 959 haud

481 991 664 1033 dubium
685 995 766 1031 est.
1149 985 1153 989 ⁴

309 1061 380 1102 PA
390 1068 445 1117 1³4
468 1043 571 1100 ΝἜῗι
590 1071 703 1099 usus
723 1057 845 1118 saggo
867 1060 935 1098 est
953 1056 1059 1098 mihi
1080 1068 1192 1097 nunc
1212 1056 1324 1096 hunc
1343 1055 1456 1096 intro
1478 1054 1604 1108 sequi
1621 1068 1631 1096 ε

309 1129 432 1171 Nam
453 1126 625 1167 invisos
647 1139 801 1167 omnes
823 1139 908 1166 nos
928 1138 1028 1166 esse
1047 1124 1136 1166 illis
1155 1123 1315 1164 sentio.

309 1195 421 1237 Heri
441 1207 569 1235 nemo
591 1192 734 1234 voluit
755 1192 999 1234 Sostratam
1021 1193 1135 1233 intro
1159 1191 1400 1232 admittere.

304 1313 481 1353 praetimere
495 1313 573 1344 mihi
587 1314 717 1345 relatum
732 1316 790 1345 est.
824 1313 864 1344 Id
878 1312 906 1343 si
919 1313 1006 1352 forte
1021 1315 1078 1350 est,
1093 1315 1218 1352 propter
1228 1312 1305 1351 quod
1319 1310 1490 1350 clamitavi,
1505 1309 1626 1349 ignoro.
1663 1309 1762 1340 ΡΑΜ.

309 1356 424 1394 Perii;
447 1366 501 1388 cur
516 1358 552 1388 (le
569 1357 624 1387 nac
638 1367 673 1387 re
695 1367 742 1387 me
757 1366 816 1387 non
832 1356 987 1387 monuisti.
1034 1355 1128 1386 PAR.
1155 1354 1239 1390 Quia
1252 1364 1311 1384 non
1331 1358 1470 1394 poteram
1484 1353 1587 1383 omnia
1599 1352 1691 1383 simul
1705 1351 1765 1382 eibi

308 1399 419 1429 dicere.
465 1400 563 1431 ΡΑΜ.
589 1400 657 1435 Quo
680 1399 784 1429 morbo
810 1399 926 1430 laboral
940 1397 954 1429 ?
999 1398 1090 1428 PAR.
1116 1397 1206 1428 Istud
1232 1397 1351 1435 ignoro.
1402 1397 1494 1427 ΡΑΜ.
1520 1396 1604 1431 Quid
1618 1396 1744 1434 ignoras
1754 1398 1767 1425 ,⁹

310 1442 451 1473 nullusne
463 1443 598 1473 medicus
611 1444 652 1473 ad
667 1452 734 1473 eam
748 1443 915 1473 curandam
929 1444 1050 1471 vocatus
1065 1443 1121 1475 est,
1137 1450 1175 1470 em
1190 1450 1246 1479 quo
1267 1440 1300 1469 id
1315 1449 1492 1477 cognoscere
1504 1441 1628 1478 posses?
1671 1438 1763 1468 PAR.

311 1483 440 1523 Ignoro,
465 1495 503 1515 an
530 1485 664 1516 medicus
688 1485 717 1515 ei
741 1484 882 1525 afflcerit.
930 1484 1025 1514 ΡΑΜ.
1052 1483 1158 1513 Nimis
1175 1483 1263 1512 tardo
1278 1483 1309 1512 in
1326 1483 1445 1512 domum
1468 1490 1573 1512 socrus
1589 1480 1646 1518 ire,
1660 1482 1695 1510 ut
1710 1480 1765 1510 hoc

311 1536 402 1566 quam
421 1528 494 1565 cito,
509 1529 714 1568 quodcumque
728 1531 830 1566 polest
845 1537 921 1566 esse,
935 1537 991 1566 pro
1006 1529 1088 1556 certo
1104 1525 1285 1565 comperiam
1298 1535 1306 1555 :
1328 1534 1456 1564 quonam
1468 1525 1567 1562 modo,
1582 1523 1766 1554 Philumena

312 1579 392 1607 mea,
405 1574 434 1601 te
447 1571 602 1601 int-eniam
617 1571 649 1600 z'n
662 1571 765 1601 reditu
776 1581 795 1600 a
809 1570 910 1600 morbo
927 1569 1042 1600 tentari
1054 1579 1064 1598 .·
1087 1578 1157 1598 nam
1171 1568 1198 1597 si
1210 1568 1362 1598 tantulum
1373 1567 1575 1608 periclitaris,
1589 1568 1706 1596 certam
1721 1568 1768 1596 est

313 1621 361 1643 me
377 1613 410 1644 in
421 1614 524 1644 eodem
539 1614 658 1644 versari
670 1614 814 1653 periculo.
860 1613 950 1643 PAR.
975 1612 1049 1642 Non
1065 1611 1140 1641 utile
1149 1611 1247 1648 sactis
1262 1610 1338 1640 milri
1352 1620 1432 1640 nunc
1446 1612 1492 1640 est
1507 1609 1586 1640 hunc
1599 1609 1633 1639 in
1646 1609 1767 1639 domum

312 1654 397 1685 intro
425 1656 566 1686 comitari
577 1666 589 1691 ;
611 1666 682 1686 nam
706 1665 760 1685 nos
782 1665 889 1685 exosos
913 1665 1015 1685 omnes
1039 1654 1115 1688 illis,
1135 1652 1231 1683 'matri
1254 1657 1284 1683 et
1297 1653 1379 1693 filioe
1394 1653 1521 1688 scilicet,
1537 1661 1599 1682 esse
1613 1651 1766 1689 intelligo.

314 1697 473 1730 Hesterna
487 1699 536 1730 die
551 1708 636 1730 nemo
651 1709 690 1730 ex
700 1697 828 1736 familia
841 1698 903 1728 ista
923 1697 1019 1728 voluit
1040 1696 1214 1727 Sostratam
1229 1699 1357 1726 matrem
1372 1695 1543 1735 Pamphili,
1555 1704 1677 1726 socrum
1689 1692 1769 1725 Pni-

923 1791 1159 1804 eeeeeeeeeeee

311 1865 321 1879 ‘
340 1869 409 1901 Cur
432 1869 511 1900 mihi
528 1869 562 1900 id
579 1879 643 1900 non
660 1869 745 1900 dixti
759 1868 783 1900 θ’
815 1870 971 1909 Gnyetus
988 1869 1099 1900 locum
1125 1868 1290 1899 intactum
1313 1865 1461 1907 reliquit.
1519 1864 1573 1895 Ex
1595 1864 1769 1905 impressis

315 1913 408 1943 Celas
435 1912 598 1943 exhibent
619 1913 747 1950 Juntae,
763 1911 883 1949 Aldus,
897 1913 946 1943 St.
963 1912 1034 1943 alii.
1077 1911 1144 1942 Sed
1170 1916 1205 1941 et
1228 1909 1378 1946 Fabrini,
1405 1912 1539 1947 notam,
1562 1907 1682 1938 Diceva
1707 1907 1771 1939 cosi

311 1955 460 1997 Pamfilo,
484 1955 594 1995 perche
619 1956 684 1994 egli
708 1956 845 1992 credeva,
860 1955 913 1985 che
939 1956 1134 1986 Parmenone
1148 1963 1270 1993 sape-sse
1297 1951 1422 1993 qualche
1437 1961 1518 1983 cosa.
1563 1949 1637 1981 EA.
1655 1950 1770 1981 Nescio

312 1999 392 2038 quod
407 2008 552 2037 magnum
568 1998 681 2028 malum
692 1997 831 2037 profecto
848 1998 1006 2028 Parmeno
1023 2008 1070 2027 me
1085 1998 1174 2028 celat.
1199 2001 1235 2026 ut
1251 1995 1325 2026 haec
1343 2003 1482 2025 aversus
1500 1992 1542 2024 ad
1559 1997 1770 2033 spectatores

310 2040 470 2071 videatur
483 2040 606 2071 dixisse
634 2040 843 2080 Pamphilus.
882 2041 984 2071 IVest.
1035 2040 1132 2070 Vett.
1148 2048 1262 2070 omnes
1280 2042 1316 2068 et
1333 2037 1402 2067 Ms.
1418 2037 1458 2068 R.
1473 2047 1520 2068 me
1535 2036 1647 2067 celant.
1674 2036 1772 2067 Lind.

310 2083 433 2115 Nostri
449 2092 564 2113 omnes
579 2083 691 2118 celant,
705 2083 767 2113 nisi
781 2083 869 2122 quod
883 2093 966 2113 unus
979 2084 1068 2114 celat.
1091 2083 1193 2112 Bent.
1230 2081 1341 2112 Celant
1351 2080 1431 2120 Bip.
1456 2080 1512 2111 ubi
1526 2083 1676 2118 notatur,
1690 2079 1700 2096 ⁴
1715 2078 1773 2109 alii

313 2131 433 2157 contra
449 2125 550 2156 fidem
568 2126 650 2157 Mss.
669 2131 742 2164 opt.
760 2125 898 2156 edidere
915 2127 1006 2156 celas.
1051 2125 1187 2164 Eligant
1201 2124 1347 2154 lectores
1359 2122 1379 2154 :'
1401 2123 1501 2154 celant
1518 2121 1621 2153 Both.
1636 2121 1698 2152 Br.
1723 2131 1772 2152 ce·

313 2169 360 2199 Las
373 2168 466 2199 Peri.
504 2178 634 2199 uxorem
651 2168 731 2199 enim
747 2169 833 2198 Phil.
850 2169 1037 2198 Rota—42
1065 2169 1129 2198 Cur·
1153 2167 1186 2197 id
1211 2166 1288 2197 mihi
1301 2175 1362 2196 non
1377 2165 1444 2195 duo
1467 2166 1551 2196 Mss.
1570 2173 1590 2195 e
1610 2163 1719 2196 Boecl.
1736 2168 1773 2196 et

313 2211 361 2242 sic
378 2213 386 2228 ‘
401 2211 477 2250 lege
494 2221 536 2241 ex
553 2211 676 2242 nostris
694 2209 766 2241 fere
780 2210 958 2241 omnibns.’
983 2211 1079 2241 Bent.
1102 2219 1201 2250 quem
1217 2208 1373 2250 sequitur
1391 2208 1493 2240 Both.
1510 2207 1657 2238 ssr.-43
1674 2207 1775 2239 Bem-

312 2253 393 2285 Bas.
406 2254 486 2284 vat.
500 2258 534 2284 et
551 2254 644 2284 Vict.
661 2263 780 2284 nemon.
806 2255 865 2284 Fa.
912 2253 1031 2283 Nostri
1049 2262 1182 2292 qnoque
1199 2261 1319 2282 nemon.
1352 2252 1456 2282 Bent.
1512 2250 1552 2281 In
1570 2248 1652 2279 libb.
1669 2250 1774 2290 antiq.

314 2296 509 2336 expressius
533 2306 671 2326 nemone.
695 2296 873 2326 perh—<14
900 2297 995 2326 Bem.
1011 2301 1046 2326 et
1064 2296 1155 2326 vict.
1171 2298 1268 2326 cerm.
1292 2295 1350 2325 Fa.
1384 2292 1501 2324 Nostri
1517 2295 1647 2323 certum.
1669 2292 1773 2323 Bent.

313 2343 397 2370 certo
415 2339 493 2378 Bip.
508 2339 695 2369 Both—46
720 2339 759 2369 In
775 2342 805 2369 te
821 2342 867 2368 est
885 2339 968 2369 Mss.
985 2337 1121 2378 qnidam
1137 2342 1170 2368 et
1187 2337 1269 2367 editi
1288 2340 1365 2377 post
1380 2335 1452 2366 ΕΡ.
1469 2335 1518 2366 ita
1532 2343 1666 2376 quoque
1687 2335 1696 2352 ‘
1715 2335 1773 2365 ali-

314 2382 372 2422 qui
389 2381 465 2412 libri
481 2381 629 2412 habent:
654 2381 750 2411 Bem.
768 2391 861 2419 vero,
881 2382 973 2411 ullum
997 2381 1099 2417 inesl;
1125 2381 1201 2411 Vat.
1219 2380 1296 2410 Bas.
1314 2384 1350 2409 et
1364 2379 1432 2417 alii,
1444 2387 1484 2408 ac
1502 2377 1570 2408 Do.
1586 2377 1682 2407 ullum
1696 2378 1730 2408 in
1745 2380 1776 2409 le

312 2424 417 2460 inest‚·
439 2433 539 2465 qnam
557 2428 592 2454 et
610 2433 719 2453 veram
740 2424 919 2454 lectionem
938 2423 1165 2460 arbitramur;
1197 2427 1231 2452 et
1248 2431 1290 2453 ex
1307 2422 1387 2452 Vat.
1405 2426 1441 2452 et
1459 2421 1538 2451 Bas.
1554 2420 1698 2459 legimus
1723 2429 1775 2459 pe-

313 2466 449 2497 riclum.’
475 2467 534 2497 Fa.
563 2468 572 2483 ‘
588 2466 793 2496 Concinnius
818 2466 863 2501 id,
886 2476 952 2506 qno
972 2466 1070 2497 Bem.
1086 2475 1145 2496 nos
1162 2465 1268 2502 ducit,
1283 2465 1368 2494 Nam
1383 2464 1412 2494 si
1422 2463 1572 2504 periclum
1587 2463 1622 2493 in
1635 2465 1665 2493 te
1679 2463 1777 2493 ullum

313 2508 417 2540 inest.¹
440 2510 543 2540 Bent.
588 2509 628 2539 In
638 2512 668 2539 le
678 2509 773 2539 ullum
790 2509 869 2540 inest
885 2509 963 2548 Bip.
981 2518 1056 2539 cnm
1075 2513 1166 2544 nota,
1192 2512 1199 2524 ‘
1217 2508 1274 2538 aiii
1291 2507 1451 2537 ordinant
1465 2506 1562 2537 ullum
1576 2505 1610 2536 in
1625 2507 1669 2542 le,
1684 2505 1773 2546 qnod

314 2552 423 2582 minus
448 2551 673 2582 concinnum.'
706 2551 792 2582 GM.
816 2553 908 2581 ullum
927 2552 958 2581 in
987 2555 1027 2582 te.
1055 2551 1147 2581 Pei-1.
1171 2550 1205 2581 in
1233 2554 1262 2581 te
1288 2550 1393 2581 ullum.
1421 2547 1533 2580 Gueif.
1551 2551 1584 2579 2.
1602 2547 1776 2579 nullum.—

314 2596 355 2624 47
382 2593 450 2625 Hic
468 2594 587 2633 incipit
601 2594 710 2624 Scena
727 2593 791 2624 2da
817 2594 850 2624 in
878 2594 955 2634 Rip.
988 2593 1068 2624 hanc
1092 2593 1190 2624 abest
1218 2603 1237 2623 a
1266 2591 1380 2623 Guelf.
1398 2594 1513 2623 1.-48
1537 2590 1606 2621 Nos
1623 2590 1723 2621 deest
1741 2591 1776 2621 in

314 2636 388 2667 ΕΡ.
424 2646 527 2666 omnes
542 2646 595 2666 nos
611 2636 726 2667 invisos
747 2637 918 2667 GM.—49
942 2637 969 2667 C
987 2636 1164 2666 Sostratam
1180 2635 1289 2675 ipsam.
1308 2635 1354 2675 gl.
1370 2638 1421 2665 est
1437 2641 1556 2665 nomen
1571 2643 1580 2671 3
1605 2632 1775 2673 siqnidem

313 2679 403 2718 ipse,
416 2678 487 2719 ipsa
504 2678 626 2718 passim
643 2679 783 2709 audiunt
806 2679 931 2709 domini
960 2679 1079 2717 servis,
1095 2678 1247 2717 magistri
1265 2677 1452 2717 discipulis,
1467 2680 1504 2707 ut
1521 2674 1636 2707 Graeci
1655 2675 1775 2707 dicunt

314 2720 418 2752 αὐτός.
454 2721 553 2752 Both.
570 2721 625 2761 qui
642 2721 749 2751 edidit
763 2721 829 2751 heri
847 2722 943 2761 ipsam
959 2731 1045 2751 nemo
1060 2722 1160 2752 voluit
1176 2721 1258 2751 intro
1275 2721 1452 2750 admittere.
1480 2719 1489 2735 ‘
1508 2717 1617 2749 Codd.
1636 2717 1775 2758 quidam

312 2764 384 2796 here
399 2764 526 2805 legunt,
539 2763 626 2804 quod
640 2764 803 2794 comicum
818 2764 896 2795 est.’
917 2765 1012 2795 West.
1034 2765 1043 2781 ‘
1061 2763 1150 2796 Pan.
1166 2763 1249 2803 here,
1261 2762 1349 2804 quod
1365 2762 1468 2794 Festo
1482 2761 1595 2803 piacet
1612 2769 1674 2802 pro
1686 2759 1777 2792 heri?
