1966 3302
291 246 402 288 1020
783 260 823 289 Ρ,
857 257 1099 289 TERENTH
1133 257 1252 289 Arm

289 350 363 393 Ab
385 354 564 394 senibus
587 352 643 394 ad
666 353 910 407 potandum
941 360 991 395 ut
1009 354 1222 407 habeam3
1255 367 1357 397 nam
1380 354 1548 409 aliquot
1567 354 1649 397 hos
1672 367 1748 397 su-

635 434 647 460 1
676 433 710 461 s.

289 486 384 530 AN.
415 420 750 529 Seliilffllghzremio
788 486 866 530 'stz
898 488 1003 543 quid
1042 489 1143 531 ais?
1219 490 1380 532 PHOR.
1423 490 1579 541 Quid?
1654 489 1747 531 AN.

460 556 685 606 Quidnam
706 570 817 598 nunc
837 557 1040 599 facturus
1061 558 1300 600 Phaedria?
1717 559 1746 599 5

291 624 394 674 Quo
417 628 552 677 pacto
573 625 825 666 satietatem
846 625 1007 666 amoris
1031 626 1094 667 ait
1116 639 1163 666 se
1185 626 1301 667 velle
1323 628 1529 668 sumere?

291 691 454 734 PHoR.
486 691 704 733 Vicissim
742 696 889 745 partes
923 696 1023 734 tuas
1062 698 1243 735 acturus
1283 698 1366 735 est.
1459 693 1555 735 AN.
1587 693 1747 745 Quas?

465 759 624 802 PHOR.
659 761 720 802 Ut
740 760 895 812 fugitet
914 765 1102 814 patrem.
1435 798 1438 812 ,

291 826 355 868 Te
378 840 503 868 suam
524 828 696 880 rogavit
716 841 887 869 rursum
906 833 957 869 ut
979 841 1144 882 ageres,
1182 841 1364 870 causam
1396 833 1443 871 ut
1479 843 1560 884 pro
1598 843 1646 871 se
1682 829 1748 871 di-

464 909 584 936 ceres
604 910 614 948 3

295 961 412 1005 Nam
430 968 662 1017 potaturus
679 970 754 1007 est
773 965 892 1020 apud
913 979 1007 1008 me:
1039 978 1123 1019 ego
1142 979 1212 1006 me
1233 966 1295 1006 ire
1318 966 1496 1008 senibus
1519 967 1706 1008 Sunium

294 1031 455 1072 Dicam
477 1032 533 1073 ad
557 1036 809 1084 mercatum,
829 1033 1083 1075 ancillulam
1103 1036 1280 1084 emtum,
1299 1046 1428 1086 quam
1446 1034 1613 1076 dudum
1634 1035 1751 1077 dixit

464 1098 603 1151 Geta3
1692 1103 1750 1144 10

288 1205 388 1246 phone
403 1209 433 1237 et
453 1206 626 1247 Chremete,
643 1209 840 1248 concedatur,
855 1219 912 1249 quo
928 1208 1040 1249 possim
1062 1208 1180 1250 poculis
1202 1218 1327 1249 operam
1351 1210 1426 1240 dare
1438 1219 1449 1240 .·
1472 1219 1543 1240 nam
1558 1209 1673 1250 aliquot
1696 1209 1751 1241 hos

291 1249 358 1280 dies
373 1259 491 1280 sumam
507 1251 547 1280 ad
569 1251 792 1290 indulgendum
814 1252 1033 1292 voluptatibus.
1079 1251 1149 1284 AN.
1174 1252 1235 1283 Sed
1259 1253 1406 1283 Phormio
1428 1253 1526 1284 adest.
1574 1253 1659 1288 Quid
1676 1253 1724 1284 als
1738 1257 1751 1284 ?

290 1292 363 1323 Pu.
389 1292 474 1327 Quia
488 1293 561 1324 aio?
604 1293 672 1325 AN.
698 1294 857 1329 Quidnam
881 1296 914 1326 in
934 1295 1101 1335 praesentia
1117 1295 1264 1333 facturas
1288 1299 1333 1326 est
1348 1296 1521 1327 Phoedria?
1544 1297 1689 1336 quomodo
1704 1296 1751 1326 ait

291 1344 323 1365 se
339 1336 415 1366 velle
429 1336 527 1366 amori
542 1346 594 1367 suo
609 1337 799 1375 satisfacere.
845 1338 918 1370 Pu.
944 1339 984 1369 In
999 1339 1097 1370 vicem
1111 1342 1307 1378 suscepturus
1328 1342 1375 1369 est
1396 1342 1503 1378 partes
1519 1342 1588 1369 tuas
1604 1339 1751 1378 agendas.

290 1377 361 1409 ΑΝ.
388 1379 497 1413 Quas?
541 1379 613 1410 PH.
642 1380 684 1410 Ut
699 1381 802 1420 patris
823 1385 1016 1422 conspectum
1024 1381 1145 1420 fugiat.
1192 1383 1234 1412 Te
1249 1382 1372 1421 rogavit
1389 1385 1423 1412 ut
1437 1391 1560 1412 rursum
1574 1391 1659 1412 suam
1676 1391 1750 1420 age-

290 1430 339 1451 res
353 1431 477 1452 causam
492 1423 574 1461 apud
585 1426 719 1462 patrem,
733 1426 763 1454 et
776 1434 831 1463 pro
847 1434 879 1455 se
894 1434 1010 1456 orares.
1036 1425 1122 1456 Nam
1136 1426 1218 1465 apud
1231 1435 1279 1456 me
1293 1428 1521 1463 compotatarus
1535 1428 1593 1456 est.
1617 1425 1688 1463 Ego
1702 1424 1751 1455 ‹12⁴-

291 1473 358 1494 cam
380 1465 501 1495 senibus
523 1466 651 1501 nostris,
670 1466 854 1506 Demiphoni
870 1470 899 1498 et
918 1467 1088 1506 Chremeti,
1103 1478 1150 1499 me
1170 1468 1326 1509 proficisci
1349 1468 1482 1498 Sunium
1504 1469 1544 1498 acl
1570 1470 1752 1506 mercatum,

291 1506 468 1543 ancillulam
481 1511 515 1539 ut
531 1518 628 1539 emam
643 1510 680 1540 de
694 1520 752 1550 qua
771 1510 854 1541 Geta
868 1511 985 1542 locutus
999 1514 1045 1542 est
1061 1511 1126 1542 illis
1131 1511 1336 1552 jampridem,
1352 1521 1388 1542 ne
1404 1511 1455 1542 hic
1469 1520 1517 1542 me
1532 1521 1592 1542 non
1612 1511 1752 1542 videntes

904 1606 1140 1619 eeeeeeeeeeee

293 1670 386 1701 varie
401 1671 589 1702 collocatur
606 1672 638 1703 in
655 1673 741 1705 Mss.
759 1677 793 1704 et
812 1674 911 1705 editis
927 1674 1087 1716 antiquis.
1133 1673 1289 1706 Exhibeo
1305 1672 1501 1710 lectionem,
1517 1681 1616 1714 quam
1634 1671 1753 1703 laudat

293 1712 466 1745 Faernus!
487 1714 587 1746 West.
612 1716 722 1747 Etiam
738 1717 837 1749 abest
854 1727 873 1748 a
891 1717 1006 1749 Guelf.
1025 1720 1121 1749 1.—4
1146 1718 1342 1748 portandum
1358 1714 1475 1748 Guelf.
1492 1718 1524 1746 2.
1548 1714 1644 1745 abest
1661 1716 1715 1746 hos
1734 1725 1753 1746 a

291 1755 408 1788 Guelf.
426 1760 520 1788 1.—5
547 1758 629 1789 Mss.
646 1765 680 1790 et
695 1759 773 1791 edd.
790 1760 948 1801 quaedam
964 1763 1061 1792 adest.
1085 1761 1194 1793 West.
1241 1761 1395 1791 Facturus
1410 1762 1456 1789 est
1481 1758 1601 1799 optimi
1621 1758 1750 1799 aliquot

291 1799 421 1838 nostri3
444 1801 521 1840 lege
538 1800 712 1839 facturus!-
736 1802 836 1834 Bent.
865 1804 965 1835 etsie
991 1804 1069 1844 Bip.
1087 1804 1179 1835 Perl.
1216 1803 1366 1842 facturus
1390 1805 1435 1833 est
1460 1802 1521 1832 Br.
1546 1800 1634 1832 Bod.
1664 1801 1752 1832 GM.

292 1842 301 1858 ‘
318 1842 630 1881 Quidnamficcturas
644 1848 689 1875 est
713 1845 798 1877 Mss.
827 1847 962 1887 quidam
980 1852 1016 1877 et
1032 1847 1186 1887 impressi
1210 1851 1287 1887 post
1305 1845 1386 1876 EP!
1417 1844 1584 1875 ”fest—6
1611 1843 1752 1878 Quonam

293 1885 402 1916 Codd.
421 1887 570 1926 quidam.
593 1888 687 1919 West.
705 1888 788 1919 Mox
805 1889 961 1921 absumere
976 1890 1064 1921 Bod.
1081 1891 1123 1922 G.
1142 1891 1209 1922 ΜΞ.
1226 1890 1321 1929 Lips.
1338 1887 1566 1927 antiquissimi
1583 1886 1673 1926 apud
1691 1886 1751 1916 Fa.

292 1932 329 1958 et
345 1928 500 1970 plerique
519 1930 608 1970 apud
627 1931 727 1963 Rent.
743 1932 752 1948 ‘
763 1933 852 1972 quod
871 1933 1100 1974 emphaticum
1112 1933 1218 1973 magis
1233 1931 1307 1962 est!
1327 1931 1426 1962 West.
1443 1933 1480 1960 et
1495 1930 1542 1960 sic
1555 1929 1636 1968 Bip.
1649 1928 1752 1960 Both.

291 1970 353 2001 ΒΓ.
382 1971 536 2004 Peri—7
564 1973 649 2008 Quas
675 1974 812 2005 omnino
834 1975 910 2006 acui
942 1975 1057 2007 debet.
1104 1977 1245 2017 Repone
1268 1973 1325 2004 uti.
1348 1974 1452 2004 Bent.
1476 1981 1575 2013 quem
1601 1971 1753 2012 sequitur

291 2013 459 2045 Both-8
485 2015 569 2046 Haec
588 2016 810 2056 plurimorum
828 2018 991 2049 Codicum
1008 2018 1111 2050 lectio
1128 2023 1193 2057 est,
1218 2027 1294 2048 cum
1310 2017 1393 2047 Mss.
1408 2020 1479 2046 tum
1496 2015 1750 2063 impressorurn.

292 2056 442 2088 Fa'essrnus
460 2061 572 2089 tamen
589 2068 631 2089 ex
648 2060 745 2091 Bem.
761 2060 890 2100 laudat,
907 2061 948 2092 Te
962 2071 1033 2092 suas
1048 2061 1172 2100 rogavit
1187 2069 1310 2091 rursum
1325 2062 1357 2090 ut
1373 2067 1492 2097 ageres.
1515 2067 1615 2098 quam
1636 2057 1754 2089 lectio·

292 2108 369 2130 nem
387 2110 500 2131 veram
518 2100 603 2132 dicit
618 2102 750 2144 Tanaq.
768 2103 891 2142 Faber,
907 2104 1049 2135 alteram
1067 2105 1235 2135 vitiosam.
1280 2103 1326 2133 Et
1351 2101 1458 2143 possit
1475 2100 1584 2132 videri
1606 2099 1687 2148 Saus
1704 2110 1754 2131 re-

292 2141 468 2174 ferendum
487 2144 527 2175 ad
548 2145 671 2177 Partes.
718 2147 841 2187 Neque
864 2147 936 2178 fieri
955 2147 1200 2188 propemodum
1217 2150 1344 2187 potest,
1370 2149 1407 2176 ut
1423 2143 1523 2175 aliter
1538 2144 1663 2183 legerit
1681 2143 1754 2174 Do-

292 2190 403 2224 natus„
427 2196 631 2228 quamquam
647 2197 737 2220 nunc
752 2190 851 2229 vulgo
868 2190 980 2221 editur
996 2191 1147 2221 Partem:
1172 2188 1259 2231 quod
1288 2197 1350 2219 nec
1370 2186 1558 2228 praecessit,
1579 2196 1643 2217 nec
1660 2187 1751 2217 Lati-

293 2237 373 2259 num
399 2230 481 2261 satis
497 2231 647 2262 videtur.
677 2231 766 2263 Vide
790 2242 891 2273 porro
910 2233 1058 2264 Rivium.
1085 2233 1180 2264 West.
1211 2231 1307 2263 Suam
1324 2230 1462 2272 quidem
1477 2229 1559 2269 legit
1578 2229 1752 2265 Donatus,

294 2272 510 2312 subaudiens,
531 2277 664 2314 partem,
684 2275 762 2307 mihi
781 2281 894 2309 tamen
912 2276 1018 2316 magis
1035 2276 1151 2316 placet
1166 2285 1250 2313 suas,
1266 2275 1355 2315 quod
1374 2278 1427 2304 est
1443 2273 1475 2303 in
1502 2273 1599 2303 Rem.
1622 2277 1657 2303 et
1674 2271 1753 2302 sub-

294 2314 395 2345 audio
409 2318 529 2355 partes.
557 2317 616 2350 Fa.
651 2317 772 2349 Nostri
786 2328 901 2352 ornnes
920 2328 1098 2360 perperam
1114 2329 1212 2350 suam.
1237 2318 1340 2349 Bent.
1368 2316 1448 2347 Suas
1463 2315 1542 2356 Bip.
1559 2315 1653 2348 Peri.
1678 2325 1752 2346 suas

296 2381 303 2389 .
319 2381 326 2389 .
341 2367 482 2396 gereres
505 2360 606 2392 Both.
635 2361 714 2401 quia
739 2362 771 2392 in
796 2362 876 2395 Hel.
904 2367 956 2393 est
979 2372 1093 2401 geres:
1117 2366 1152 2393 at
1179 2361 1239 2391 ΒΓ.
1262 2370 1369 2391 suam.
1386 2368 1535 2397 ..ageres
1555 2367 1693 2395 causam,
1709 2361 1753 2394 et,

293 2401 416 2431 omisso
431 2405 539 2433 teu—9
563 2402 694 2434 Sunium
719 2404 817 2436 abest
842 2415 861 2436 a
883 2404 998 2436 Guelf.
1024 2407 1143 2436 3.-10
1168 2404 1270 2439 Quam
1282 2404 1398 2434 dudum
1413 2401 1498 2433 dixit
1518 2400 1618 2440 Geta]
1651 2400 1753 2431 Unde

293 2443 356 2473 hoc
373 2443 548 2484 absonum,
566 2451 703 2477 tacente
721 2447 872 2478 Faerno?
909 2447 1027 2479 Nostri
1044 2447 1190 2479 universi
1207 2456 1282 2477 cum
1302 2445 1387 2476 Edd.
1405 2448 1491 2475 vett.
1518 2445 1648 2474 Dudum
1663 2453 1753 2492 quam

294 2486 379 2516 (lixit
409 2487 504 2519 Geta.
528 2489 629 2520 Bent.
676 2490 761 2521 Mss.
791 2491 926 2530 plurimi
950 2492 1065 2523 dudam
1089 2500 1191 2530 quam.
1217 2490 1323 2520 West.
1347 2491 1381 2519 et
1408 2487 1456 2518 sic
1483 2485 1598 2517 Guelf.
1617 2489 1647 2518 3.
1673 2486 1752 2535 1319.

294 2528 397 2560 Both.
415 2531 474 2562 Br.
499 2536 533 2562 at
547 2531 661 2564 Guelf.
680 2535 709 2564 1.
725 2533 775 2564 ita
791 2543 890 2565 voces
907 2534 1042 2564 ordinat
1057 2534 1172 2564 Dicam
1185 2542 1212 2564 e.
1225 2533 1265 2563 ad
1280 2542 1320 2563 m.
1335 2529 1480 2561 ancillam
1495 2529 1581 2560 illam
1595 2530 1646 2561 du.
1663 2540 1692 2570 q.
1707 2530 1752 2560 dt.

950 2608 1090 2640 NOTAE

339 2673 357 2701 7
382 2671 496 2702 Partes
522 2676 591 2703 tuas
614 2674 752 2715 acturus]
779 2675 997 2706 Translatum
1052 2671 1328 2706 Promontorium
1359 2675 1471 2702 ortum
1505 2672 1674 2709 spectans,
1706 2668 1753 2699 vi-

297 2731 316 2752 a
333 2722 478 2753 scenicis
499 2721 694 2755 Actoribus.
724 2724 765 2755 Id
783 2730 850 2766 est,
878 2730 911 2757 te
924 2726 996 2757 imi·
1051 2736 1127 2757 cum
1144 2724 1272 2755 habens
1303 2721 1453 2763 ejusdem
1484 2718 1639 2760 nominis,
1662 2727 1751 2751 nunc

297 2775 431 2802 taturus
448 2776 513 2803 est.
1051 2782 1210 2809 vocatum
1229 2773 1312 2806 Cabo
1328 2773 1405 2805 delle
1420 2771 1557 2802 colunne.

342 2825 362 2855 9
387 2821 533 2862 Sunium]
560 2824 756 2857 Extremum
785 2830 837 2857 est
868 2825 995 2859 Atticae
