1966 3302
329 233 414 278 620
828 248 869 279 P.
901 248 1141 279 TERENTii
1176 251 1292 282 Arai

329 339 477 382 Amici
497 355 676 396 quoque
694 354 777 393 reS‚
799 341 958 393 Clinia,
979 344 1046 384 tui
1066 345 1111 385 in
1132 349 1228 386 tuto
1249 350 1297 388 ut
1317 347 1559 389 collocetur
1577 362 1588 390 z

330 407 449 449 Nam
470 409 509 450 si
531 422 646 450 nunc
668 423 694 450 a
714 410 845 450 nobis
869 411 982 460 abis,
1007 416 1053 452 et
1074 411 1343 454 Bacchidem
1364 415 1437 456 hic
1457 416 1684 470 relinquis,

331 475 481 516 Senex
501 477 713 517 resciscet
733 476 868 527 illico,
890 490 990 518 esse
1008 479 1196 520 amicam
1217 481 1327 522 hanc
1350 481 1644 535 Clitiphonis:

330 542 380 583 Si
401 543 657 593 abduxeris,
677 544 895 586 celabitur
914 545 1080 596 itidem,
1102 552 1151 588 ut
1173 549 1319 589 celata
1340 549 1485 590 adhuc
1508 554 1589 591 est.
1733 550 1789 592 20

330 609 417 651 Cn.
447 611 511 652 At
532 612 648 653 enim
669 612 782 653 istoc
805 613 910 654 nihil
939 619 1008 655 est
1037 615 1194 668 magis,
1233 617 1358 670 Syre,
1390 618 1498 657 meis
1521 618 1688 671 nuptiis
1712 617 1789 658 ad-

501 693 707 722 vorsum:

334 745 451 787 Nam
473 760 563 800 quo
586 760 659 788 ore
681 748 917 801 appellabo
937 751 1142 803 patrem?
1173 755 1312 802 tenes,
1334 753 1438 806 quid
1461 753 1607 795 dicam
1626 754 1645 794 ’ἱ
1706 752 1789 794 SY.

506 813 629 864 Quid
650 815 696 855 ni
711 815 730 855 ‘l

334 880 418 922 CL.
451 880 571 932 Quid
594 882 771 925 dicam?
804 897 937 937 quam
957 898 1138 926 causam
1159 885 1367 928 afferam?
1429 888 1514 929 SY.
1546 887 1668 939 Quin
1688 887 1791 928 nolo

505 949 729 991 mentiare.

334 1017 517 1072 Aperte,
540 1018 604 1059 ita
619 1022 669 1059 ut
687 1031 757 1060 res
778 1032 879 1061 sese
901 1019 1051 1072 habet,
1072 1025 1260 1063 narrato.
1305 1020 1388 1062 Cn.
1413 1022 1536 1074 Quid
1556 1022 1657 1065 ais'?
1707 1022 1792 1064 SY.

505 1085 535 1127 J
540 1087 668 1128 ubeo.

335 1153 469 1195 Illam
489 1158 533 1194 te
554 1166 716 1205 amare,
736 1160 780 1196 et
802 1156 919 1197 velle
940 1169 1121 1198 uxorem
1139 1170 1149 1198 ε
1180 1157 1296 1199 hanc
1317 1172 1415 1199 esse
1439 1159 1717 1213 Clitiphonis.
1737 1158 1795 1199 25

338 1219 423 1263 Cn.
454 1222 629 1263 Bonam
666 1227 798 1278 atque
827 1224 996 1278 justam
1033 1238 1123 1266 rem
1155 1226 1325 1280 oppido
1358 1225 1568 1281 imperas,
1597 1232 1643 1268 et
1671 1226 1794 1268 sactu

507 1290 709 1345 facilem;

338 1356 395 1398 Et
415 1357 587 1400 scilicet
600 1358 695 1413 jam
715 1373 783 1402 me
803 1361 889 1402 hoc
908 1360 1030 1402 voles
1052 1363 1224 1415 patrem
1245 1374 1446 1412 exorare,
1469 1364 1518 1402 ut
1537 1361 1649 1403 celet

340 1479 431 1509 amici
445 1480 492 1510 tui
511 1479 698 1519 Clitiphonis
713 1481 746 1512 in
767 1485 869 1512 tutum
887 1482 984 1512 locum
998 1482 1168 1514 deducatur
1178 1494 1189 1515 .·
1210 1491 1282 1512 nam
1300 1481 1331 1512 si
1345 1491 1426 1512 minc
1441 1481 1571 1513 discedis
1582 1482 1653 1512 hinc
1666 1491 1685 1512 a
1696 1481 1798 1521 nobis,

338 1522 447 1552 relicta
462 1522 511 1553 liic
526 1523 696 1562 Bacchide,
710 1525 817 1555 statim
836 1525 982 1556 Chremes
1007 1528 1132 1565 repente
1155 1527 1316 1563 cognoscet
1341 1534 1407 1555 eam
1422 1525 1521 1555 amari
1536 1535 1554 1555 a
1571 1524 1664 1565 filio.-
1687 1524 1716 1555 si
1731 1534 1799 1555 eam

340 1567 440 1595 tecum
458 1565 529 1596 hinc
544 1576 564 1596 a
578 1566 665 1597 nobis
680 1568 818 1606 duxeris,
833 1567 900 1607 ipsa
925 1566 1076 1598 celabitur
1101 1568 1167 1607 ejus
1189 1577 1254 1598 esse
1277 1567 1388 1606 amica,
1404 1568 1450 1598 ita
1467 1570 1500 1597 ut
1516 1567 1573 1598 huc
1588 1577 1682 1608 usque
1696 1568 1795 1597 celata

339 1611 396 1637 est.
445 1608 506 1638 CL.
533 1609 658 1646 Verum,
675 1620 691 1640 o
705 1610 797 1650 Syre,
813 1610 894 1640 nihil
908 1609 1009 1649 magis
1024 1610 1215 1641 contrarium
1225 1609 1298 1640 meis
1307 1609 1428 1649 nuptiis
1437 1611 1499 1641 ista
1509 1619 1557 1649 re,
1572 1619 1663 1650 quam
1678 1619 1800 1642 mones:

338 1659 410 1680 nom
426 1660 485 1690 qna
492 1650 600 1688 fronte
616 1653 721 1684 videbo
736 1658 870 1693 patrem,
886 1653 939 1683 ubi
954 1654 1071 1684 duxero
1093 1663 1212 1683 mecum
1229 1652 1441 1684 Bacchidem?
1473 1652 1542 1683 Scis
1557 1652 1633 1692 quid
1646 1653 1738 1683 velim
1751 1652 1799 1682 di-

339 1702 416 1724 cere.
462 1694 523 1725 SY.
550 1696 614 1725 Cur
631 1706 689 1726 non
703 1697 799 1726 sciam
810 1693 826 1726 ?
872 1696 932 1726 CL.
959 1695 1044 1730 Quid
1059 1696 1171 1735 dicam,
1198 1698 1254 1726 aut
1274 1705 1367 1735 quam
1392 1694 1544 1725 rationem
1558 1696 1704 1726 reddam?
1737 1695 1800 1727 Sv.

347 1735 451 1766 Etiam
467 1738 536 1767 nolo
554 1748 619 1768 eam
646 1739 810 1774 reddendo,
825 1741 860 1769 ut
874 1738 1047 1769 mentiaris.
1095 1739 1198 1774 Clare,
1225 1741 1255 1768 et
1280 1747 1352 1768 vere
1372 1737 1516 1778 est-ponito
1531 1738 1576 1776 id,
1589 1738 1667 1778 quod
1681 1746 1730 1767 res
1744 1741 1800 1768 est.

343 1778 404 1809 CL.
430 1779 514 1814 Quid
529 1779 634 1813 dicis?
676 1781 739 1812 SY.
763 1781 834 1812 Volo
848 1781 1006 1822 significes
1021 1784 1052 1812 te
1066 1790 1170 1811 amare
1186 1780 1397 1821 Antiphilam,
1418 1783 1448 1811 et
1464 1783 1494 1811 le
1510 1790 1575 1811 eam
1590 1781 1669 1811 velle
1690 1780 1801 1811 habere

342 1830 482 1860 uxorem,
497 1826 527 1853 et
544 1823 733 1858 Bacchidem
747 1833 812 1857 esse
826 1825 958 1858 amicam
975 1824 1174 1864 Clitiphonis.
1212 1823 1271 1856 CL.
1289 1823 1409 1854 Suades
1423 1832 1493 1853 vero
1507 1833 1573 1854 rem
1589 1823 1678 1854 valde
1693 1822 1802 1853 bonam

341 1866 373 1894 et
388 1874 520 1907 (equam,
534 1875 589 1897 nec
605 1865 698 1904 factu
724 1867 878 1909 difficilem
890 1878 902 1905 ‚·
927 1871 962 1898 tu
986 1867 1105 1898 scilicet
1120 1868 1201 1898 voles
1217 1866 1272 1896 lioc
1288 1876 1334 1898 me
1348 1866 1513 1907 impetrare
1528 1875 1547 1896 a
1563 1865 1664 1897 Patre
1674 1868 1709 1896 ut
1724 1866 1802 1897 celet

948 1962 1187 1975 eeeeeeeeeee

345 2026 499 2058 omnibus
527 2037 608 2059 vero
635 2027 734 2059 abest
764 2028 864 2060 hanc.’
887 2029 988 2059 Bent-
1043 2028 1124 2068 Apti
1151 2027 1230 2067 Rip.
1254 2026 1360 2058 Both.
1388 2025 1427 2056 Z.
1483 2024 1601 2065 Adepti
1626 2023 1712 2055 GM.
1742 2024 1804 2056 ΒΓ.

345 2071 474 2111 Delph.
518 2071 656 2102 Frustra
679 2081 725 2110 op.
751 2082 800 2111 op.
821 2072 898 2102 lianc
924 2081 1008 2102 sumo
1034 2081 1159 2111 operam
1182 2069 1299 2102 Guelf.
1328 2073 1358 2101 l.
1406 2068 1500 2099 Hanc
1522 2066 1748 2116 ante-frastra
1771 2070 1802 2099 3.

345 2113 455 2145 Deest
471 2123 592 2154 operam
609 2117 724 2144 2.—17
751 2114 805 2145 ΑΙ.
829 2124 878 2145 res
894 2118 957 2145 est:
982 2118 1021 2145 ut
1036 2124 1112 2154 sup.
1139 2123 1186 2144 vs.
1210 2115 1349 2145 11.-i9
1374 2111 1468 2142 Editi
1494 2111 1732 2152 antiquissimi,
1748 2111 1802 2141 vel

346 2157 473 2194 Noster,
490 2157 542 2188 vel
561 2157 674 2187 Noster
688 2166 792 2188 senex.
837 2157 1028 2198 Utrumque
1045 2163 1097 2188 est
1113 2157 1145 2187 in
1162 2156 1248 2187 Mss.
1296 2155 1416 2186 Noster
1438 2154 1482 2186 G.
1502 2154 1570 2185 ET.
1596 2154 1678 2184 ΕΜ.
1704 2152 1804 2184 West.

346 2201 355 2215 ‘
373 2199 425 2229 Ex
442 2200 538 2230 Bem·
554 2209 613 2230 suo
640 2200 698 2230 Fa.
722 2199 826 2230 Senex
852 2200 977 2230 edidit:
1005 2200 1061 2230 alii
1083 2208 1198 2230 omnes
1214 2197 1341 2238 ubique
1361 2198 1497 2228 Noster:
1519 2199 1634 2227 recte:
1658 2199 1694 2226 et
1707 2204 1804 2226 senex

347 2242 420 2281 ejus
436 2242 781 2282 interpretamentum
799 2242 873 2273 est!
900 2243 995 2273 Bent.
1041 2243 1157 2273 Noster
1173 2242 1232 2272 ΒΓ.
1250 2241 1343 2271 Peri.
1381 2239 1484 2270 Senex
1499 2239 1600 2270 Both.
1617 2238 1656 2269 Z.
1675 2237 1804 2286 Delpli.

347 2288 430 2315 —21
456 2286 519 2315 Vir
536 2285 704 2322 eruditus,
728 2286 737 2302 ‘
752 2285 990 2324 niiiuerorum,'
1007 2285 1127 2326 inquit,
1143 2286 1152 2302 ‘
1169 2284 1279 2325 gratia
1291 2283 1411 2314 lubens
1424 2283 1587 2330 legerem,
1601 2289 1702 2320 inagis
1717 2289 1804 2329 meis,

348 2326 428 2368 Syre
439 2326 459 2358 :’
481 2327 542 2358 sed
559 2337 649 2367 saepe
666 2328 817 2358 ostendit
830 2329 947 2358 tiorum
969 2337 1004 2358 se
1020 2337 1236 2358 numerorum
1253 2335 1370 2366 pai-uin
1387 2328 1550 2355 scientem
1564 2332 1650 2355 esse.
1685 2322 1805 2371 Velius

349 2371 487 2412 Longus
512 2381 544 2411 p.
561 2373 655 2402 2236.
680 2372 689 2388 ⁶
704 2371 844 2410 Antiqui
861 2370 1022 2401 dixerunt
1036 2371 1109 2402 miis
1124 2370 1222 2410 peri,
1239 2378 1305 2399 non
1321 2367 1396 2399 meis
1410 2377 1471 2407 per
1485 2376 1501 2397 e
1512 2377 1523 2397 .·
1547 2371 1585 2397 iit
1601 2366 1804 2396 Terentius:

349 2414 358 2431 ‘
380 2413 420 2444 A.
437 2423 467 2444 e.
485 2414 507 2444 i.
535 2414 619 2443 nihil
645 2417 698 2444 est
728 2414 846 2453 magis,
861 2414 958 2454 Syre,
975 2414 1046 2444 miis
1060 2413 1187 2453 nuptiis
1212 2409 1434 2442 adversum.”
1479 2408 1608 2441 Eodem
1624 2407 1804 2439 verborum

349 2456 481 2487 ordine.
496 2456 678 2487 Bent.—23
696 2457 900 2487 Concinnius
916 2455 1036 2487 fuerit:
1064 2456 1150 2491 Quid
1163 2455 1284 2486 dicam?
1305 2454 1378 2494 quid
1396 2461 1495 2484 carusoe
1510 2448 1667 2492 afferam?
1691 2450 1745 2481 Id.
1762 2450 1805 2481 In

349 2499 470 2529 ‘libris
500 2499 656 2540 quibusd.
687 2499 795 2534 Quid?
818 2499 885 2529 nolo
901 2500 1062 2530 mentiare.
1107 2498 1180 2539 [Ita
1195 2497 1337 2537 Delph.]
1374 2497 1443 2527 Do.
1467 2499 1586 2543 tuetur
1610 2494 1689 2524 lect.
1719 2493 1808 2541 vulg.

353 2541 397 2572 ad
415 2542 503 2572 Eun.
522 2551 563 2572 11.
584 2544 613 2572 l.
631 2540 675 2572 6!
697 2542 796 2574 PVest.
833 2542 892 2572 Br.
919 2542 1021 2577 Quid:
1044 2542 1113 2572 nolo
1129 2540 1277 2572 mentiare
1289 2539 1419 2579 Aperte.
1446 2537 1531 2573 Quid
1547 2535 1716 2584 improbat
1729 2536 1808 2576 Bip.

356 2584 400 2615 Ut
426 2588 520 2615 ment.
556 2583 672 2616 Guelf.
700 2586 818 2615 3.-24
843 2584 899 2615 Sic
924 2585 1079 2615 codicum
1097 2582 1258 2625 quicquid
1274 2582 1400 2622 ubique
1416 2584 1481 2611 est.
1523 2578 1590 2610 Sed
1608 2578 1683 2609 Vide
1706 2587 1809 2619 quan-

353 2632 388 2657 io
406 2626 604 2657 concinnius
622 2628 787 2667 est,quod
805 2626 943 2657 daturus
959 2637 1044 2665 sum,
1064 2626 1191 2668 Aperte,
1205 2626 1251 2656 ita
1266 2628 1301 2656 ut
1316 2634 1365 2655 res
1383 2632 1444 2654 sese
1459 2621 1564 2660 habet,
1591 2630 1730 2652 narrare.
1741 2621 1808 2669 Cr..

356 2670 440 2704 Quid
453 2670 519 2700 ais?
564 2670 626 2701 Sv.
648 2669 768 2700 Jubeo:
800 2670 953 2700 Narrare.
993 2670 1160 2700 Dicturus
1178 2673 1253 2699 erat
1277 2668 1384 2707 Syrus
1414 2667 1423 2683 ‘
1442 2662 1589 2697 Jubeoz'
1623 2663 1681 2694 sed
1698 2663 1809 2694 Cinna

354 2712 578 2743 admiratione
606 2721 784 2752 percussus
812 2712 1058 2752 interpellavit,
1082 2711 1227 2743 dicendo
1254 2711 1263 2728 ‘
1282 2709 1373 2742 Quid
1398 2708 1446 2739 ais
1458 2706 1480 2737 ?’
1513 2707 1608 2738 Beni.
1652 2705 1808 2754 Probant

354 2756 456 2786 Both.
474 2756 553 2796 Bip.
571 2755 665 2785 Peri.
691 2754 798 2785 Abest
813 2754 858 2785 ita
874 2754 990 2788 Guelf.
1007 2758 1123 2785 3.-25
1148 2755 1284 2785 Uxorem
1313 2751 1419 2792 ipsius
1446 2751 1649 2798 iege-versus
1665 2757 1808 2788 primam

353 2798 407 2830 liic
424 2798 586 2840 corripit:
611 2798 750 2839 indigna
765 2806 847 2829 sane
871 2798 977 2829 venia.
1022 2797 1112 2828 Vide
1139 2807 1181 2828 an
1204 2795 1351 2828 fortasse
1373 2793 1564 2835 scripserit,
1588 2791 1688 2823 Illanc
1702 2800 1806 2822 amare
