1966 3302
320 193 405 235 870
812 202 852 231 r.
885 199 1128 230 TERENTM
1161 199 1280 231 ΛΜΗ

326 297 395 338 Mi
419 297 672 351 Pamphile,
694 295 779 337 hoc
801 300 845 337 et
867 295 1009 345 vobis,
1031 300 1075 338 et
1104 308 1214 338 meae
1245 295 1526 337 commodum
1554 295 1685 337 famae
1706 307 1775 337 ar-

493 366 654 407 bitror:
1349 402 1351 404 .

323 433 419 487 Ego
451 446 522 474 rus
555 432 772 474 abituram
813 431 915 472 hinc
956 444 1058 472 cum
1091 436 1169 472 tuo
1204 444 1273 472 me
1304 443 1402 472 esse
1441 433 1562 472 certo
1597 429 1775 471 decrevi

494 503 637 555 patre,
1719 498 1779 540 10

324 568 396 610 Ne
418 581 519 610 mea
540 567 783 622 praesentia
805 567 966 617 obstet,
987 579 1074 607 neu
1094 579 1231 608 eausa
1248 566 1338 608 ulla
1358 570 1498 608 restet
1516 567 1704 620 reliqua,

324 636 445 688 Quin
479 642 557 678 tua
589 636 850 677 Philumena
886 634 942 677 ad
974 640 1016 677 te
1052 635 1216 679 redeat.
1287 635 1421 678 PAM.
1453 634 1640 686 Quaeso,
1671 633 1778 689 quid

493 703 611 745 istuc
632 704 808 745 consilii
829 704 932 744 est?

324 772 454 814 Illius
477 772 671 814 stultitia
691 772 827 822 victa,
844 784 902 812 ex
922 771 1032 813 urbe
1053 775 1103 812 tu
1124 784 1198 813 rus
1219 771 1465 812 habitatum
1486 770 1645 824 migres
1660 769 1682 811 ‘l

324 839 430 882 Non
450 841 591 882 facies
608 855 618 883 :
641 853 787 893 neque
808 840 967 892 sinam,
988 843 1050 891 ut,
1072 840 1148 894 qui
1168 840 1310 890 nobis,
1326 844 1478 891 mater,
1492 838 1777 881 maledictum

497 909 620 959 velit,

324 977 431 1018 Mea
452 978 696 1031 pertinacia
714 989 812 1017 esse
833 976 956 1017 dicat
973 976 1157 1026 factum,
1178 976 1294 1017 haud
1315 980 1391 1017 tua
1410 975 1642 1017 modestia.
1720 974 1778 1015 15

323 1045 439 1086 Tum
460 1048 562 1086 tuas
581 1045 749 1086 amicas
770 1048 830 1093 te,
852 1049 899 1084 et
919 1048 1135 1097 cognatas
1156 1043 1368 1093 deserere,
1389 1047 1430 1084 et
1450 1043 1584 1084 festos
1606 1043 1720 1092 dies,

326 1112 432 1154 Mea
453 1125 605 1163 causa,
626 1113 751 1153 nolo.
812 1112 889 1153 So·
922 1112 1049 1154 Nihil
1069 1112 1145 1166 pol
1171 1112 1267 1167 Jam
1299 1123 1371 1154 res
1397 1111 1553 1153 isthaec
1572 1110 1679 1152 mihi
1699 1106 1785 1154 vo?

494 1179 683 1234 luptatis
705 1180 871 1222 ferunt:

327 1250 445 1292 Dum
478 1253 605 1298 aetaS,
627 1252 804 1302 tempus
826 1249 942 1299 tulit,
975 1247 1211 1302 perfuncta
1230 1246 1342 1289 satis
1363 1259 1488 1288 sum:
1521 1245 1660 1289 satias
1683 1245 1782 1301 jam

497 1321 618 1358 tenet

324 1437 358 1467 in
373 1446 420 1467 me
435 1439 498 1468 tuae
512 1437 594 1478 apud
610 1447 656 1468 me
671 1437 804 1474 servari,
820 1440 851 1468 et
864 1437 1000 1468 recondi.
1046 1436 1098 1467 Mi
1115 1434 1294 1476 Pamphile,
1311 1435 1366 1467 hoe
1381 1437 1411 1467 et
1425 1433 1522 1473 vobis,
1538 1437 1569 1466 et
1584 1443 1659 1465 meae
1673 1433 1782 1468 existi«

322 1480 455 1511 matiam·
479 1481 670 1520 comentem,
693 1483 724 1511 et
746 1481 824 1512 utile
847 1491 912 1512 esse
926 1480 1054 1519 judico:
1075 1489 1132 1518 ego
1153 1479 1301 1511 constitui
1323 1479 1396 1510 hinc:
1417 1479 1457 1508 ad
1471 1478 1578 1510 villam
1591 1488 1638 1509 me
1661 1477 1783 1517 profec-

323 1525 427 1553 turam
456 1533 520 1554 esse
543 1534 611 1554 cum
636 1527 687 1554 tuo
710 1527 813 1563 patre,
831 1534 869 1554 ne
890 1533 957 1554 mea
980 1522 1150 1563 praeoentia
1168 1522 1261 1562 obsit,
1283 1531 1358 1553 neve
1378 1521 1442 1552 ulla
1463 1530 1555 1552 causa
1576 1520 1784 1560 relinquatur,

322 1565 483 1605 quominus
499 1570 553 1597 tua
567 1576 647 1597 uxor
661 1567 852 1598 Philumena
866 1568 906 1598 ad
919 1570 949 1597 te
963 1569 1151 1598 revertatur.
1195 1566 1262 1597 ΡΑ.
1286 1565 1388 1605 Rogo,
1403 1565 1481 1604 quod
1495 1564 1580 1595 istud
1591 1563 1785 1604 propos-itum

323 1611 434 1639 tuum?
457 1613 492 1640 ut
508 1613 542 1640 tu
556 1609 642 1640 illius
653 1609 863 1650 imprudentia
877 1611 989 1641 adacta
1003 1619 1043 1640 ex
1057 1609 1131 1640 urbe
1143 1608 1283 1640 discedas
1293 1610 1333 1639 ad
1347 1607 1453 1638 villam
1467 1608 1676 1638 incolendam?
1710 1606 1786 1636 Non

320 1651 516 1692 permittam,
531 1663 626 1693 neque
641 1653 744 1695 idfiet
757 1663 775 1683 a
792 1656 834 1692 te,
849 1656 882 1683 ut
896 1653 948 1693 qui
968 1652 1066 1689 nobis,
1081 1655 1193 1690 mater,
1216 1651 1388 1683 obtrectare
1407 1650 1548 1691 cupiunt,
1567 1659 1666 1681 meam
1678 1649 1783 1689 pervi-

324 1695 441 1724 caciam
455 1696 562 1726 dicunt
588 1706 652 1727 esse
677 1706 812 1734 cansam,
828 1706 889 1727 non
913 1700 998 1726 luam
1005 1695 1213 1733 facilitatem,
1229 1698 1261 1726 et
1274 1693 1526 1730 moderationem,
1541 1702 1596 1723 cur
1609 1691 1785 1723 habitatum

324 1746 378 1768 rus
393 1737 502 1769 iveris.-
527 1739 622 1770 eliam
644 1742 714 1769 tuas
730 1739 858 1777 micas,
874 1742 905 1771 et
920 1739 1101 1778 cognatione
1112 1738 1302 1779 propinquas
1313 1737 1496 1777 relinquere,
1510 1739 1542 1768 et
1556 1735 1676 1766 dierum
1682 1735 1784 1773 sesto-

324 1789 393 1811 rum
408 1782 562 1812 solennem
577 1782 819 1820 celebrationem,
832 1785 960 1822 propter
974 1791 1034 1821 me,
1050 1781 1176 1813 minime
1190 1781 1360 1812 consentire
1372 1789 1502 1820 possum.
1547 1779 1606 1809 So.
1623 1777 1715 1809 Nihil
1727 1787 1785 1817 per

328 1823 486 1855 Pollucem
500 1825 562 1856 ista
577 1835 627 1856 res
641 1835 721 1856 nunc
736 1835 783 1856 me
798 1825 928 1857 oblectat
939 1836 950 1856 .·
973 1826 1045 1856 (lum
1060 1827 1136 1856 aetas
1151 1823 1225 1855 vitae
1237 1833 1332 1864 passu
1346 1826 1406 1863 est,
1421 1823 1500 1854 satis
1515 1822 1586 1853 hnic
1599 1821 1647 1852 rei
1662 1829 1786 1861 operam

937 1919 975 1930 ο»
979 1918 1094 1930 ‘oeteo
1098 1919 1114 1929 e
1118 1918 1153 1931 θ’
1157 1918 1172 1929 e

326 1990 409 2021 tium
427 1990 532 2021 statui
560 1990 627 2021 arti
653 1989 760 2022 meae!
803 1991 889 2022 Tum
913 1991 1071 2025 Plautus,
1094 1991 1191 2022 Poen.
1208 2000 1244 2023 v.
1258 1993 1290 2023 4.
1308 1993 1359 2022 17.
1373 1989 1485 2021 dixit:
1508 1990 1517 2008 ‘
1532 1989 1677 2021 Invictae
1695 1998 1784 2029 prae-

325 2033 427 2064 mium
444 2038 483 2064 ut
498 2042 573 2065 esse
597 2033 699 2064 sciam
723 2033 869 2074 pietati.’
911 2034 1034 2075 Virgil.
1050 2034 1124 2066 AEn.
1139 2043 1162 2066 ι.
1178 2037 1253 2065 465.
1279 2035 1288 2050 ‘
1303 2037 1383 2064 sunt
1405 2033 1458 2064 hic
1484 2033 1587 2064 etiam
1612 2042 1672 2064 sua
1696 2042 1785 2072 prae-

329 2077 395 2107 mia
418 2076 518 2107 laudi.
549 2077 649 2108 W'est.
704 2077 756 2107 Ex
780 2078 874 2109 Vict.
900 2077 979 2118 lego
1002 2077 1126 2118 pietati.
1149 2077 1208 2108 Fa.
1252 2077 1416 2118 Plerique
1443 2086 1484 2107 ex
1512 2076 1637 2107 nostris
1662 2075 1789 2116 pletati-

328 2120 429 2151 Bent.
465 2119 561 2150 Unus
585 2120 652 2151 Ms.
677 2120 806 2160 pietatis
826 2121 907 2151 scias
933 2125 1007 2157 tuce,
1031 2122 1116 2152 alter
1141 2120 1267 2152 omittit
1282 2124 1357 2158 ἐπαγ,
1374 2120 1559 2159 Argentor.
1580 2118 1695 2159 pietali
1707 2118 1787 2149 scias

325 2166 400 2194 tuae.
425 2163 532 2193 Boecl.
565 2163 694 2203 pietatis
719 2163 866 2196 Br.—10
893 2164 986 2195 Certe
1012 2173 1128 2194 omnes
1155 2164 1238 2195 Mss.
1263 2163 1364 2195 Boecl.
1408 2163 1493 2194 Mss·
1520 2166 1556 2194 et
1583 2162 1668 2193 editi
1697 2165 1785 2193 vett.

326 2215 483 2245 magnam
510 2211 643 2245 partem
670 2207 789 2247 legunt
805 2209 895 2238 certe.
920 2207 1030 2238 West.
1076 2207 1164 2238 Hinc
1187 2206 1457 2237 continuo—certe
1473 2206 1620 2237 Bru-13
1642 2205 1686 2236 Ut
1701 2204 1787 2235 illius

328 2248 472 2288 plusculi
489 2249 570 2279 Mss.
586 2253 621 2280 et
637 2249 802 2288 impressi.
829 2246 925 2281 West.
947 2250 1046 2281 etsie
1062 2250 1141 2282 Hel.
1176 2259 1254 2280 mox
1278 2252 1310 2279 ut
1336 2249 1450 2288 migres
1473 2248 1663 2280 Boin-14
1686 2247 1787 2278 Haud

317 2291 420 2329 facies
444 2291 487 2323 G.
515 2292 658 2322 Bia—15
686 2293 737 2322 Ex
764 2293 861 2323 Beni.
888 2298 924 2324 et
950 2293 1022 2324 aliis
1046 2292 1194 2334 antiquis
1211 2302 1251 2323 ac
1268 2291 1418 2331 Donate,
1442 2301 1627 2332 versusque
1644 2290 1788 2330 ratione,

327 2335 375 2365 ita
391 2334 585 2366 ordinamus
603 2335 676 2366 haec
692 2335 810 2374 verba,
833 2345 897 2367 esse
917 2335 1001 2367 dicat
1015 2336 1149 2374 factum.
1174 2337 1231 2367 Fa.
1277 2335 1363 2366 Pars
1379 2335 1498 2365 melior
1514 2339 1706 2365 nostrorum
1721 2342 1788 2364 esse

327 2378 421 2408 (licat.
446 2378 546 2410 Bent.
593 2377 699 2418 Olim,
726 2383 765 2409 ut
792 2378 941 2418 videtur,
964 2379 1050 2410 (licut
1075 2380 1239 2409 esse.—16
1263 2378 1345 2409 Tuas
1367 2380 1515 2417 cognatas
1536 2375 1652 2408 Guelf.
1668 2378 1787 2407 8.-—17

329 2421 423 2451 Nihil
436 2420 507 2459 jam
533 2421 610 2451 mihi
634 2421 721 2452 istcec
745 2431 794 2452 res
820 2421 986 2462 voluptatis
1003 2421 1131 2461 ferunt]
1154 2422 1251 2452 Bem.
1276 2421 1348 2452 ista>
1369 2430 1439 2457 res;
1461 2421 1617 2461 quamvis
1633 2423 1668 2450 et
1688 2419 1788 2459 istac,

327 2472 450 2501 genere
467 2463 644 2502 feminino,
666 2464 873 2495 nominativo
890 2465 1021 2496 Plurali
1038 2463 1177 2495 efferret
1194 2464 1394 2504 antiquitas.
1439 2464 1518 2496 Ter.
1535 2464 1568 2494 in
1586 2462 1674 2493 Eun.
1704 2462 1787 2492 Con-

327 2507 414 2536 timw
430 2507 494 2537 lzoec
507 2509 659 2538 adornant
674 2510 709 2537 ut
725 2507 814 2538 latet.
841 2507 896 2538 Fa.
942 2508 1036 2548 Lege
1053 2517 1095 2539 ex
1110 2507 1233 2538 nostris
1250 2506 1431 2545 universis,
1455 2506 1514 2537 Nil
1525 2506 1577 2546 pol
1593 2504 1663 2543 jam
1678 2504 1787 2535 isthac

329 2549 404 2579 mihi
421 2558 468 2579 res
483 2551 648 2589 voluptatis
663 2550 783 2589 serunt.
829 2550 986 2590 Ejectum
1007 2551 1063 2581 Pol
1077 2550 1119 2581 ab
1136 2551 1183 2581 eis
1199 2554 1262 2591 est,
1284 2550 1339 2590 qui
1357 2549 1526 2580 nescirent
1539 2548 1709 2587 voluptatis
1732 2556 1784 2578 se-

329 2592 473 2622 cundam
492 2594 665 2633 corripere
682 2594 803 2624 solere.
850 2594 944 2624 Istoec
961 2603 1075 2624 omnes
1093 2593 1249 2632 Codices,
1271 2593 1341 2624 solo
1357 2592 1524 2623 Bembina
1540 2594 1702 2630 excepto,
1723 2599 1787 2630 pro

332 2634 419 2664 [κιαι.
467 2634 555 2665 Vide
571 2635 658 2666 infra
674 2645 722 2667 iv.
737 2639 766 2667 3.
787 2640 835 2668 12.
885 2637 971 2667 Illac
989 2646 1049 2676 pio
1068 2636 1148 2667 lllce.
1173 2637 1275 2667 Bent.
1322 2635 1382 2666 Nil
1396 2635 1473 2665 mihi
1484 2633 1610 2674 poljum
1625 2633 1710 2664 islaec
1725 2634 1788 2664 vol.

321 2675 387 2713 ser.
408 2677 508 2707 Both.
542 2679 601 2709 Ml
624 2679 754 2718 poljam
770 2680 841 2710 ista:
855 2689 904 2709 res
919 2680 972 2710 mi.
998 2680 1076 2720 Bip.
1112 2685 1147 2710 at
1164 2679 1195 2709 in
1214 2678 1304 2709 notis
1319 2679 1390 2708 vnlt
1406 2683 1464 2709 aut
1482 2677 1534 2716 pol
1549 2681 1673 2706 autres
1687 2676 1788 2706 omit·

331 2724 415 2749 tere.
445 2720 538 2750 lstoec
553 2721 629 2751 mihi
645 2731 695 2751 res
711 2722 754 2753 G.
772 2722 830 2754 ssr.
854 2722 914 2753 Nil
926 2724 978 2762 pol
997 2722 1067 2761 jam
1082 2722 1170 2753 istoec
1186 2722 1260 2751 mihi
1276 2731 1335 2752 res.
1359 2721 1539 2751 Pell—18
1564 2719 1669 2749 West.
1696 2722 1787 2757 (etas,

329 2766 448 2803 tempus
466 2763 579 2795 nescio
597 2763 685 2795 unde
703 2763 817 2804 [certe
832 2765 911 2798 edd.
929 2774 1044 2798 ornnes
1060 2765 1136 2797 aliae
1153 2764 1257 2796 celatis
1271 2762 1419 2804 tempus}
1453 2762 1523 2794 Sed
1540 2762 1621 2795 Par.
1638 2765 1713 2793 aeas
1728 2770 1786 2793 ex·
