1966 3302
285 242 371 285 1372
846 244 1178 276 ARGUMENTA.

331 348 396 380 sibi
412 347 517 379 filium
528 345 771 386 Ctesiphonem
786 352 860 374 esse
875 344 1087 381 corruptum,
1102 337 1319 378 eluditurque
1335 345 1356 368 a
1369 335 1458 376 Syro
1468 338 1504 365 et
1515 332 1667 366 Micione
1686 341 1748 373 per

331 406 442 433 totam
458 399 630 432 Fabulam.
678 398 724 429 Et
737 400 848 427 mater
862 394 985 435 puellae
995 393 1066 434 jam
1080 392 1213 424 decimo
1226 399 1342 422 mense
1360 391 1437 430 post
1453 390 1587 428 raptum
1608 386 1748 434 virginis

331 455 530 487 AEschinum
554 451 667 484 credit
687 451 750 482 sibi
771 451 835 491 ipsi
855 449 1008 490 rapuisse
1024 446 1255 478 meretricem.
1300 444 1384 478 Quae
1399 441 1614 484 perturbatio
1631 441 1700 472 cito
1713 439 1749 471 iu

332 507 553 550 tranquillum
570 504 712 537 redacta
728 509 793 535 est.
838 503 941 541 Nam,
964 510 1000 532 re
1030 503 1209 540 comperta
1235 498 1278 530 de
1301 497 1384 529 vitio
1401 495 1554 538 virginiS,
1564 495 1673 528 Micio
1688 493 1750 524 dat

333 561 442 593 civem
457 559 616 591 AEschino
634 566 734 599 quam
753 555 1026 596 concupiverat:
1049 553 1193 595 ejusque
1219 556 1366 583 matrem
1391 551 1466 592 ipse
1495 549 1634 591 accipit.
1677 547 1754 579 De-

333 616 501 657 prehenso
519 624 599 646 vero
614 612 826 654 Ctesiphone
844 611 879 642 in
907 618 1023 641 amore
1048 608 1252 646 meretricis,
1272 606 1381 648 primo
1409 605 1566 637 irascitur
1592 603 1724 635 Demea
1741 612 1750 633 :

333 676 411 711 post
428 670 566 708 lenitur,
582 672 685 709 atque
701 665 868 698 habendae
900 665 975 705 ejus
1006 662 1197 694 meretricis
1225 660 1402 694 licentiam
1431 658 1575 701 praebet.
1613 656 1751 689 Primus

335 730 433 754 actus
465 724 537 754 haec
564 721 741 753 continet:
766 718 928 750 Micionis
948 716 1050 748 solius
1067 716 1175 757 primo
1199 715 1327 746 verba:
1353 717 1389 746 et
1414 717 1504 755 post,
1533 711 1689 755 ejusdem
1716 715 1754 742 et

336 778 474 808 Demeae
494 775 657 816 jurgium.
704 772 883 805 Secundus
910 775 1006 803 actus
1033 771 1106 801 haec
1130 769 1309 801 continet:
1335 768 1463 800 lenonis
1479 768 1622 799 alteram
1645 765 1752 797 rixam

336 831 498 862 adversus
515 829 709 862 AEschinum
728 837 789 868 pro
806 827 941 868 puella:
967 824 1120 866 ejusdem
1142 823 1232 865 apud
1259 823 1381 865 Syrum
1398 822 1572 864 querelas:
1597 819 1754 852 laetitiam

338 885 579 925 Ctesiphonis:
604 882 837 914 obsessionem
853 881 998 912 amicae:
1024 883 1060 910 et
1088 878 1244 919 ejusdem
1272 877 1459 918 gratiarum
1483 875 1637 907 actiones
1663 872 1755 915 apud

336 939 547 970 AEschinum.
591 937 728 968 Tertius
743 939 838 968 actus
854 935 930 966 haec
947 934 1127 966 continet:
1151 931 1418 974 trepidationem
1444 929 1562 961 matris
1588 929 1755 960 Sostratae

338 998 375 1024 et
402 992 584 1024 Cantharae
602 990 745 1022 nutricis
769 989 811 1021 ob
835 987 1087 1030 parturientem
1104 985 1319 1028 Pamphilam
1336 985 1491 1016 vitiatam
1508 982 1550 1014 ab
1572 981 1756 1013 AEschino:

340 1048 466 1079 Getam
493 1045 709 1078 nuntiantem
727 1044 872 1076 dominae
890 1052 958 1074 snae
973 1051 1037 1083 per
1051 1050 1213 1080 errorem,
1228 1039 1320 1081 quod
1330 1038 1393 1070 sibi
1409 1036 1565 1078 rapuerit
1579 1035 1758 1068 AEschinus

332 1100 574 1132 meretricem:
599 1098 747 1130 reditum
765 1098 798 1128 in
826 1105 961 1128 scenam
979 1096 1123 1126 Demeae
1143 1103 1151 1124 :
1177 1093 1402 1134 ejusdemque
1429 1100 1505 1123 cum
1532 1090 1618 1131 Syro
1642 1088 1758 1120 ludifi-

340 1159 442 1185 cante
459 1151 776 1185 sermocinationem
794 1159 802 1180 :
827 1150 1058 1181 interventum
1076 1146 1256 1188 Hegionis,
1267 1155 1343 1177 cum
1357 1144 1494 1187 querela
1507 1142 1598 1185 apud
1612 1141 1758 1174 eundem

339 1210 509 1240 Demeam
526 1207 568 1238 de
581 1206 676 1238 facto
693 1204 857 1245 AEschini,
873 1203 934 1235 de2
952 1201 1184 1234 consolatione
1193 1201 1371 1232 Sostratae.
1404 1198 1557 1231 Quartus
1573 1200 1672 1228 actus
1685 1196 1760 1226 haec

341 1262 520 1294 continet:
543 1259 763 1301 Ctesiphonis
788 1269 864 1291 cum
889 1259 976 1299 Syro
999 1256 1230 1299 colloquium:
1254 1253 1464 1285 delusionem
1480 1252 1648 1283 Demeae:
1673 1250 1762 1291 ejus-

342 1316 490 1357 demque
504 1315 539 1346 in
552 1324 688 1346 scenam
705 1313 949 1352 interventum,
973 1315 1078 1352 atque
1094 1309 1276 1342 secundam
1294 1306 1552 1339 frustrationem
1563 1314 1627 1347 per
1639 1304 1765 1345 Syrum

342 1370 493 1401 factam:
519 1367 680 1400 Micionis
698 1377 775 1398 cum
793 1366 951 1406 Hegione
977 1372 1188 1396 sermonem:
1214 1361 1389 1403 querelam
1413 1359 1563 1391 AEschini
1587 1358 1632 1390 de
1660 1356 1762 1389 rebus

341 1423 421 1462 suis,
433 1421 650 1463 ejusdemque
665 1430 741 1451 cum
758 1419 911 1450 Micione
922 1422 1021 1459 patre
1037 1416 1276 1448 facetissimam
1288 1414 1566 1446 dissertationem
1579 1411 1606 1444 :3
1621 1412 1762 1444 Demeae

346 1477 495 1508 reditum
520 1476 555 1507 in
582 1484 719 1506 scenam
737 1483 780 1505 ex
798 1482 926 1512 errore,
943 1472 976 1502 in
994 1480 1094 1513 quem
1113 1480 1190 1502 eum
1207 1469 1407 1511 conjecerat
1420 1469 1524 1510 Syrus
1539 1477 1547 1498 :
1571 1471 1608 1499 et
1622 1475 1767 1498 renova-

344 1536 416 1561 tum
434 1540 509 1562 cmn
527 1528 635 1560 fratre
653 1526 969 1570 ejusdemjurgium
983 1535 991 1556 z
1008 1524 1261 1565 processionem
1278 1523 1312 1553 in
1328 1531 1465 1553 scenam
1482 1519 1664 1553 temulenti
1679 1518 1769 1560 Syri.

345 1585 494 1618 Quintus
511 1589 608 1615 actus
624 1583 699 1613 haec
714 1580 869 1612 continet
885 1589 892 1609 :
911 1577 1217 1619 deprehensionem
1236 1575 1454 1617 Ctesiphonis
1466 1584 1544 1607 cum
1558 1572 1764 1605 meretrice:

346 1638 487 1670 tertium
509 1647 587 1669 cum
608 1636 759 1668 Micione
778 1633 931 1675 jurgium
948 1633 1099 1668 Demeae,
1123 1629 1347 1672 ejusdemque
1362 1630 1440 1661 vitae
1457 1628 1612 1671 pristinae
1628 1635 1765 1668 correp·

347 1693 497 1724 tionem:
521 1695 557 1723 et
583 1700 646 1732 per
673 1699 750 1721 eum
778 1689 885 1719 multa
907 1687 941 1718 in
966 1685 1143 1718 Comoedia
1170 1685 1281 1722 Nova,
1307 1685 1374 1716 hoc
1401 1687 1467 1724 est,
1495 1681 1766 1715 blandimentum

348 1747 442 1778 circa
467 1745 679 1784 AEschinum,
708 1746 743 1775 et
767 1741 1004 1774 affabilitatem
1029 1740 1120 1772 circa
1147 1739 1292 1771 Getam:
1325 1737 1600 1771 conciliationem
1625 1735 1703 1776 Syri
1731 1738 1767 1765 et

348 1801 461 1832 uxoris
488 1799 587 1840 ejus:
613 1802 650 1829 et
680 1796 813 1828 veniam
845 1795 935 1827 circa
962 1793 1225 1834 Ctesiphonem:
1249 1792 1576 1835 permissionemque
1600 1788 1766 1821 habendae

349 1853 555 1886 meretricis,
585 1853 750 1883 Servatur
765 1855 878 1882 autem
888 1858 950 1890 per
963 1852 1072 1879 totam
1089 1847 1254 1879 Fabulam
1264 1848 1356 1879 mitis
1370 1846 1488 1884 Micio,
1502 1853 1611 1876 saevus
1625 1843 1770 1881 Demea,

349 1909 426 1940 leno
444 1916 581 1946 avarus,
602 1906 744 1937 callidus
770 1904 886 1946 Syrum,
914 1902 1051 1934 timidus
1069 1901 1248 1942 Ctesipho,
1264 1900 1417 1932 liberalis
1430 1898 1621 1938 AEschinus,
1636 1894 1768 1938 pavidae

349 1962 522 2001 mulieres,
540 1960 652 2001 gravis
666 1958 791 1998 Hegio.
836 1958 878 1989 In
894 1956 1085 1988 dividendis
1102 1956 1237 1988 actibus
1252 1954 1391 1986 Fabulae
1407 1952 1595 1985 identidem
1607 1950 1768 1982 memine-

350 2017 479 2054 rimus;
503 2015 613 2056 primo
641 2013 841 2055 paginarum
869 2010 1178 2042 dinumerationem
1204 2018 1314 2050 neque
1331 2007 1487 2047 Graecos,
1502 2014 1613 2047 neque
1628 2004 1768 2035 Latinos

351 2078 527 2101 servasse:
551 2078 628 2100 cum
653 2068 726 2109 ejus
754 2065 950 2097 distributio
971 2064 1165 2107 hujusmodi
1184 2063 1351 2095 rationem
1367 2061 1506 2101 habeat,
1521 2064 1572 2100 nt,
1588 2059 1647 2091 ubi
1659 2063 1769 2090 atten-

352 2125 420 2155 tior
436 2126 615 2164 spectator
641 2131 716 2152 esse
742 2121 908 2162 potuerit,
936 2120 1070 2161 longior
1096 2123 1192 2151 actus
1215 2118 1284 2149 sit:
1309 2117 1368 2149 ubi
1390 2113 1613 2155 fastidiosior,
1635 2112 1770 2144 brevior

355 2183 457 2218 atque
475 2175 701 2208 contractior.
746 2174 882 2206 Deinde
898 2175 1003 2206 etiarn
1022 2173 1116 2214 illud,
1130 2173 1164 2204 in
1176 2172 1322 2214 eundem
1339 2174 1451 2203 actum
1465 2177 1564 2211 posse
1580 2166 1718 2209 conjici,
1735 2169 1772 2197 et

354 2237 423 2262 tres
440 2236 474 2261 et
492 2235 637 2272 quatuor
653 2238 771 2260 scenas
788 2228 1034 2260 introeuntium
1052 2231 1156 2269 atque
1173 2225 1372 2258 exeuntium
1388 2232 1621 2266 personarum.
1664 2220 1772 2252 Facta

354 2290 466 2316 autem
480 2285 552 2315 haec
568 2293 632 2315 una
649 2288 701 2315 est
719 2284 762 2315 de
776 2283 908 2315 duabus
925 2282 1077 2323 Fabulis,
1093 2280 1260 2323 Adelphis
1277 2277 1475 2319 Menandri,
1488 2281 1525 2309 et
1540 2273 1770 2309 Commorien-

357 2339 447 2370 tibus
463 2338 609 2379 Diphili.

312 2449 461 2481 habetet
478 2448 651 2480 west.—3
677 2446 951 2487 Deam-tationem]
974 2446 1042 2477 Ms.
1067 2443 1329 2477 dissertationem.
1352 2441 1452 2474 Lind.
