1966 3302
599 211 813 242 HsscYRAE
846 212 954 242 Ac'r.
989 211 1052 242 ιν.
1085 210 1152 241 se.
1184 211 1216 241 Ι.
1540 202 1624 244 867

174 308 293 359 Non,
312 306 502 362 aedepol,
523 306 638 348 clam
657 320 728 348 me
751 310 831 356 est,
856 319 955 348 cum
973 306 1072 357 hoc,
1093 306 1213 361 quod
1244 305 1387 348 levius
1419 309 1501 356 est,
1533 311 1621 350 tam

346 377 491 417 animo
510 374 724 416 iracundo
747 374 847 415 tulit
866 388 876 415 :

172 443 288 494 Nec,
309 457 398 498 qua
417 445 490 485 via
512 443 736 484 sententia
757 442 854 496 ejus
877 443 1021 496 possit
1040 443 1212 492 mutari,
1233 442 1345 484 scio.

171 510 279 554 Hoc
300 510 409 553 mihi
431 523 565 552 unum
585 523 644 552 ex
664 509 864 564 plurimis
884 509 1074 551 miseriis
1105 510 1323 564 reliquum
1357 510 1500 553 fuerat
1530 524 1622 553 ma-

341 580 452 628 lum,
1566 580 1624 620 55

172 646 220 688 Si
242 660 442 701 puerum,
473 651 520 688 ut
554 646 721 697 tollam,
754 647 885 700 cogit,
917 647 1044 701 cujus
1064 659 1145 688 nos
1166 648 1240 701 qui
1274 647 1345 697 sit,
1381 648 1621 698 nescimus,

342 720 478 770 pater.

171 782 306 834 Nam,
318 796 417 824 cum
434 796 691 837 compressa
711 787 776 825 est
797 788 945 837 gnata,
958 782 1098 824 forma
1115 782 1158 823 in
1178 783 1363 825 tenebris
1384 784 1510 826 nosci
1532 797 1621 826 non

339 851 463 904 quita
482 856 572 903 est3

170 918 328 972 Neque
348 918 592 960 detractum
616 920 657 961 ei
685 925 755 961 est
783 920 1036 974 quicquam,
1069 919 1144 973 qui
1182 922 1333 973 posset
1353 922 1458 973 post
1479 921 1622 971 nosci,

339 987 417 1040 qui
441 987 537 1028 siet.

168 1053 274 1108 Ipse
295 1054 456 1108 eripuit
477 1045 535 1104 vi,
566 1054 612 1095 in
633 1054 770 1108 digito
790 1068 919 1110 quem
939 1055 1108 1105 habuit,
1128 1054 1285 1109 virgini
1306 1055 1459 1097 abiens
1481 1068 1620 1098 annu-

338 1123 442 1164 lum.

165 1251 196 1281 si
205 1253 382 1290 cognoverit
396 1255 431 1284 ut
447 1263 515 1284 vere
529 1253 596 1294 ipsa
610 1262 661 1284 res
677 1261 708 1284 se
724 1253 814 1284 habet
823 1262 834 1289 ,·
857 1263 923 1284 cum
938 1252 994 1282 hoc
1011 1255 1144 1291 tantum,
1161 1253 1239 1291 quod
1254 1252 1349 1283 multo
1364 1252 1466 1283 minus
1476 1255 1534 1290 est,
1545 1261 1620 1291 par-

166 1295 233 1324 tum
247 1295 365 1326 scilicet
391 1297 514 1331 celasse,
535 1301 598 1328 tam
620 1295 725 1327 acerbe
741 1300 772 1327 et
793 1296 942 1327 iracunde
957 1295 1109 1334 acceperit
1120 1306 1131 1331 ;
1153 1305 1208 1325 nec
1224 1305 1283 1335 qua
1297 1295 1418 1326 ratione
1433 1305 1452 1325 a
1467 1295 1621 1326 sententia

164 1346 221 1367 sua
236 1338 274 1369 de
289 1348 349 1369 non
363 1340 537 1378 exponendo
550 1349 645 1380 puero
660 1339 809 1370 dimoveri
823 1339 930 1379 possit.
973 1338 1046 1369 Hoc
1066 1337 1145 1369 mihi
1161 1347 1256 1369 unum
1269 1341 1453 1377 extremum,
1468 1348 1507 1369 ex
1523 1340 1621 1369 omni-

165 1379 219 1410 bus
233 1381 458 1413 calamitatibus
480 1386 510 1413 et
534 1382 728 1420 infortuniis,
742 1383 856 1412 malum
878 1381 1051 1418 restiterat,
1067 1381 1095 1412 si
1108 1381 1159 1412 vir
1172 1391 1257 1412 meus
1272 1391 1317 1412 me
1331 1383 1427 1420 cog-it,
1443 1384 1478 1411 ut
1493 1382 1619 1412 educam

163 1432 304 1463 puerum,
319 1425 407 1464 cujus
417 1428 508 1466 pater
522 1425 609 1456 nobis
624 1429 670 1456 est
686 1425 809 1464 ignotus
820 1436 830 1456 :
863 1435 934 1455 nam
949 1434 1017 1455 cum
1028 1424 1103 1466 filia
1128 1425 1242 1455 vitiata
1251 1424 1334 1464 fuit,
1348 1424 1454 1461 facies
1469 1423 1546 1463 ejus,
1567 1424 1619 1465 qui

165 1474 230 1496 eam
245 1468 433 1508 compressit,
448 1468 590 1506 cognosci
604 1472 695 1499 noctu
710 1478 771 1499 non
788 1468 904 1508 potuit,
920 1477 1016 1507 neque
1030 1469 1060 1498 ei
1076 1467 1263 1498 Philumena
1282 1467 1445 1508 quicquam
1465 1468 1620 1502 detraxit,

164 1517 204 1538 ea·
218 1519 275 1550 quo
287 1511 386 1552 possit
401 1511 564 1552 comperiri
579 1512 647 1553 quis
661 1512 713 1542 ille
727 1511 770 1542 sit
780 1521 794 1548 ,·
815 1511 867 1542 sed
882 1511 947 1551 ipse
959 1510 1116 1542 discedens
1130 1510 1247 1551 eripuit
1258 1511 1290 1542 vi
1302 1511 1450 1542 annulum
1459 1510 1489 1542 ei
1499 1511 1620 1550 virgini

772 1617 1007 1630 eeeeeeeeeeee

164 1693 240 1734 hoec,
253 1698 410 1735 ponatur.
436 1694 492 1726 Fa.
539 1695 659 1726 Nostri
674 1704 790 1726 omnes
805 1699 836 1727 te
851 1700 932 1726 ante
954 1705 1030 1727 esse.
1075 1695 1173 1726 Tolle
1200 1696 1292 1732 Esse,
1314 1698 1350 1726 et
1366 1704 1480 1726 veram
1498 1696 1617 1727 iectio-

163 1746 239 1767 nem
265 1737 380 1776 habes,
406 1736 612 1772 Quamobrem
633 1739 780 1770 incendor
802 1740 863 1775 ira,
887 1742 917 1769 te
937 1748 1044 1769 ausam
1059 1739 1168 1777 facere
1194 1738 1258 1769 haec
1273 1737 1394 1776 injussu
1409 1748 1485 1769 meo,
1511 1738 1616 1770 Bent.

163 1778 318 1820 sequitur
333 1779 437 1811 Both.
451 1786 487 1812 et
502 1781 597 1812 Peri.
620 1784 652 1812 te
667 1791 730 1812 esse
744 1799 787 1804 —
801 1781 866 1813 hoec
882 1781 1001 1821 injussu
1015 1799 1057 1804 -
1072 1782 1221 1812 Br.—53
1248 1781 1337 1817 Quod
1349 1781 1412 1812 leve
1427 1784 1473 1812 est
1486 1781 1618 1814 G.—54

161 1822 286 1853 Mutari
307 1823 422 1864 possit]
446 1823 488 1855 Ο.
514 1824 536 1855 l.
562 1834 589 1855 s.
611 1830 647 1855 et
670 1825 836 1864 Donatus,
855 1827 953 1865 possit
978 1825 1111 1856 mutari:
1137 1824 1227 1865 quod
1243 1824 1456 1855 numerosius
1474 1828 1534 1855 est.
1559 1825 1618 1856 Fa.

162 1865 221 1897 Sic
235 1872 272 1897 et
286 1866 394 1897 nostri
411 1876 540 1898 omnes.
563 1867 746 1899 Bene—55
765 1868 773 1883 ‘
786 1868 900 1899 Fuerit
909 1868 993 1898 Mss.
1008 1867 1150 1899 omnes.'
1173 1868 1273 1898 Boecl.
1319 1866 1392 1898 Hoc
1407 1867 1618 1906 unumfuerat

157 1908 302 1948 plurimis
329 1918 370 1940 ex
395 1910 530 1941 miseriis
552 1910 631 1942 mihi
657 1911 809 1951 reliquum
832 1911 1024 1942 Boin—56
1043 1911 1160 1942 Tollam
1173 1913 1209 1942 ut
1225 1910 1292 1941 duo
1308 1911 1396 1942 Mss.
1412 1910 1511 1941 Boecl.
1558 1911 1618 1941 Sa—

162 1951 207 1981 tis
225 1951 310 1982 bene
325 1952 424 1992 cujus,
446 1952 505 1984 sed
533 1953 644 1984 adhuc
674 1955 795 1985 melius
816 1954 865 1985 cui
889 1964 953 1985 nos.
976 1954 1167 1985 Bent.—58
1191 1954 1302 1994 Neque
1318 1954 1493 1984 detractum
1508 1954 1619 1984 eitum

161 1995 322 2034 quicquam
337 1999 396 2034 est,
416 1996 470 2036 qni
493 1999 562 2036 post
584 1997 685 2036 possit
709 1997 828 2028 noscier
850 1997 904 2037 qui
924 1997 999 2038 siet]
1024 1996 1091 2027 Hic
1117 2006 1236 2027 versus
1262 1996 1355 2027 nullo
1377 1996 1477 2027 modo
1502 2001 1618 2036 potest

161 2042 272 2068 stare:
303 2046 402 2078 quem
425 2047 484 2068 nos
511 2047 554 2068 ex
570 2039 665 2070 Bem.
691 2039 740 2070 ita
763 2039 973 2079 corrigimus,
1000 2040 1109 2080 Neque
1123 2041 1297 2070 detractum
1318 2039 1347 2069 ez·
1374 2042 1422 2070 est
1444 2039 1622 2079 quicquam,

162 2079 216 2119 qui
237 2083 343 2119 posset
368 2086 437 2121 post
459 2081 542 2111 nosci
557 2082 609 2121 qui
623 2082 694 2113 siet.
741 2083 785 2113 Ei
801 2088 915 2113 autem
930 2083 983 2113 hic
1000 2082 1171 2123 spondeus
1187 2087 1251 2122 est,
1279 2085 1318 2112 ut
1333 2091 1426 2122 saepe
1444 2081 1533 2121 apud
1550 2082 1618 2113 Lu-

161 2123 316 2154 «tretium.
338 2123 398 2154 Fa.
441 2123 499 2154 Sic
515 2134 534 2154 a
550 2124 681 2155 Faerno
696 2130 769 2164 est3
795 2125 827 2156 in
847 2135 913 2167 quo
928 2127 957 2157 ei
972 2124 1163 2166 disynabon
1180 2130 1246 2165 est,
1268 2129 1302 2155 et
1319 2124 1536 2155 scribendum
1553 2125 1619 2163 eii,·

159 2165 223 2195 hoc
240 2165 418 2197 ferendum
432 2177 440 2197 :
465 2167 526 2197 sed
548 2173 585 2198 ut
597 2171 700 2208 posset
717 2173 817 2199 acuat
833 2168 1030 2207 secundam,
1051 2167 1133 2199 ferri
1149 2177 1216 2200 non
1230 2167 1345 2199 debet.
1391 2167 1530 2200 Quanto
1546 2177 1617 2199 me-

160 2208 225 2238 lius
241 2209 348 2240 nostri
363 2208 436 2240 fere
450 2218 587 2249 omnes;
611 2211 637 2242 si
654 2211 772 2241 nascier
792 2211 827 2241 in
841 2211 927 2242 nosci
942 2215 1065 2250 muteS,
1090 2211 1198 2252 Neque
1213 2212 1386 2242 detractum
1402 2210 1432 2241 ei
1453 2213 1519 2241 tum
1533 2211 1617 2250 quic-

160 2259 251 2290 quam
264 2255 321 2292 est,
335 2252 387 2292 qui
398 2255 469 2292 post
480 2256 583 2293 posset
593 2255 678 2284 nosci
692 2254 744 2294 qui
758 2254 828 2286 siet.
846 2255 947 2286 Bent.
973 2255 1030 2285 Est
1045 2258 1112 2285 tum
1125 2254 1292 2294 quidquam
1307 2254 1337 2285 ei
1351 2253 1405 2294 qui
1419 2253 1504 2284 nosci
1517 2255 1618 2294 possit

159 2294 261 2326 Both.
283 2294 313 2325 ei
328 2298 394 2326 tum
408 2296 573 2336 quidquam
585 2300 634 2327 est
649 2296 692 2327 G.
726 2297 756 2328 ei
770 2297 930 2337 quicquam
943 2300 989 2328 est
1011 2298 1070 2327 Br.
1103 2297 1112 2313 ‘
1126 2297 1178 2337 qui
1189 2300 1261 2337 post
1284 2297 1380 2337 possit
1393 2297 1514 2327 noscier
1530 2297 1615 2329 Mss.

160 2341 196 2367 et
220 2337 376 2378 impressi
402 2338 538 2379 quidam
567 2344 644 2379 post
667 2339 754 2370 BP!
783 2340 877 2371 West.
912 2346 949 2371 et
976 2339 1025 2371 sic
1041 2340 1100 2371 Bt.
1122 2340 1242 2371 nascier
1268 2349 1385 2370 omnes
1412 2339 1497 2371 Mss.
1525 2340 1615 2380 apud

159 2379 267 2412 Boeel.
282 2385 318 2412 et
333 2381 507 2413 GM.—59
531 2382 641 2423 Eripit
656 2384 782 2414 anulum
805 2383 910 2415 Both.
939 2392 1055 2414 omnes
1072 2387 1151 2415 ante
1168 2383 1260 2415 Perl.
1281 2383 1528 2414 annulum—60
1551 2383 1616 2414 Ar·

810 2490 954 2523 NOTAE
1006 2501 1008 2503 ’

203 2566 244 2595 56
266 2563 306 2596 Si
326 2574 455 2605 puerum
483 2568 519 2596 ut
548 2565 655 2596 tollam
679 2565 778 2606 cogit]
816 2565 857 2597 Id
914 2575 1025 2605 meus;
1041 2565 1163 2597 tellure
1176 2564 1353 2596 cadentem
1366 2564 1523 2606 Exoeph'
1547 2565 1616 2598 Qui

160 2622 223 2651 est,
239 2622 276 2647 ut
289 2616 444 2648 educem.
487 2615 645 2648 Infantes
657 2616 860 2656 olim,simul
915 2622 1028 2651 autem
1050 2626 1116 2647 non
1144 2614 1338 2655 tollebatur,
1358 2625 1420 2656 pro
1444 2615 1617 2655 abdicato,

159 2676 199 2697 ae
230 2669 301 2698 nati
329 2672 441 2708 erant,
463 2668 555 2699 humi
583 2667 858 2708 deponebantur.
914 2672 950 2699 et
977 2666 1149 2707 abjectitio
1169 2671 1266 2697 erat:
1289 2676 1354 2708 quo
1379 2667 1520 2708 respicit
1546 2665 1613 2698 fre-

160 2716 216 2747 Ab
240 2717 339 2748 humo
362 2728 441 2750 vero
466 2723 566 2760 pater
590 2718 749 2757 tollebat,
773 2723 808 2750 et
824 2718 858 2749 in
913 2723 1056 2760 quenter
1072 2716 1261 2749 Terentius.

160 2768 266 2798 sinum
282 2768 480 2809 recipiebat.
505 2769 649 2809 Statius,
662 2770 670 2786 ‘
682 2778 774 2800 meus
788 2769 859 2808 iile,
