1966 3302
603 213 817 245 usscYRAE
851 212 962 242 ΑοΤ.
987 211 1036 242 ιι.
1068 211 1136 241 sc.
1158 212 1190 240 1.
1535 198 1622 242 8:23

168 318 268 360 Rus
288 314 534 357 habitatum
557 311 662 361 abii,
684 309 937 352 concedens
958 307 1104 357 vobis,
1125 310 1169 348 et
1188 306 1251 347 rei
1272 305 1499 357 serviens3

167 385 349 426 Sumtus
370 386 543 424 vestros
565 379 793 432 otiumque
815 381 865 418 ut
883 380 1037 418 nostra
1056 388 1125 416 res
1146 376 1301 428 posset
1318 374 1429 427 pati,

163 452 276 523 &2⁰
296 450 445 493 labori
474 448 591 489 haud
622 460 825 502 parcens,
862 449 1026 500 praeter
1060 456 1239 498 aequom
1275 447 1407 497 atque
1443 444 1622 483 aetatem

338 531 500 560 meam.

168 587 275 629 Non
296 592 339 628 te
360 599 441 640 pro
461 585 530 626 his
551 596 733 625 curasse
754 583 902 632 rebus,
921 594 976 622 ne
998 580 1105 635 quid
1127 593 1241 633 aegre
1261 586 1383 621 esset
1403 578 1543 620 mihi?
1565 578 1622 619 30

166 656 246 697 So.
278 653 383 696 Non
410 665 511 694 mea
532 664 679 705 opera,
710 663 855 704 neque
879 638 1111 703 poscuspa
1131 648 1292 690 evenit.
1353 647 1440 688 LA.
1472 646 1617 688 Immo

337 732 556 762 maxume.

167 791 275 832 Sola
293 790 366 831 hic
385 789 534 830 fuisti:
565 787 609 827 in
629 792 669 827 te
691 787 832 827 omnis
852 786 992 827 haeret
1013 785 1147 838 culpa
1170 784 1283 834 sola,
1305 783 1521 825 Sostrata.

169 857 283 909 Quae
302 858 374 899 hic
395 861 535 906 erant,
557 868 750 905 curares,
772 868 871 896 cum
892 867 971 907 ego
992 866 1072 894 vos
1093 853 1207 894 solvi
1225 852 1343 893 curis
1365 852 1537 893 ceteris.

166 926 281 968 Cum
300 925 453 980 puella
474 938 608 966 anum
629 923 883 976 suscepisse
905 921 1177 970 inimicitias,
1196 933 1281 961 non
1303 919 1444 973 pudet
1459 919 1478 958 Ἰ

168 994 298 1036 Illius
329 993 453 1035 dices
485 993 617 1048 culpa
646 992 828 1033 factum.
888 990 967 1031 So.
1000 988 1140 1030 Haud
1173 988 1383 1043 equidem
1415 986 1532 1036 dico,
1561 986 1624 1027 mi

340 1061 529 1103 Laches.
1568 1055 1626 1096 35

168 1130 256 1172 LA.
288 1129 496 1180 Gaudeo,
525 1130 588 1171 ita
622 1142 691 1170 me
726 1128 784 1170 Di
816 1127 989 1169 ament!
1019 1126 1138 1180 gnati
1159 1137 1331 1175 causa3
1361 1136 1462 1165 nam
1494 1122 1548 1164 de
1579 1128 1624 1163 te

343 1198 539 1253 quidem,

169 1268 288 1310 Satis
309 1267 421 1316 scio,
444 1264 674 1320 peccando
694 1264 945 1306 detrimenti
964 1262 1072 1304 nihil
1092 1263 1186 1304 fieri
1207 1266 1370 1316 potest.

169 1335 248 1377 So.
280 1334 374 1387 Qui
406 1334 513 1385 scis,
546 1346 603 1375 an
639 1347 694 1374 ea
729 1346 880 1382 causa,
910 1332 972 1373 mi
1004 1331 1084 1382 vir,
1115 1344 1186 1372 me
1219 1331 1370 1373 odisse
1391 1329 1626 1372 assimula-

338 1403 463 1453 verit,

169 1473 235 1516 Ut
255 1486 354 1514 cum
375 1475 514 1513 matre
533 1470 636 1526 plus
658 1483 749 1512 una
779 1470 928 1511 esset?
987 1468 1075 1510 LA.
1107 1467 1230 1518 Quid
1263 1467 1363 1509 ais?
1394 1478 1482 1506 non
1513 1464 1628 1518 signi

337 1541 425 1582 hoc
447 1543 517 1581 sat
537 1544 619 1590 est,

330 1595 413 1613 *ἢ*

168 1649 297 1689 contuli,
309 1649 476 1681 concedens
490 1648 575 1680 vobis
588 1652 622 1679 ut
638 1649 672 1680 in
686 1649 759 1680 urbe
774 1648 895 1688 essetis,
910 1647 956 1678 rei
962 1645 1135 1685 faciendae,
1151 1648 1182 1675 et
1194 1644 1346 1683 augeudae
1360 1643 1439 1674 dans
1449 1651 1584 1683 operam,
1594 1644 1629 1672 at

160 1693 334 1732 facultates
348 1695 476 1732 nostrae,
502 1702 569 1733 quae
583 1696 656 1723 sunt
677 1692 855 1730 mediocres,
878 1692 1052 1732 sufficerent
1068 1688 1182 1719 vestris
1204 1686 1369 1726 sumtibus,
1396 1689 1428 1717 et
1442 1686 1518 1717 vitoe
1533 1684 1631 1716 otiose

168 1737 326 1775 docmate,
353 1736 451 1766 labori
465 1736 587 1766 assidue
601 1736 790 1771 incumbens,
818 1744 886 1765 cum
901 1734 1019 1774 aequius
1033 1735 1110 1763 esset
1125 1742 1179 1762 vos
1200 1730 1233 1761 id
1248 1731 1371 1768 facere,
1393 1733 1424 1760 et
1439 1739 1499 1764 me,
1515 1728 1569 1768 qui
1583 1737 1630 1758 se-

167 1782 290 1811 nectute
303 1778 446 1820 infirmus
460 1788 538 1814 sum,
555 1779 716 1819 quiescere.
764 1779 874 1810 Nonne
884 1787 940 1818 pro
955 1777 1003 1807 his
1017 1775 1150 1812 meritis,
1166 1774 1288 1813 ingenti
1302 1782 1376 1804 cura
1397 1773 1521 1803 studere
1535 1769 1630 1800 debu-

166 1823 236 1861 isti,
248 1832 286 1853 ne
301 1821 364 1852 ulla
380 1821 522 1852 molestia
537 1822 615 1852 mihi
638 1821 859 1852 exhiberetur?
903 1821 963 1851 So.
986 1820 1050 1850 Per
1073 1819 1232 1849 Pollucem
1247 1826 1307 1847 non
1322 1824 1387 1846 meo
1402 1816 1518 1854 studio,
1534 1823 1631 1854 neque

167 1867 258 1906 culpa
272 1865 397 1896 accidit.
442 1865 506 1896 LA.
531 1865 599 1896 Imo
612 1865 746 1896 maxime
754 1875 810 1906 per
825 1867 856 1895 te
870 1864 904 1894 id
910 1863 1036 1902 factum
1052 1865 1108 1893 est.
1153 1861 1227 1892 Sola
1243 1858 1441 1897 domifuisti,
1456 1857 1630 1898 quoefamz‘-

167 1909 243 1939 liam
267 1917 410 1947 regeres:
431 1908 466 1938 in
492 1911 522 1939 te
549 1908 614 1938 sola
639 1908 738 1938 omnis
762 1908 850 1948 culpa
874 1908 936 1938 sita
963 1909 1022 1945 est,
1047 1904 1201 1936 Sostrata.
1246 1902 1432 1934 Domestica>
1455 1901 1503 1931 rei
1525 1909 1632 1930 curam

168 1951 282 1982 habere
296 1951 443 1990 debuisti,
459 1961 529 1981 cum
542 1961 597 1989 ego
619 1960 672 1982 cos
696 1951 824 1982 liberavi
849 1950 921 1981 aliis
939 1947 1199 1985 solicitudinibus,
1214 1949 1245 1977 et
1260 1946 1408 1976 alimenta
1420 1953 1496 1984 paro
1511 1953 1552 1974 ex
1567 1943 1631 1973 cul-

169 1998 243 2024 tura
264 1994 347 2033 agri.
393 1994 506 2025 Nonne
533 1994 835 2035 erubescis'pudore‚
859 1992 1043 2024 inimicitias
1064 1995 1096 2022 te
1115 1991 1249 2021 vetulam
1263 1998 1331 2019 cum
1350 1987 1453 2028 puella
1468 1989 1632 2018 exercere?

169 2037 256 2068 illius
271 2037 380 2067 merito
395 2036 590 2076 respondebis
609 2037 642 2067 id
656 2037 791 2068 evenisse
804 2034 820 2068 ζ’
863 2036 923 2067 So.
948 2036 1022 2066 Non
1036 2043 1110 2065 sane
1124 2034 1192 2064 dico
1207 2033 1296 2072 culpa
1309 2032 1434 2070 factum
1449 2030 1572 2070 puelloe,
1588 2028 1633 2059 mi

170 2079 302 2110 Laches.
333 2079 397 2110 LA.
422 2079 502 2111 Filii
516 2080 576 2110 mei
588 2080 697 2118 gratia
709 2081 841 2119 gaudeo,
854 2080 902 2110 ita
917 2078 994 2109 mihi
1010 2078 1070 2109 Dii
1076 2076 1223 2116 faveant,
1239 2085 1307 2106 cum
1322 2076 1416 2105 talem
1430 2073 1541 2104 habeat
1554 2081 1633 2102 uxo-

169 2132 247 2160 rem,
261 2131 352 2162 quam
366 2132 421 2153 nec
442 2122 563 2152 inimici
577 2132 718 2154 accusare
732 2122 872 2163 possint:
892 2131 965 2153 nam
980 2122 1057 2162 quod
1072 2121 1112 2150 ad
1125 2123 1155 2150 te
1165 2119 1293 2156 attinet,
1309 2116 1504 2158 quantumvis
1515 2123 1632 2156 pecces,

169 2165 250 2196 nihil
265 2164 370 2196 damni
386 2165 457 2195 inde
470 2168 650 2195 eventurum
664 2165 742 2196 satis
765 2168 847 2196 certo
871 2165 945 2196 scio.
988 2164 1047 2195 So.
1073 2162 1157 2198 Quid
1179 2163 1207 2192 si
1229 2171 1276 2192 me
1295 2160 1422 2201 idcirco,
1442 2159 1486 2190 mi
1510 2157 1636 2194 marite,

169 2208 240 2239 odio
252 2209 395 2249 persequi
406 2217 473 2248 prae
498 2217 530 2239 se
546 2208 664 2244 tulerit,
681 2211 716 2240 ut
731 2219 800 2239 cum
815 2212 915 2239 matre
930 2217 986 2238 sua
1001 2206 1137 2238 crebrius
1150 2201 1410 2236 conversaretur?
1456 2203 1519 2234 LA.
1544 2201 1631 2236 Quid

779 2291 1023 2306 ‘O‘NM‘O

171 2361 310 2400 omisso,
330 2360 416 2401 legit
440 2360 555 2391 abisses
579 2358 697 2391 Guelf.
715 2362 832 2392 3.-27
857 2360 907 2391 Re
922 2359 1113 2391 Both.-29
1136 2356 1272 2396 AEquum
1288 2357 1319 2385 et
1342 2352 1408 2385 duo
1425 2353 1512 2384 Mss.
1534 2352 1632 2382 Boecl.

170 2407 254 2436 —31
267 2405 275 2420 ‘
287 2404 337 2436 M.
354 2410 391 2435 et
405 2403 478 2434 ΕΡ.
494 2402 594 2441 venit,
610 2402 699 2444 quod
714 2403 832 2434 laudat
848 2402 940 2434 Rivf
963 2402 1150 2433 West.——33
1161 2397 1381 2438 ‘Emphatice
1396 2397 1483 2435 legit
1497 2395 1634 2437 M.Sola

170 2457 240 2487 quoe
254 2447 316 2484 hic,
332 2455 415 2478 voce
433 2446 443 2462 ‘
461 2447 533 2476 sola
544 2446 552 2458 ’
571 2446 709 2477 tertium
728 2445 900 2486 repetita!
918 2446 1017 2477 PVest.
1054 2444 1084 2475 A
1098 2442 1181 2473 curis
1192 2441 1258 2471 duo
1273 2441 1357 2472 Mss.
1374 2448 1393 2470 e
1409 2438 1518 2470 Boecl.
1533 2441 1569 2469 et
1585 2438 1636 2468 sic

172 2491 269 2522 Bne
285 2491 329 2531 gi.
364 2489 523 2530 Quinque
550 2498 593 2519 ex
619 2489 756 2527 nostris,
781 2500 800 2520 a
825 2489 918 2520 curis.
963 2489 1016 2519 Ex
1043 2486 1159 2526 Regiis
1185 2494 1282 2522 unus,
1299 2492 1356 2521 ego
1377 2482 1453 2512 solvi
1478 2481 1561 2511 curis
1579 2490 1635 2511 vos

170 2532 292 2564 ceteris.
337 2532 445 2563 Dedit
471 2536 604 2569 auctor,
627 2542 687 2562 suo
710 2541 814 2572 more,
834 2533 913 2562 Cum
928 2541 984 2569 ego
1011 2540 1065 2561 vos
1088 2528 1171 2559 curis
1195 2526 1273 2557 solvi
1298 2525 1421 2557 ceteris.
1444 2525 1634 2555 Bent.-38

175 2576 286 2607 Odisse
301 2585 333 2606 se
348 2584 463 2606 omues
479 2575 562 2605 Mss.
583 2574 675 2615 apud
700 2575 806 2606 Boeel.
823 2580 859 2606 et
874 2575 922 2605 sic
940 2574 999 2604 Br.
1016 2571 1114 2604 Bodl.
1139 2571 1233 2610 Lips.
1250 2569 1324 2600 ΕΡ.
1350 2569 1448 2599 odisse
1462 2577 1495 2598 se
1510 2566 1633 2598 omisso

171 2628 219 2649 me
235 2618 370 2649 M.—39
394 2617 470 2648 Lib.
495 2617 600 2658 antiq.
625 2627 685 2647 una
708 2618 787 2657 plus.
811 2617 906 2648 Peri.
944 2616 1024 2647 Plus
1040 2625 1114 2646 una.
1149 2613 1206 2644 Ita
1222 2613 1414 2643 collocatur
1430 2610 1464 2641 iu
1481 2609 1631 2651 antiquis

173 2662 270 2692 Rem.
296 2666 332 2691 et
348 2661 427 2691 Bas.
447 2665 480 2691 et
498 2661 566 2691 Do.
584 2659 643 2691 Fa.
676 2659 795 2691 Nostri
821 2669 966 2701 quoque,
988 2659 1058 2700 plus
1080 2667 1142 2689 una
1165 2659 1254 2687 esset.
1278 2656 1378 2686 Bent.
1394 2654 1493 2684 Bem.
1515 2658 1554 2684 et
1574 2651 1635 2684 alii

175 2704 302 2744 antiqui
321 2704 368 2734 ita
384 2703 522 2739 habent,
539 2713 600 2734 non
615 2702 700 2741 signi
722 2703 777 2733 hoc
791 2707 838 2734 sat
856 2707 911 2734 est.
936 2703 995 2733 Fa.
1044 2699 1165 2733 Nostri
1194 2698 1318 2739 partim
1333 2696 1461 2729 habeut
1475 2696 1542 2735 hoc,
1558 2704 1634 2736 par-

177 2747 236 2778 tim
264 2746 448 2788 abnegant.
472 2746 570 2778 Bent.
610 2746 678 2777 Hoc
705 2744 771 2777 duo
800 2746 883 2778 Mss.
910 2756 928 2778 c
948 2744 1051 2777 Boecl.
1075 2744 1135 2775 Br.
1152 2742 1252 2775 Bodl.
1280 2741 1353 2774 ΕΡ.
1370 2740 1633 2773 mantuan—40
