1966 3302
299 266 385 306 740
795 267 832 295 r.
866 263 1107 295 'ruREN'rti
1142 259 1259 290 Aret

302 372 387 412 SY.
419 365 634 410 Laudas?
654 375 738 411 nae,
756 361 831 402 ille
851 358 1089 401 continebit
1109 355 1314 411 posthac,
1338 353 1377 394 si
1398 352 1560 405 sapiet,
1581 363 1751 392 manus.

302 440 393 480 DE.
427 434 630 477 Fortiter.
692 431 776 470 ΞΥ.
806 426 1053 481 Perquaml
1085 425 1190 478 quia
1210 423 1416 463 miseram
1447 418 1686 468 mulierem,
1709 420 1752 459 et

470 516 539 544 me
562 499 801 546 servolum,

303 573 395 624 Qui
414 570 590 612 referire
611 580 697 608 non
712 564 946 611 audebam,
968 561 1100 611 vicit3
1131 559 1230 599 hui!
1262 555 1534 612 perfortiter!

303 641 392 682 DE.
425 638 532 680 Non
559 635 706 689 potuit
735 632 914 674 melius:
944 630 1076 678 idem,
1108 626 1227 681 quod
1260 638 1354 679 egO,
1392 623 1540 673 sentit,
1577 626 1622 662 te
1655 632 1753 662 esse

472 705 575 746 huic
596 703 661 763 rei
683 703 832 754 caput.
1601 746 1606 751 ¹

303 774 392 817 Sed
429 776 553 814 estne
590 769 722 810 frater
759 766 902 808 intus?
974 764 1058 804 SY.
1090 762 1198 803 Non
1231 765 1311 803 est.
1379 761 1470 802 DE.
1502 757 1596 800 Ubi
1629 756 1757 798 illum

476 850 688 893 quaeram,
711 835 872 888 cogito.
1701 823 1758 864 30

304 910 389 951 SY.
421 907 526 949 Scio
546 904 624 945 ubi
644 904 727 954 sit3
757 914 909 943 verum
926 899 1059 941 hodie
1087 909 1314 951 nunquam
1335 894 1615 952 monstrabo4
1667 892 1757 934 DE.

478 972 622 1014 Hem!
654 970 762 1024 quid
784 969 880 1010 ais'?
941 968 1029 1008 SY.
1059 966 1143 1007 Ita.

305 1044 396 1086 DE.
418 1041 695 1097 Diminuetur
710 1037 794 1080 tibi
814 1036 992 1091 quidem
1005 1034 1102 1088 jam
1124 1032 1357 1074 cerebrum.
1383 1031 1399 1046 ‘⁴
1418 1029 1502 1070 SY.
1524 1027 1586 1071 At
1603 1039 1760 1069 nomen

477 1120 630 1150 nescm

307 1178 439 1220 Illius
459 1175 647 1217 hominis
665 1187 677 1225 ;
708 1171 787 1213 sed
805 1172 952 1213 locum
972 1169 1091 1219 novi,
1114 1167 1190 1209 ubi
1210 1166 1281 1208 sit.
1341 1165 1432 1205 DE.
1465 1164 1553 1206 Dic
1574 1176 1677 1217 ergo
1697 1163 1761 1204 lo-

478 1255 576 1284 cum
584 1273 594 1284 ·

305 1372 362 1402 per
385 1363 541 1394 Pollucem
563 1360 740 1401 comprimet
761 1359 900 1399 posthac,
917 1358 943 1387 si
964 1355 1039 1396 quid
1062 1354 1173 1386 mentis
1196 1354 1476 1391 habeat,manuum
1498 1353 1656 1394 impetum.
1701 1349 1763 1381 C'r.

307 1405 416 1437 Macte
431 1404 638 1443 fortitudine,
656 1402 802 1443 Ctesipho
817 1412 829 1438 ;
852 1404 975 1430 strenue
994 1398 1115 1437 fecisti.
1159 1397 1221 1428 Sv.
1251 1396 1347 1427 Valde
1362 1406 1434 1427 vero
1453 1399 1588 1434 strenue,
1604 1394 1656 1435 qui
1674 1392 1764 1434 infir-

307 1458 387 1479 mam
396 1446 571 1486 saeminam,
583 1450 613 1477 et
629 1445 827 1476 miseratione
850 1443 979 1482 dignam
989 1453 1001 1479 ;
1024 1444 1054 1472 et
1071 1450 1119 1471 me
1134 1439 1280 1470 timidum
1292 1449 1424 1477 servum,
1439 1439 1492 1479 qui
1506 1442 1613 1470 contra
1626 1445 1767 1476 repercu-

308 1494 374 1522 tere
395 1490 534 1528 verebar,
550 1489 728 1520 verberibus
749 1487 900 1518 contudit.
945 1486 1014 1516 DE.
1040 1484 1113 1514 Non
1136 1482 1240 1523 potuit
1261 1482 1314 1515 ille
1337 1482 1445 1513 melius
1460 1481 1580 1519 facere.
1624 1479 1766 1519 Idipsum

307 1534 407 1564 credit
422 1534 502 1574 quod
515 1542 585 1571 ego,
601 1535 631 1562 te
645 1541 709 1563 esse
729 1534 884 1561 auctorem
899 1529 1008 1559 harum
1027 1526 1207 1558 turbarum:
1228 1526 1282 1556 sed
1305 1528 1389 1556 estne
1401 1525 1508 1563 frater
1528 1524 1614 1555 intus
1633 1523 1668 1554 in
1690 1520 1768 1551 aedi-

310 1575 389 1608 bus?
434 1576 498 1607 SY.
524 1576 597 1606 Non
613 1578 669 1606 est.
713 1574 782 1604 DE.
807 1572 926 1603 Dubito
948 1579 1080 1609 quonam
1101 1570 1136 1599 in
1161 1568 1224 1599 loco
1246 1577 1315 1599 eum
1330 1567 1497 1599 inveniam.
1542 1568 1604 1598 SY.
1627 1564 1700 1597 Scio
1714 1563 1769 1594 ubi

309 1629 378 1650 eum
390 1618 543 1657 invenias,
559 1618 611 1648 sed
626 1626 782 1657 nunquam
797 1614 886 1646 hodie
902 1613 960 1645 tibi
974 1614 1071 1644 locum
1093 1611 1261 1642 ostendam.
1307 1610 1374 1642 DE.
1399 1609 1484 1646 Quid
1502 1609 1572 1641 ais?
1614 1608 1678 1640 Sv.
1702 1605 1769 1644 Ita,

308 1671 371 1692 non
385 1662 554 1692 ostendam.
599 1660 667 1691 DE.
692 1660 878 1690 conteretur
892 1659 974 1687 certe
989 1655 1047 1686 tibi
1060 1664 1133 1685 mox
1146 1656 1249 1694 caput.
1294 1653 1354 1685 SY.
1382 1653 1493 1684 Verum
1507 1653 1584 1683 latet
1598 1661 1646 1683 me
1660 1657 1770 1682 nomen

304 1705 394 1737 illius
415 1704 557 1744 hominis,
572 1705 654 1744 apud
673 1711 761 1743 quem
776 1704 833 1741 est,
855 1701 907 1731 sed
930 1700 1011 1730 locus
1034 1697 1110 1728 mihi
1129 1700 1221 1728 uatus
1242 1699 1299 1728 est.
1344 1695 1412 1728 DE.
1436 1695 1546 1727 Indica
1564 1704 1639 1734 ergo
1659 1694 1767 1724 locum.

919 1782 1159 1796 eeeeeeeeeeee

309 1852 375 1894 sas]
399 1853 491 1893 Lege
508 1855 543 1883 et
559 1851 745 1891 distingue,
762 1850 888 1881 Laudo:
912 1859 928 1879 ο
954 1847 1115 1888 Ctesipho,
1137 1846 1305 1887 patrissas.
1353 1846 1382 1876 Ο
1400 1844 1532 1876 addunt
1549 1849 1619 1876 tres
1636 1853 1679 1875 ex
1695 1853 1772 1875 nos-

313 1896 385 1934 tris,
401 1904 541 1936 quorum
558 1894 624 1925 duo
641 1893 733 1924 inter
749 1893 906 1934 optimos.
932 1892 1028 1923 Bent.
1073 1891 1184 1923 Laudo
1207 1892 1237 1920 te
1262 1889 1296 1921 J,
1340 1888 1493 1920 Patrizas
1511 1888 1660 1919 Br.--26
1681 1887 1768 1918 Mss.

313 1939 448 1979 quidam
465 1949 472 1969 :
498 1934 688 1968 Laz.dasne?
711 1936 763 1967 ille
786 1934 967 1966 continebit.
1011 1934 1068 1965 Ita
1083 1938 1118 1963 et
1134 1931 1304 1963 editorum
1320 1931 1468 1972 quidam,
1491 1930 1523 1961 in
1551 1929 1674 1971 quibus
1693 1928 1769 1961 EA.

312 1982 387 2013 ΕΡ.
410 1985 446 2012 et
471 1980 569 2012 Jnnt.
598 1979 700 2010 West.
746 1978 801 2009 Ita
827 1982 864 2010 et
890 1978 949 2009 ΒΥ.
973 1976 1061 2017 Sapit
1088 1974 1206 2007 Guelf.
1232 1977 1350 2006 3.-27
1375 1973 1474 2013 Quia]
1497 1973 1547 2004 M.
1576 1972 1672 2003 nimis
1685 1971 1770 2012 quia.

312 2025 510 2056 West.-28
534 2021 629 2054 Hui!
648 2019 846 2061 peffortiter]
878 2020 966 2051 Haec
991 2019 1081 2058 Guy.
1106 2019 1250 2049 Demeae
1276 2016 1411 2048 tribuit.
1447 2017 1496 2047 Id.
1541 2015 1682 2047 Fortiter
1709 2023 1771 2054 pro

309 2067 444 2108 perfert.
461 2066 521 2096 dat
537 2066 684 2096 ssr.-29
701 2064 804 2094 Sentit
820 2063 917 2094 Bem.
935 2072 1009 2094 cum
1027 2060 1179 2102 plurimis
1193 2060 1280 2091 Mss.
1295 2059 1382 2092 aliis.
1410 2058 1543 2097 Pauci,
1556 2058 1674 2089 sensit:
1689 2066 1772 2099 quo-

312 2110 413 2140 modo
430 2113 543 2140 tamen
561 2107 663 2138 etiam
681 2107 778 2139 Junt.
807 2106 908 2138 West.
953 2106 1042 2136 Idem
1056 2104 1151 2134 sensit
1166 2104 1244 2144 quod
1269 2102 1340 2143 ego]
1362 2102 1460 2134 Bem.
1504 2101 1593 2132 Idem
1614 2100 1693 2141 quod
1716 2109 1772 2139 ego

314 2153 432 2183 sensit.-
454 2155 588 2191 postea,
614 2151 727 2180 deleto
750 2159 766 2180 s
794 2148 919 2188 medio,
945 2147 1108 2178 remansit
1131 2146 1241 2182 sentit,
1266 2145 1354 2186 quod
1372 2144 1555 2185 perspicue
1570 2143 1690 2175 melius
1706 2148 1772 2174 est.

314 2194 443 2225 Eadem
461 2193 644 2224 collocatio
661 2197 713 2223 est
730 2191 761 2222 in
779 2192 820 2223 V.
836 2191 913 2222 Bas.
931 2195 966 2221 et
981 2191 1014 2221 in
1028 2189 1196 2230 aliquibus
1212 2188 1285 2219 aliis
1301 2187 1409 2227 libris,
1422 2192 1458 2218 et
1471 2185 1562 2228 apud
1579 2186 1772 2217 Donatum:

314 2238 400 2268 licet
416 2237 558 2268 verbum
575 2245 640 2266 non
657 2234 795 2273 habeat,
817 2238 856 2264 ut
873 2233 981 2274 possit
997 2233 1091 2272 sciri,
1114 2236 1227 2263 utrum
1243 2230 1366 2272 legerit
1388 2230 1495 2269 sensit,
1515 2238 1558 2260 an
1581 2228 1690 2260 sentit.
1714 2227 1773 2259 Fa.

316 2280 389 2310 Νὸη
401 2281 503 2320 potuit
519 2279 641 2318 melias,
657 2278 738 2308 idem
753 2277 831 2317 quod
848 2276 919 2317 ego]
942 2276 998 2307 Sic
1023 2274 1132 2306 nostri
1155 2283 1285 2311 omnes,
1310 2279 1346 2305 et
1367 2273 1474 2304 sensit.
1518 2271 1586 2303 Sed
1604 2271 1710 2309 vides,
1734 2274 1773 2302 ut

315 2321 527 2354 incommode
554 2321 730 2352 Accentus
756 2321 789 2350 in
816 2319 934 2350 finales
961 2318 1125 2349 incidant.
1173 2317 1301 2348 Contra
1327 2325 1367 2347 ac
1395 2324 1498 2356 supra
1515 2323 1558 2345 11.
1578 2317 1611 2345 2.
1627 2316 1660 2345 7.
1683 2313 1774 2346 ‘Qui

316 2365 414 2405 potui
429 2364 575 2395 melius!
621 2363 737 2395 Facile
754 2362 856 2402 igitur
873 2361 1028 2400 indm-or,
1044 2366 1082 2392 ut
1099 2359 1147 2391 sic
1163 2360 1243 2390 olim
1258 2358 1363 2390 fuisse
1379 2357 1590 2389 existimem:
1615 2356 1690 2387 Non
1703 2359 1776 2396 pote

316 2408 447 2438 melius:
471 2408 551 2438 idem
565 2407 618 2437 ille
632 2407 713 2446 quod
728 2415 784 2444 ego
800 2404 897 2436 sensit
914 2404 944 2435 ίέ
960 2414 1023 2435 esse
1037 2403 1108 2435 huic
1123 2402 1170 2434 rei
1192 2405 1296 2442 caput.
1341 2401 1408 2434 Qui
1433 2399 1529 2432 sentit
1553 2399 1588 2430 in
1607 2398 1774 2430 Bembino

317 2450 554 2490 interpolavit,
571 2450 677 2480 voluit
693 2449 813 2488 opinor
836 2451 949 2485 censet,
973 2446 1061 2488 quod
1088 2450 1152 2484 est,
1181 2449 1294 2485 putat,
1319 2444 1504 2475 existimat.
1527 2442 1622 2473 Bent.
1667 2440 1776 2472 Sensit

318 2493 379 2523 Br.
397 2492 522 2532 Delph.
547 2492 648 2522 Both.
664 2491 845 2522 perh—30
870 2489 1033 2529 Quoeram]
1060 2489 1156 2520 Bem.
1181 2487 1350 2527 inveniam,
1377 2485 1540 2517 laudante
1563 2484 1653 2525 Guy.
1679 2484 1775 2515 West.

319 2535 482 2575 Quaeram]
505 2534 563 2565 Sic
580 2533 676 2565 dedit
693 2533 858 2572 Faernus,
880 2541 946 2563 non
963 2541 1061 2563 ansus
1080 2530 1247 2562 Bembina
1265 2539 1325 2561 suo
1349 2528 1466 2561 fidere.
1512 2527 1632 2559 Nostri
1657 2535 1774 2558 omnes

318 2588 475 2617 quaeram:
500 2580 631 2607 rectum
649 2581 760 2607 tamen
779 2581 830 2606 est
849 2575 1013 2606 inveniam.
1060 2574 1136 2605 Nec
1161 2572 1270 2604 minus
1296 2577 1428 2604 rectum
1455 2579 1603 2612 quaeram.
1626 2569 1775 2600 Rem.—

319 2623 360 2651 31
386 2619 426 2650 In
443 2619 509 2650 fine
528 2619 627 2659 liujus
644 2628 761 2649 versus
780 2617 910 2648 ascribe
933 2617 1119 2648 dictionem
1149 2616 1213 2654 Ita,
1243 2625 1318 2656 quae
1335 2620 1388 2646 est
1403 2614 1512 2654 prima
1526 2611 1776 2653 subsequentis.

318 2662 376 2693 Sic
393 2663 425 2692 lii
442 2661 508 2692 duo
526 2671 640 2692 versus
659 2666 758 2691 erunt
776 2661 937 2691 trochaici
954 2659 1161 2698 catalectici,
1177 2662 1213 2689 ut
1229 2657 1348 2689 ceteri.
1393 2657 1450 2688 Ita
1468 2664 1602 2697 quoque
1617 2654 1774 2685 ordinan-

323 2705 429 2735 turin
447 2704 544 2734 Bem.
565 2709 598 2734 et
615 2703 742 2743 aliquot
759 2703 833 2733 aliis
857 2703 962 2733 libris.
989 2703 1045 2733 Fa.
1092 2701 1144 2733 lta
1170 2701 1316 2732 collocat
1340 2700 1379 2731 Z.
1405 2700 1438 2729 in
1465 2707 1565 2729 versu
1590 2706 1661 2736 seq.
1707 2695 1775 2727 Siet

322 2757 383 2786 pro
401 2748 441 2776 sit
460 2747 562 2776 Both.
596 2747 678 2784 Agis
692 2755 753 2785 pro
769 2746 815 2775 ais
832 2745 947 2775 Guelf.
963 2747 1083 2775 3.—-32
1100 2745 1158 2775 Pr.
1173 2743 1229 2774 lib.
1244 2752 1269 2774 Ι.
1287 2743 1372 2774 lust.
1389 2741 1506 2774 Gram.
1529 2740 1775 2775 Dimminuetur,

324 2791 416 2830 qnasi
447 2789 686 2819 Disminuetur:
711 2788 797 2828 quod
823 2787 939 2818 laudat
967 2786 1137 2826 Gifanius,
1164 2785 1240 2817 Iud.
1267 2787 1403 2817 Lucret.
1418 2794 1449 2816 v.
1474 2783 1644 2815 Diminuo.
1674 2781 1773 2814 West.
