1966 3302
346 246 431 288 586
834 262 876 290 P.
909 260 1150 291 TERENTu
1185 263 1300 293 Anni

350 355 433 396 SY.
465 356 622 406 Immo,
653 360 701 398 ut
730 360 897 410 patrem
932 360 1055 397 tuum
1084 358 1176 399 vidi
1208 372 1306 400 esse
1336 359 1547 409 habitum,
1570 359 1644 401 diu
1663 361 1795 402 etiam

521 425 655 466 duras
677 425 813 465 dabit.

351 489 470 532 BAc.
503 491 720 541 Quisnam
741 491 810 532 hic
832 491 1091 533 adolescens
1115 496 1195 543 est,
1225 493 1301 547 qui
1332 493 1514 534 intuitur
1532 494 1643 534 nos?
1703 493 1797 535 AN.

522 558 618 600 Ah!
649 559 781 599 retine
801 572 884 608 me,
907 560 1106 601 obsecro.

352 626 470 666 BAc.
501 624 692 675 Amabo,
713 626 821 679 quid
844 626 924 666 tibi
944 627 1039 667 est?
1101 628 1194 667 AN.
1226 627 1449 681 Disperii!
1481 628 1593 681 perii
1610 628 1796 670 misera!

523 693 642 734 ΒΑΘ.
675 692 794 743 Quid
817 698 988 747 stupes,

354 759 616 814 Antiphila?
683 760 770 802 AN.
803 760 994 802 Videon’
1019 760 1224 812 Cliniam,
1247 775 1299 802 an
1325 762 1442 802 non‘?
1504 762 1623 803 ΒΑΘ.
1655 761 1798 813 Quem

528 828 680 869 vides?
1744 829 1801 870 25

356 894 438 936 CL.
472 895 619 945 Salve,
651 897 793 937 anime
823 896 897 937 mi.
955 896 1048 937 AN.
1081 897 1119 937 O
1142 896 1203 936 mi
1231 899 1483 949 expectate,
1520 896 1655 938 salve.
1715 895 1801 937 Cn.

527 962 590 1004 Ut
608 964 730 1004 vales
745 965 763 1004 ⁶?

357 1029 450 1072 AN.
483 1030 662 1071 Salvum
684 1031 918 1073 advenisse
940 1030 1122 1083 gaudeo.
1184 1030 1267 1071 CL.
1300 1030 1500 1071 Teneone
1517 1035 1574 1081 te,

357 1099 604 1152 Antiphila,
625 1112 833 1140 maxume
854 1099 998 1139 animo
1019 1102 1234 1152 exoptata
1253 1098 1382 1137 meo?

361 1230 568 1262 animadverti
593 1231 765 1262 animalum
789 1241 854 1262 esse
877 1240 952 1270 erga
968 1234 1009 1270 te,
1023 1230 1081 1261 tibi
1096 1231 1238 1261 molestus
1253 1230 1326 1268 erit,
1343 1239 1380 1260 ac
1393 1229 1550 1268 negotium
1558 1227 1707 1266 facesset,
1731 1227 1758 1258 si
1774 1231 1805 1258 te

359 1275 533 1309 cognoverit
548 1274 647 1306 adhuc
662 1285 776 1305 amare.
822 1275 887 1305 BA.
914 1274 1064 1309 Quisnam
1080 1277 1124 1304 est
1139 1273 1333 1310 illejuvenis,
1347 1272 1398 1312 qui
1413 1283 1467 1302 nos
1483 1271 1618 1312 aspicit?
1661 1270 1729 1302 AN.
1755 1270 1805 1301 ΑΙι

359 1316 520 1347 Bacchis!
542 1327 593 1347 oro
623 1321 666 1356 te,
689 1317 790 1348 retine
804 1327 861 1353 me,
873 1327 910 1348 ne
925 1318 1044 1347 cadum.
1087 1317 1152 1348 ΒΑ.
1179 1316 1245 1347 Per
1269 1325 1400 1346 amorem
1429 1324 1504 1353 rogo
1529 1318 1571 1352 te,
1598 1315 1671 1354 quid
1694 1311 1807 1345 habes?

361 1357 431 1390 ΑΝ.
458 1360 578 1397 Occidi,
589 1370 656 1400 proe
670 1370 772 1391 amore
786 1369 854 1390 sum
868 1361 965 1399 impos
981 1359 1049 1389 mei.
1097 1360 1162 1390 BA.
1189 1359 1307 1396 Infelix
1328 1368 1383 1397 ego
1402 1358 1525 1397 perdita
1540 1367 1616 1388 sum.
1665 1357 1694 1387 0
1708 1356 1805 1387 Anti-

359 1401 458 1442 phua,
475 1412 528 1433 cur
551 1403 597 1433 ita
619 1404 753 1433 attonita
776 1413 806 1434 es
830 1406 860 1433 et
884 1405 1103 1432 consternata?
1147 1401 1216 1432 ΑΝ.
1243 1402 1355 1432 Utrum
1372 1401 1458 1430 video
1473 1399 1605 1430 amicum
1619 1408 1719 1429 meum
1743 1399 1807 1430 Cli-

362 1445 458 1479 niam,
474 1455 513 1476 an
529 1444 611 1477 non?
655 1446 719 1476 BA.
739 1446 835 1480 Quem
848 1445 1001 1476 intueris?
1047 1445 1109 1476 Cn.
1145 1445 1173 1474 Ο
1201 1442 1392 1482 Antiphila!
1415 1452 1512 1473 meum
1538 1440 1719 1472 corculum!
1740 1451 1808 1472 mea

363 1486 459 1518 cita!
480 1489 596 1518 sulcam
623 1492 652 1518 te
669 1498 732 1519 esse
747 1498 836 1528 quam
850 1488 987 1527 gaudeo!
1040 1486 1109 1518 AN.
1129 1486 1212 1517 Omi
1228 1489 1332 1526 optate
1359 1486 1477 1522 Clinia,
1502 1484 1608 1516 salve!
1653 1485 1713 1516 CL·
1739 1483 1807 1519 Quo

362 1532 449 1561 modo
480 1534 510 1561 te
539 1531 660 1561 habes?
707 1531 776 1562 AN.
809 1531 939 1561 Loetitia
969 1530 1121 1569 singulari
1151 1529 1280 1570 afficior,
1307 1529 1385 1568 quod
1414 1531 1444 1558 te
1474 1529 1614 1558 reducem
1637 1530 1668 1557 et
1690 1527 1806 1557 incolu-

363 1582 441 1603 mem
462 1584 562 1605 cerno.
608 1575 668 1605 CL.
705 1575 734 1604 Ο
760 1574 936 1613 Antiphila,
966 1576 1123 1614 tantopere
1147 1572 1323 1603 desiderata
1352 1571 1450 1601 amori
1481 1569 1576 1601 meo!
1612 1572 1679 1600 tene
1707 1568 1806 1600 adhuc

957 1674 1195 1686 ”neuma-0

365 1745 472 1776 Duras
486 1745 584 1775 dab-it.
628 1745 718 1786 Guy.
735 1745 823 1776 bunc
840 1754 887 1775 vs·
903 1744 1053 1784 spui-ium
1071 1748 1182 1774 vocat.
1226 1742 1414 1774 palmerius
1427 1741 1587 1773 audacius
1601 1751 1695 1782 puras
1716 1740 1811 1782 legit.

372 1788 474 1819 West.
518 1793 526 1805 ‘
545 1788 635 1830 Guy.
654 1798 712 1819 suo
731 1798 824 1818 more
852 1792 959 1818 totum
989 1797 1037 1817 vs,
1064 1786 1213 1827 spurium
1241 1795 1314 1816 esse
1338 1791 1373 1816 et
1399 1784 1579 1816 delendum
1606 1785 1814 1824 pronuntiat.

367 1831 468 1862 Prius
485 1836 597 1861 tamen
614 1842 710 1873 quani
728 1831 896 1868 deleatur,
919 1830 994 1860 vide
1012 1840 1052 1860 an
1070 1839 1129 1859 nos
1146 1829 1262 1859 melius
1279 1828 1358 1869 quid
1376 1827 1568 1868 afferamus,
1589 1827 1618 1858 Ι.
1633 1837 1665 1858 ιι.
1679 1837 1710 1867 p.
1734 1830 1758 1858 t.
1783 1837 1812 1857 ι·.

363 1877 470 1914 partes
485 1875 538 1904 diu
552 1883 578 1905 e.
593 1876 625 1906 d.
640 1874 682 1905 d?
706 1874 807 1905 Bent.
852 1874 861 1890 ⁴
877 1873 978 1911 Vulg.
996 1876 1018 1902 t.
1035 1883 1062 1902 υ.
1080 1873 1109 1902 d.
1126 1881 1153 1903 e.
1170 1871 1200 1902 h.
1217 1872 1270 1902 diu
1286 1872 1381 1902 etiam
1396 1872 1489 1901 duras
1504 1871 1536 1902 d.
1561 1879 1635 1911 quae
1652 1869 1814 1900 mendosa

366 1926 455 1956 esse,
479 1926 593 1947 omnes
608 1916 827 1948 confitentur.
871 1916 971 1946 Bent.
999 1915 1121 1946 deletis
1148 1914 1260 1945 verbis
1283 1924 1347 1945 esse
1370 1913 1521 1950 habitum,
1544 1922 1585 1943 ex
1615 1913 1815 1952 conjectura

368 1959 476 1998 dedit,
492 1960 568 1999 vidi,
582 1964 700 2000 partes,
724 1959 820 1990 nimis
838 1968 898 1998 pro
916 1956 1078 1989 arbitrio.²
1100 1957 1196 1988 Both.
1224 1957 1279 1997 qui
1296 1958 1368 1996 ipse
1394 1955 1464 1995 dat,
1485 1956 1551 1986 vidi
1575 1965 1615 1986 ex
1640 1955 1727 1985 abitu
1748 1959 1814 1990 tuo,

367 2003 463 2033 etiam
477 2012 509 2033 se
522 2003 631 2033 durum
647 2003 745 2033 dabit.
791 2001 1072 2032 Emendationem
1088 2001 1190 2030 Bent.
1208 1999 1368 2039 reprobat
1382 1999 1460 2039 Bip.
1487 2003 1522 2028 et
1550 1999 1625 2028 lect.
1644 1998 1814 2038 vulgatam

370 2044 536 2077 defendit.
581 2046 732 2076 ‘Versus
756 2046 986 2076 conclamatus
1011 2053 1074 2074 nee
1100 2043 1171 2073 sine
1195 2043 1372 2073 meliorum
1400 2042 1566 2072 Mstorum
1589 2049 1653 2080 ope
1680 2040 1816 2071 restitu-

369 2088 500 2119 endus?
525 2089 566 2119 R.
583 2089 626 2120 D.
672 2089 787 2119 Partes
804 2087 924 2127 probat
940 2087 1119 2117 perh—23
1143 2085 1289 2118 Quidam
1313 2085 1394 2115 libb.
1420 2084 1481 2125 [G.
1510 2089 1545 2114 et
1573 2083 1655 2114 EM.
1682 2083 1817 2114 nomine

371 2136 536 2162 memorat
548 2132 580 2161 in
598 2130 706 2170 Add.]
724 2132 839 2171 legunt
852 2130 1003 2160 intuetur.
1026 2129 1219 2159 West.—24
1243 2128 1293 2159 M.
1311 2127 1385 2158 eod.
1405 2127 1494 2167 Lips.
1510 2125 1657 2157 Boecleri
1687 2135 1816 2164 ornnes,

371 2179 408 2204 et
422 2173 521 2204 Bodl.
538 2174 581 2205 G.
599 2173 731 2215 [Guelf.
748 2174 797 2213 2.]
816 2172 956 2212 Disperii
971 2172 1093 2203 misera.
1129 2171 1186 2201 Ita
1201 2175 1235 2200 et
1253 2170 1322 2200 ΕΡ.
1338 2170 1404 2201 ΕΤ.
1419 2179 1494 2200 cum
1509 2174 1625 2199 vetere
1639 2178 1818 2209 anonyma.

370 2217 501 2255 Vulgo:
539 2216 606 2247 ΑΝ.
634 2216 800 2256 Disperii!
846 2216 912 2246 BA.
939 2215 1038 2252 Perii,
1059 2212 1197 2245 misera!
1242 2213 1324 2244 EM.
1347 2212 1439 2243 Perii
1461 2210 1598 2243 misera!
1622 2211 1817 2242 west—26

372 2258 456 2296 Alii,
481 2261 510 2287 0
537 2259 581 2289 mi
598 2259 716 2291 Clinia.
758 2259 826 2289 Ms.
844 2258 935 2298 Lips.
952 2261 987 2288 et
1004 2257 1052 2288 M.
1072 2257 1100 2286 Ο
1117 2256 1159 2286 mi
1174 2258 1333 2295 expectate
1350 2254 1468 2285 Clinia.
1513 2254 1567 2284 Ita
1592 2258 1626 2284 et
1653 2253 1726 2284 ΕΡ.
1747 2253 1820 2284 ΕΤ.

373 2302 446 2333 EV.
465 2305 494 2333 1.
520 2302 616 2332 Idem.
664 2303 693 2332 Ο
720 2302 762 2332 mi
788 2304 946 2341 escpectate
964 2300 1068 2330 Clinia
1084 2300 1143 2330 ΒΓ.
1159 2299 1260 2329 Both.
1276 2298 1354 2337 Bip.
1370 2298 1473 2328 Bent.
1488 2294 1603 2328 Guelf.
1617 2299 1647 2327 l.
1662 2298 1694 2328 2.
1711 2299 1742 2327 3.

373 2344 417 2375 mi
446 2345 550 2375 Clinia
577 2344 752 2375 Pei-L-—27
776 2343 902 2375 Salvum
931 2341 1063 2382 venisse]
1097 2341 1189 2372 Alias
1218 2341 1388 2372 aduenisse.
1419 2339 1476 2371 Er.
1523 2339 1563 2370 Te
1593 2343 1672 2379 post
1700 2339 1820 2369 salvum

376 2386 489 2418 Guelf.
505 2390 621 2417 3.—-28
645 2386 785 2427 Optime
801 2391 908 2417 staret
926 2385 1087 2420 senarius,
1112 2385 1137 2414 si
1154 2387 1331 2424 exoptatam
1356 2384 1548 2423 legeretur:
1574 2385 1610 2412 et
1639 2381 1687 2412 ita
1711 2381 1820 2421 scrip-

375 2430 460 2461 sisse
475 2430 671 2460 Terentium
687 2430 854 2460 existimo.
878 2429 935 2460 Fa.
978 2427 1076 2458 Bodl.
1090 2429 1238 2467 spectata.
1286 2426 1348 2456 Ms.
1369 2425 1461 2464 Lips.
1477 2426 1646 2464 expectata.
1689 2427 1699 2440 ‘
1711 2424 1819 2454 Recte

375 2473 434 2504 Fa.
449 2476 646 2512 exoptacam;
669 2473 774 2502 nostri
791 2472 873 2503 licet
888 2480 1003 2502 omnes
1019 2472 1163 2509 exoptata
1180 2470 1232 2499 vel
1246 2471 1445 2508 exspectatm
1468 2468 1526 2497 sed
1545 2467 1576 2496 in
1594 2465 1716 2497 ceteris
1732 2466 1820 2497 male

378 2525 449 2546 rem
467 2516 583 2555 gessit.
627 2515 684 2545 Sic
700 2515 740 2544 ab
757 2524 796 2544 eo
812 2514 844 2544 hi
862 2523 978 2544 versus
995 2513 1169 2544 constituti
1186 2517 1284 2542 sunt:
1309 2510 1427 2541 Amabo
1442 2510 1515 2550 quid
1530 2508 1589 2539 tibi
1603 2512 1660 2539 est.
1692 2507 1734 2540 A.
1757 2508 1820 2539 dis-

375 2559 468 2599 perii.
514 2559 552 2588 B.
573 2557 653 2597 perii
667 2557 795 2587 misera:
817 2557 889 2596 quid
904 2559 1008 2596 stupes
1022 2553 1214 2595 Antiphila?
1258 2553 1299 2584 A.
1321 2554 1429 2584 videon
1448 2552 1582 2583 Cliniam
1596 2561 1636 2582 an
1651 2554 1733 2581 non?
1777 2551 1820 2581 B.

377 2611 464 2641 quem
479 2600 586 2631 rides!
631 2600 689 2630 CL.
713 2599 804 2630 Salve
819 2599 920 2629 anime
936 2599 989 2629 mi.
1035 2598 1074 2629 A.
1098 2607 1114 2627 ο
1129 2597 1171 2627 mi
1191 2597 1307 2635 Clinia,
1330 2596 1423 2626 salve.
1468 2595 1530 2625 CL.
1554 2597 1588 2624 ut
1604 2593 1708 2624 vales?
1752 2591 1820 2624 AN.

378 2643 506 2674 Salvum
522 2643 638 2672 venisse
649 2643 777 2680 gaudeo.
822 2643 881 2673 CL.
906 2646 1028 2672 teneone
1039 2644 1081 2676 te,
1095 2639 1272 2679 Antiphila,
1296 2647 1436 2669 maxume
1450 2637 1551 2667 animo
1566 2638 1711 2675 exoptata
1736 2638 1823 2666 meo?

382 2685 448 2716 Ubi
467 2686 499 2715 in
517 2695 613 2714 versu
632 2685 738 2723 primo
762 2685 843 2724 perii
868 2684 980 2714 misera
1009 2683 1095 2713 male
1122 2683 1313 2722 assignatur
1336 2679 1510 2711 Bacchidi.
1556 2678 1674 2709 Nostri
1697 2686 1824 2716 omneS,

381 2728 422 2759 A.
448 2727 577 2767 disperii
595 2728 716 2757 misera.
763 2728 803 2757 B.
825 2727 897 2767 quid
913 2730 1025 2766 stupes.
1072 2725 1181 2755 Recte
1199 2724 1334 2765 quidem
1350 2722 1504 2753 additum
1519 2721 1612 2760 perii,
1634 2729 1732 2751 versu
1749 2719 1822 2760 ipso

382 2771 598 2810 postulant03
623 2769 680 2799 sed
699 2775 768 2800 tum
786 2775 892 2800 totum
909 2769 1005 2807 illud,
1027 2767 1166 2806 disperii,
1186 2766 1268 2808 perii
1282 2766 1394 2796 misera
1409 2763 1593 2803 Antiphilae
1610 2766 1673 2794 est.
1708 2762 1822 2793 Plaut.

383 2813 491 2845 Mete.
518 2821 566 2843 iv.
597 2814 623 2843 1.
648 2814 697 2843 15.
721 2811 910 2853 ιΒίεριετίἰ,
934 2810 1020 2853 perii
1045 2810 1179 2850 misera,
1202 2818 1252 2840 vae
1277 2808 1409 2840 miserm
1435 2805 1540 2838 mihi:
1583 2806 1694 2836 Versu
1720 2805 1823 2836 tertio
