1966 3302
294 216 379 259 828
797 227 835 255 P.
868 224 1110 256 TERENTH
1147 225 1262 256 ΛΜΗ

298 322 404 364 Hoc
437 323 476 363 si
507 321 734 363 rescierit:
763 333 818 362 eo
840 320 1020 361 domum
1040 318 1195 361 studeo
1216 318 1331 369 haec,
1364 318 1488 372 prius
1511 330 1645 372 quam
1665 319 1755 369 ille,

467 394 518 431 ut
538 389 703 431 redeat.
1699 387 1757 428 20

296 457 445 498 an.
477 457 667 507 Laches,
688 461 734 498 et
753 455 1031 509 diligentiam
1052 458 1245 496 vostram
1267 457 1310 494 et
1327 453 1649 507 benignitatem

297 524 448 578 Novi;
477 530 521 568 et
541 539 642 580 quae
664 525 793 574 dicis,
815 524 965 566 omnia
986 536 1100 573 esse,
1131 526 1180 564 ut
1201 523 1330 572 dicis,
1354 523 1544 563 animum
1567 521 1756 565 induco:

297 592 354 633 Et
374 597 416 633 te
437 592 521 634 hoc
539 593 646 634 mihi
666 593 800 646 cupio
821 591 1027 632 credere:
1061 590 1183 631 illam
1206 590 1261 630 ad
1285 602 1364 631 vos
1387 589 1526 631 redire
1547 588 1716 630 studeo.

297 657 347 701 Si
378 659 526 702 facere
555 661 724 714 possim
755 660 846 701 ullo
876 659 1026 700 modo.
1086 657 1175 698 LA.
1206 656 1322 708 Quae
1354 671 1423 698 res
1456 661 1497 698 te
1531 657 1678 698 facere
1712 656 1758 698 id

501 727 707 768 rohibet'?

295 794 414 836 Eho!
440 741 542 836 nliim
564 795 775 859 quidnam
799 797 988 836 accusat
1007 793 1180 836 virum?
1242 793 1392 835 Pffln.
1416 791 1601 834 Minime
1620 807 1631 846 ;
1653 806 1756 834 nam

470 867 708 918 postquam
732 858 900 904 attendi
1697 861 1758 902 25

298 930 464 983 Magis,
489 934 534 972 et
550 931 596 972 vi
617 931 738 984 coepi
758 943 930 983 cogere,
952 933 1001 971 ut
1021 928 1200 979 rediret,
1221 932 1372 970 sancte
1395 928 1584 983 adjurat,

297 998 405 1040 Non
425 1011 561 1052 posse
580 998 700 1052 apud
719 1010 799 1039 vos
822 997 1059 1051 Pamphilo
1082 1010 1130 1038 se
1151 998 1336 1038 absente
1359 998 1613 1051 perdurare.

296 1130 421 1151 causam
434 1119 536 1151 laboro
548 1119 632 1151 omni
646 1119 762 1157 studio,
784 1122 818 1150 ut
836 1119 1024 1151 Philumena
1044 1119 1134 1160 prius
1148 1119 1188 1149 ad
1203 1119 1285 1149 <ecles
1306 1121 1429 1149 nostras
1449 1118 1569 1157 redeat,
1591 1127 1682 1158 quam
1696 1117 1762 1150 ille.

297 1164 370 1195 Pu.
393 1162 524 1203 Laches,
546 1166 577 1194 et
602 1163 800 1194 sedulitatem
826 1166 972 1201 vestram,
994 1166 1025 1193 et
1049 1161 1270 1201 benignitatem
1287 1164 1472 1201 compertam
1486 1160 1592 1199 habeo,
1613 1164 1644 1191 et
1660 1162 1762 1193 omnia

296 1217 364 1247 quse
379 1206 470 1245 dicis,
493 1209 578 1237 certa
601 1210 631 1237 et
646 1215 720 1237 vera
736 1215 799 1237 esse
823 1206 901 1237 mihi
922 1207 1111 1245 persuadeo:
1134 1205 1229 1236 etz'am
1250 1204 1354 1243 velim,
1376 1203 1432 1234 hoc
1455 1203 1532 1234 mihi
1553 1204 1682 1236 credas.-
1703 1204 1760 1236 illa

296 1253 333 1280 ut
347 1251 471 1280 domum
485 1253 573 1281 tuam
587 1252 776 1288 revereatur,
788 1259 836 1280 me
851 1259 974 1288 operam
989 1250 1076 1285 dare,
1089 1248 1119 1279 si
1132 1249 1196 1279 ulla
1211 1248 1332 1278 ratione
1347 1248 1380 1277 id
1392 1247 1509 1288 efficere
1523 1247 1651 1278 valeam.
1697 1247 1762 1279 LA.

299 1292 379 1327 Quoe
394 1302 444 1322 res
461 1296 491 1324 {e
506 1293 560 1323 hoc
578 1291 688 1330 facere
711 1293 864 1332 impedit?
896 1292 978 1331 Eho,
1005 1302 1046 1322 an
1065 1292 1120 1322 illa
1145 1291 1276 1329 alicujus
1299 1291 1396 1329 culpa>
1410 1289 1512 1321 virum
1525 1299 1615 1321 suum
1628 1288 1761 1329 arguit?

298 1336 369 1367 Pu.
393 1336 521 1366 Nullius
533 1346 545 1372 ,·
568 1345 639 1366 nam
653 1335 707 1366 ubi
721 1345 786 1366 rem
799 1335 983 1375 diligentius
997 1335 1200 1372 consideravi,
1221 1338 1252 1365 et
1267 1333 1298 1364 vi
1313 1342 1478 1372 aggressus
1497 1342 1564 1363 sum
1578 1342 1657 1372 eam,
1678 1336 1713 1364 ut
1727 1333 1762 1363 in

297 1380 384 1410 tuam
398 1380 519 1410 domum
534 1382 754 1419 reverteretur,
776 1378 845 1420 ipsa
859 1379 1004 1418 religiose
1010 1379 1105 1418 jurat
1119 1387 1151 1409 se
1166 1387 1227 1409 non
1238 1386 1325 1418 posse
1343 1377 1425 1416 apud
1447 1385 1498 1406 vos
1519 1385 1576 1416 per
1589 1375 1763 1407 absentiam

913 1472 1152 1484 eeeeeeeeeeee

298 1549 381 1582 citer
402 1551 538 1581 laturum
551 1550 684 1581 credam.
730 1549 905 1581 Credasne
927 1549 1015 1581 hunc
1030 1552 1208 1580 accentum
1232 1546 1273 1578 ab
1297 1549 1439 1577 auctore
1464 1554 1552 1586 esse,
1568 1554 1644 1577 cum
1668 1545 1763 1578 nulio

299 1594 437 1635 negotio
453 1593 554 1624 aliter
570 1593 682 1633 potuit
696 1593 707 1623 ?
755 1594 862 1633 Neque
876 1593 950 1624 adeo
965 1594 1045 1623 clam
1065 1602 1114 1623 me
1129 1595 1186 1630 est,
1199 1600 1290 1631 quam
1304 1599 1370 1621 esse
1384 1599 1454 1620 eum
1473 1589 1610 1620 laturum
1621 1589 1765 1628 graviter

298 1639 432 1668 credam.
477 1636 545 1667 Sed
563 1636 642 1677 quid
660 1635 760 1666 sodes
777 1635 858 1667 illud
886 1641 953 1674 est,
966 1637 975 1653 ‘
995 1635 1071 1667 Non
1088 1635 1174 1666 clam
1189 1643 1243 1664 me
1259 1637 1325 1672 est,
1341 1641 1442 1674 quam
1458 1630 1626 1662 credam?
1671 1632 1764 1664 Quo-

300 1680 402 1712 modo
432 1680 522 1710 Clam
538 1679 569 1710 ei
597 1689 670 1710 esse
698 1679 816 1719 possit,
832 1679 911 1719 qnid
939 1679 1013 1719 ipse
1042 1679 1179 1709 Credat?
1203 1677 1312 1708 Recta
1339 1680 1413 1706 erat
1437 1675 1578 1713 incutio,
1597 1674 1667 1706 Non
1684 1676 1765 1706 clam

299 1734 347 1755 me
376 1727 434 1763 est,
453 1733 548 1762 quam
572 1722 715 1762 graviter·
737 1723 859 1753 laturus
887 1722 950 1753 sit.-
974 1726 1011 1752 ut
1041 1721 1125 1752 infra
1155 1729 1205 1751 ιν.
1235 1723 1264 1751 1.
1295 1721 1348 1750 52.
1392 1719 1401 1735 ‘
1424 1718 1501 1750 Nou
1525 1718 1648 1758 edepol
1675 1719 1761 1750 claui

299 1776 353 1797 me
370 1771 435 1805 est,
463 1770 501 1796 ut
517 1766 571 1796 hic
596 1765 725 1796 laturus
751 1766 816 1797 hoe
843 1765 909 1796 sit!
930 1770 964 1795 et
985 1764 1077 1796 And.
1095 1767 1167 1796 1.5.
1185 1765 1238 1794 52.
1262 1764 1272 1780 ‘
1291 1762 1370 1793 Non
1395 1761 1481 1792 clam
1510 1765 1545 1791 te
1571 1765 1637 1799 est,
1662 1771 1762 1802 qnam

299 1816 457 1850 utraeque
486 1818 540 1839 res
567 1808 667 1839 utiles
698 1808 791 1839 sint!
838 1809 979 1848 Repone
1005 1808 1121 1847 igitur,
1140 1807 1250 1846 Neque
1263 1807 1338 1836 adeo
1359 1804 1439 1835 clam
1461 1807 1492 1834 te
1513 1806 1572 1843 est,
1588 1814 1679 1844 quam
1701 1814 1764 1836 esse

299 1862 368 1883 eum
391 1853 527 1883 laturum
552 1852 697 1891 graviter
719 1853 850 1883 credam.
873 1852 976 1882 Bent.
1007 1860 1103 1891 neque
1122 1851 1197 1881 adeo
1225 1849 1354 1879 clamem
1380 1847 1442 1878 nisi
1467 1847 1541 1886 quia
1566 1856 1634 1877 eum
1658 1847 1762 1879 Both.

299 1895 375 1927 ‘me
406 1896 501 1926 delet
530 1895 633 1925 Bent.
680 1894 728 1925 At
759 1904 876 1925 sensus
908 1898 1005 1935 patet
1027 1894 1198 1933 vulgatae.'
1225 1892 1314 1922 Perl.
1360 1890 1416 1921 ‘Si
1451 1889 1533 1930 quid
1562 1890 1762 1921 mutandum

301 1944 367 1977 est,
411 1937 572 1979 equidem
609 1938 849 1978 corrigendum
896 1947 1020 1968 censeo
1055 1937 1161 1967 credas
1206 1944 1282 1966 cnm
1319 1931 1611 1972 interrogatione!
1661 1932 1763 1964 Zeun.

299 1984 386 2012 —20
410 1981 580 2022 Guyetus,
604 1986 643 2011 ut
659 1983 759 2016 solet,
785 1982 817 2011 in
836 1981 948 2011 omnia
974 1980 1040 2010 alia
1065 1979 1182 2010 abiens
1208 1977 1304 2017 legit,
1328 1978 1376 2007 Eo
1401 1977 1522 2007 demum
1547 1976 1654 2006 studeo
1683 1976 1764 2015 hoec,

297 2025 480 2065 priusquam
505 2024 558 2055 ille
585 2024 643 2054 huc
668 2025 788 2054 redeat.
833 2024 882 2054 Ut
909 2023 995 2054 adeo
1017 2023 1026 2040 ‘
1042 2022 1173 2053 Studeo
1199 2019 1294 2052 haec'
1317 2020 1373 2055 sit,
1396 2019 1497 2049 ταῦτα
1523 2016 1698 2058 σπουδάζω,
1726 2024 1763 2050 et

301 2067 535 2105 subaudiatur,
551 2067 650 2098 ‘lites
668 2065 898 2105 componere!
943 2066 999 2097 Sic
1014 2065 1164 2097 Galenus
1180 2064 1403 2105 θεραπευτικῶν
1417 2061 1478 2092 lib.
1495 2070 1548 2092 lx.
1573 2061 1766 2102 Δοξοσοφίαν

300 2112 424 2150 μᾶλλον
438 2110 458 2148 ἢ
473 2109 621 2147 ἀλήθειαν
634 2109 832 2149 σπουδάζειν.
862 2109 996 2141 Quaerit
1010 2118 1111 2150 porro
1128 2108 1299 2148 Guyetus‚
1313 2110 1321 2123 ‘
1336 2105 1427 2139 Quid
1439 2104 1495 2135 hic
1510 2103 1547 2134 τὸ
1563 2104 1698 2136 Domum
1714 2104 1764 2136 fa·

302 2156 387 2194 ciat,
404 2163 469 2184 non
485 2153 608 2185 video.'
652 2154 761 2184 Immo
780 2161 870 2190 vero,
885 2153 964 2194 qnid
980 2151 1018 2182 τὸ
1041 2153 1050 2169 ‘
1064 2152 1213 2183 Demum
1225 2151 1246 2181 ?'
1269 2150 1278 2168 ‘
1293 2149 1437 2180 Domum
1451 2147 1459 2161 ’
1475 2147 1578 2178 ducta
1593 2152 1667 2179 erat
1682 2147 1764 2178 Phi-

302 2198 451 2236 lumena,
475 2198 484 2213 ‘
499 2195 620 2227 domo'
642 2196 789 2235 abierat,
811 2196 821 2212 ‘
838 2195 994 2226 domum'
1027 2204 1110 2235 ergo
1139 2195 1252 2225 redire
1278 2202 1354 2223 eam
1370 2200 1511 2222 necesse
1527 2195 1616 2222 erat.
1662 2190 1763 2222 Unde

303 2245 363 2271 aut
381 2250 460 2271 vera
476 2245 529 2271 est
544 2239 661 2279 lectio,
684 2249 785 2280 quam
802 2239 950 2277 exhibui,
964 2243 1023 2269 aut
1041 2248 1114 2279 quae
1131 2243 1184 2268 est
1207 2237 1241 2268 in
1265 2235 1382 2276 paucis
1399 2233 1583 2265 Codicibus
1600 2233 1688 2273 aliis,
1718 2234 1764 2264 Eo

301 2286 424 2315 domum
438 2284 546 2314 studeo
559 2283 649 2320 hanc,
664 2282 755 2322 (snb.
775 2281 902 2321 redire)
915 2282 1094 2322 priusquam
1109 2281 1161 2312 ille
1176 2280 1235 2310 huc
1245 2279 1361 2310 redeat.
1384 2277 1495 2308 West.
1529 2276 1570 2307 In
1585 2277 1762 2317 antiquiss.

302 2326 413 2363 libris,
438 2326 535 2357 Bem.
554 2331 589 2356 et
604 2326 697 2356 Vict.
713 2330 749 2356 et
766 2326 974 2363 Decurtato,
991 2335 1064 2364 pro,
1079 2324 1137 2354 huc
1151 2324 1272 2362 redeat,
1297 2321 1436 2360 legitur,
1458 2322 1493 2350 ut
1507 2319 1635 2350 redeat.-
1659 2325 1695 2350 et
1710 2324 1764 2350 est

303 2369 409 2409 ordo;
433 2378 473 2400 eo
500 2367 622 2399 studeo
638 2373 677 2398 ut
693 2369 766 2399 haec
784 2367 903 2399 redeat
920 2369 1054 2398 domum
1072 2367 1166 2407 prius
1181 2375 1281 2406 quam
1298 2364 1367 2395 iile.
1391 2362 1453 2394 Fa.
1499 2362 1621 2393 Nostri
1648 2371 1765 2393 omnes

303 2413 376 2452 huc,
392 2417 428 2444 et
444 2412 598 2442 Donatus
610 2420 687 2442 cum
705 2410 793 2442 Edd.
812 2416 897 2442 vett.
947 2410 991 2441 Ut
1018 2420 1037 2440 a
1063 2407 1322 2440 Correctoribus
1351 2405 1458 2445 venit,
1483 2405 1541 2446 qui
1565 2405 1766 2436 nesciebant

303 2466 405 2486 unum
432 2454 592 2485 mendum
619 2453 808 2494 corrigere,
830 2454 892 2484 nisi
918 2452 1111 2484 inducendo
1136 2452 1292 2482 alterum.
1338 2450 1430 2489 Lege
1455 2457 1531 2479 cum
1558 2447 1649 2479 Edd.
1677 2453 1763 2479 vett.

305 2498 379 2530 Hoc
394 2498 422 2529 si
436 2497 598 2529 rescierit:
621 2507 655 2527 eo
681 2497 802 2528 domum
826 2497 934 2527 studeo
958 2496 1047 2532 lianc,
1069 2496 1250 2536 priusquam
1266 2493 1318 2525 ille
1332 2492 1390 2523 huc
1404 2492 1522 2522 redeat.
1568 2490 1675 2531 Hanc,
1698 2500 1764 2522 non

304 2541 409 2572 Hoec:
433 2547 469 2572 et
492 2545 499 2557 ⁴
515 2539 667 2579 Redire:
691 2544 699 2557 ¹
716 2539 909 2570 Revocare'
926 2540 977 2569 vel
994 2538 1103 2569 simite
1119 2537 1211 2579 quid,
1228 2541 1264 2568 ut
1281 2535 1418 2577 passim,
1432 2533 1643 2564 subauditur.
1667 2533 1765 2565 Bent.

305 2585 462 2625 sequitur
479 2584 582 2614 Both.
599 2583 770 2624 improbat
793 2583 873 2622 Bip.
895 2582 953 2612 huc
968 2583 1074 2612 redeat
1091 2581 1170 2621 Bip.
1188 2580 1348 2610 Ena—21.
1369 2580 1410 2609 22
1434 2577 1518 2607 Mss.
1542 2576 1607 2607 dno
1623 2576 1765 2615 benigni-

305 2630 404 2658 tatem
419 2636 509 2667 quam
525 2625 678 2658 exhibetis
693 2635 769 2665 erga
783 2625 891 2666 filiam
915 2635 1015 2656 mettin
1041 2634 1059 2655 e
1080 2624 1123 2664 gl.
1148 2623 1247 2654 Boecl.
1271 2621 1409 2652 additur
1426 2619 1459 2650 in
1476 2619 1544 2650 Ms.
1562 2619 1601 2650 R.
1625 2623 1660 2650 et
1676 2624 1762 2650 vett.

305 2670 390 2700 libb.
407 2669 467 2699 sed
485 2669 549 2699 alia
566 2679 666 2699 mann
683 2678 775 2709 quam
800 2667 958 2698 exhibebis
979 2676 1174 2706 erga-meam
1188 2665 1361 2704 familiam.
1387 2661 1571 2694 Lina—24
1594 2661 1635 2692 Id
1653 2662 1764 2700 facere

306 2715 338 2743 te
355 2713 438 2744 Mss.
456 2711 523 2742 duo
538 2712 628 2752 apud
645 2712 752 2742 Boecl.
770 2712 892 2742 tertius
905 2714 935 2741 te
950 2711 984 2741 id
1000 2711 1122 2748 facere,
1138 2714 1173 2740 et
1188 2709 1237 2739 sic
1253 2708 1312 2738 ΒΥ.
1337 2705 1455 2738 Nostri
1470 2705 1627 2736 meliores
1641 2714 1764 2745 magno

307 2764 461 2793 numero,
481 2754 558 2789 Qua>
573 2763 625 2784 res
640 2758 671 2784 te
685 2754 718 2784 id
733 2753 841 2791 facere
860 2751 1028 2794 prohibet?
1053 2752 1211 2784 Nnmeris
1236 2751 1336 2791 paulo
1360 2747 1568 2779 melioribus.
1591 2747 1689 2779 Bent.
1711 2757 1765 2778 se-

307 2800 422 2839 quitur
438 2797 625 2828 Rom—25
643 2797 869 2828 Accusatio-um
886 2797 944 2828 ΒΓ.
960 2802 994 2827 at
1011 2796 1175 2836 scriptum
1192 2795 1307 2834 habet,
1326 2790 1397 2823 ‘AL
1413 2794 1536 2822 accusat
1551 2789 1762 2822 mrumst—28
