1966 3302
559 189 770 219 uccx'uAE
805 189 912 219 Ac'r.
944 189 1009 218 iv.
1045 190 1112 220 sc.
1148 190 1213 217 ιν.
1526 178 1610 220 877

158 287 244 327 LA.
277 285 365 326 Dic
386 284 501 333 filiae,
524 296 600 324 rus
623 297 933 324 concessuram
954 284 1053 324 hinc
1075 283 1348 324 Sostratam:

163 353 235 394 Ne
255 356 514 401 revereatur,
536 352 680 390 minus
696 351 791 404 jam
813 364 901 404 quo
923 351 1073 391 redeat
1094 351 1284 391 domum.
1343 350 1491 391 PHlD.
1509 351 1579 391 Ah
1601 352 1610 391 !

160 420 340 461 Nullam
364 419 417 459 de
437 418 506 458 his
529 419 659 458 rebus
677 419 854 471 cuipam
875 420 1135 459 commeruit
1156 426 1259 460 tua:

161 488 204 529 A
228 488 456 541 Myrrhina
474 487 567 527 haec
589 490 690 526 sunt
710 498 808 526 mea
829 499 967 526 uxore
990 491 1145 526 exorta
1165 487 1327 526 omnia.
1559 486 1613 525 lo

162 547 355 595 Mutatio
377 553 452 595 fit:
485 567 541 594 ea
557 566 639 596 nos
662 553 905 605 perturbat,
924 553 1118 593 Laches.

161 622 291 663 PAM.
327 621 445 662 'Dum
466 635 517 661 nc
538 621 758 670 reducam,
781 621 949 661 turbent
970 633 1119 674 porro,
1141 633 1275 673 quam
1296 619 1446 660 velint.

151 741 235 783 filice
264 741 456 772 Philumenoe
482 751 537 772 rus
557 741 765 781 profecturam
795 739 866 770 hinc
896 739 1083 780 Sostratam,
1108 750 1146 770 ne
1177 741 1284 770 timeat
1315 739 1473 779 quominus
1501 739 1541 769 ad
1560 749 1617 770 nos

161 787 348 815 rerer-tatur.
413 785 484 815 ΡΗ.
517 785 581 822 Ah,
611 784 690 814 nihil
719 783 896 823 quidquam,
919 783 1051 821 Laches,
1085 782 1119 812 in
1149 792 1183 813 ea
1217 792 1251 813 re
1282 782 1422 822 peccavit
1450 792 1530 812 uxor
1562 787 1618 812 tua

162 826 306 857 Sostrata
324 838 335 858 .-
371 827 542 868 BIyrrhina
563 837 642 857 uxor
663 836 731 857 mea
763 829 808 856 est
838 826 925 864 origo
959 830 990 856 et
1017 835 1109 856 caasa
1139 825 1250 856 haram
1277 826 1413 855 omnium
1441 824 1615 855 turbarum.

162 869 252 900 Nova
266 870 368 900 oritur
389 879 491 900 rerum
507 869 675 900 conversio.
731 869 780 898 Eu
796 871 843 899 est
857 879 950 899 causa
971 868 1217 907 perturbationis
1231 871 1357 904 nostrae,
1374 867 1505 898 Laches.
1551 867 1617 898 PA„

163 911 336 943 Dummodo
369 922 429 943 non
455 913 601 943 reducam
628 912 855 952 Philumenam,
886 913 1125 962 tumultuentur,
1158 915 1189 942 ct
1226 912 1412 942 contendant
1443 910 1561 941 Laches
1586 913 1618 941 et

775 1008 1012 1021 eeeeeeeeeee

165 1095 219 1116 sus
236 1086 314 1124 erit,
337 1086 347 1103 ‘
365 1086 442 1118 Quo
459 1089 560 1125 pacto
577 1084 657 1115 illud
676 1089 796 1124 potero
811 1084 963 1116 indicare
981 1084 1052 1115 sine
1069 1093 1190 1124 magno
1207 1083 1420 1114 Philumenae
1437 1082 1620 1114 detrimen*

165 1128 232 1160 to?
267 1128 341 1158 Nisi
367 1128 457 1159 forte
473 1128 664 1169 legendum,
684 1128 842 1168 Operiam,
870 1128 892 1160 i.
906 1137 935 1159 e.
962 1128 1158 1159 occultabo.
1183 1126 1270 1165 quod
1289 1126 1430 1166 probant
1450 1125 1567 1156 Rivius
1584 1132 1620 1156 et

163 1171 338 1203 Dacieria.
384 1170 512 1201 Confer
527 1176 624 1201 orata
642 1171 843 1210 Myrrhinae,
860 1181 962 1210 supra
977 1179 1034 1201 111.
1053 1174 1084 1201 3.
1100 1173 1153 1200 28.
1195 1169 1295 1200 Wesc.
1352 1168 1501 1208 Operiam
1517 1168 1620 1199 Both.

164 1214 259 1246 Perl.
273 1214 410 1254 aperiam
428 1214 486 1246 Br.
501 1214 584 1245 GM.
609 1215 618 1230 ‘
636 1214 728 1244 nullo
745 1224 843 1244 sensu
860 1214 983 1254 legitur
999 1212 1158 1253 aperiam)
1174 1213 1215 1242 R.
1230 1212 1339 1243 D.-8
1363 1211 1471 1242 Codd.
1483 1211 1622 1252 quidam

168 1257 288 1297 scripti
306 1262 342 1287 et
357 1256 438 1286 editi
458 1262 533 1297 post
546 1266 600 1288 an.
618 1259 714 1287 1469.
733 1257 784 1287 Ne
798 1261 953 1288 vereatur.
999 1257 1044 1287 Et
1062 1256 1197 1286 videtur
1210 1255 1259 1285 Re
1274 1253 1447 1294 αὐξητικὸν,
1460 1254 1544 1285 utin
1560 1254 1622 1285 Re-

157 1299 307 1338 formido.
332 1299 442 1330 West.
488 1300 539 1330 Ne
567 1303 708 1330 vereatur
738 1309 854 1330 ornnes
882 1300 967 1330 Mss.
1004 1300 1169 1330 Rosea—9
1205 1298 1293 1328 Umor
1318 1302 1373 1328 tua
1400 1297 1472 1328 ET.
1497 1297 1623 1328 EM.—

168 1345 208 1373 10
232 1343 306 1373 Mea
321 1341 431 1381 uxore]
457 1341 545 1382 Guy.
562 1342 655 1373 delet
671 1343 755 1381 Mea,
768 1342 802 1372 in
816 1352 883 1383 quo
899 1342 1007 1373 omnis
1026 1342 1194 1382 emphasis
1213 1346 1275 1372 est.
1324 1341 1514 1372 Sostratam
1533 1340 1624 1370 enim

167 1384 351 1425 indigitans
370 1385 514 1423 dixerat,
539 1388 548 1402 ‘
562 1385 743 1416 Tua.'—11
769 1385 907 1416 Mutatio
925 1385 985 1425 fit]
1021 1385 1110 1425 Guy.
1128 1384 1194 1414 vim
1215 1384 1313 1423 liujus
1330 1392 1447 1413 versus
1472 1392 1540 1413 non
1567 1393 1625 1413 ca-

167 1428 274 1468 piens,
290 1428 467 1468 expungit.
511 1427 724 1467 Intelligitur
740 1433 852 1458 autem
870 1427 1011 1459 Mutatio
1027 1427 1188 1458 criminis.
1206 1437 1239 1467 q.
1258 1428 1288 1458 d.
1336 1426 1446 1465 Culpa
1466 1426 1540 1465 jam
1556 1435 1623 1456 non

168 1471 312 1511 amplius
329 1471 362 1501 in
380 1476 436 1501 tua
450 1470 549 1502 domo
566 1471 687 1509 haeret,
705 1471 763 1502 sed
780 1472 813 1502 in
830 1481 925 1508 mea3
959 1481 979 1502 a
999 1480 1074 1501 mea
1091 1471 1178 1501 enim
1195 1479 1301 1500 uxore
1319 1474 1440 1499 exorta
1456 1473 1537 1499 sunt
1553 1478 1621 1498 om=

167 1514 235 1552 uia,
250 1523 317 1545 non
333 1523 352 1544 a
371 1518 448 1551 tua;
472 1513 575 1553 idque
593 1514 769 1554 perturbat
785 1524 856 1545 nos.
902 1513 1087 1544 Existimat
1111 1513 1286 1551 Dacieria,
1310 1512 1415 1543 verba
1431 1511 1503 1543 haec
1521 1512 1624 1542 tribu-

169 1556 256 1588 enda
271 1557 464 1597 Pamphilo,
481 1557 584 1587 tacite
609 1567 720 1587 secum
750 1557 955 1587 mussitanti.
1001 1557 1097 1588 Citat
1113 1560 1227 1586 autem
1258 1556 1345 1586 hunc
1372 1563 1507 1585 versum
1532 1554 1627 1584 Pris-

169 1600 297 1636 cianus,
314 1599 428 1630 Instit.
446 1600 633 1630 Grammat.
651 1600 707 1630 lib.
722 1609 786 1631 vn.
803 1600 955 1630 addens:
987 1599 996 1615 ‘
1017 1599 1091 1630 Nec
1108 1599 1212 1629 solum
1229 1598 1260 1628 in
1288 1599 1352 1637 his,
1370 1607 1446 1639 quae
1464 1603 1542 1628 sunt
1559 1599 1625 1637 pri-

169 1652 244 1679 mae,
260 1641 321 1673 sed
337 1643 436 1672 etiam
456 1642 488 1672 in
506 1642 580 1681 illis,
598 1653 672 1683 quae
687 1643 813 1681 tertiae,
832 1643 853 1674 i.
871 1653 900 1674 e.
913 1643 946 1672 in
962 1642 1117 1673 omnibus
1133 1641 1264 1672 Graecis
1278 1642 1324 1671 Es
1336 1641 1504 1681 producta
1518 1639 1626 1671 finitis

169 1685 328 1716 similiter
352 1685 505 1716 invenies
521 1687 713 1716 vocativum
741 1686 774 1716 in
791 1686 822 1716 Ε
846 1684 1051 1726 productum
1072 1684 1217 1725 proferri
1242 1684 1401 1723 Chreme,
1419 1683 1542 1722 Lache,
1557 1683 1627 1714 An-

169 1728 285 1760 chise!
313 1728 412 1760 W'est.
457 1728 553 1758 Bem.
578 1734 614 1759 et
640 1727 847 1767 Priscianus,
861 1728 973 1759 Lache.
1005 1729 1054 1759 sic
1078 1732 1114 1759 et
1139 1727 1225 1758 infra
1242 1737 1284 1757 ex
1301 1727 1432 1757 ratione
1451 1736 1565 1757 versus
1581 1727 1628 1757 le·

169 1771 319 1811 gendum
336 1780 409 1801 esse
426 1771 680 1803 contendimus:
711 1771 832 1802 Vosmet
847 1772 948 1802 videte
962 1770 1032 1809 jam
1048 1771 1150 1801 Lache
1173 1774 1203 1801 et
1229 1773 1263 1799 tu
1279 1769 1454 1809 Pamphile.
1486 1769 1569 1800 licet
1593 1770 1628 1800 in

169 1814 323 1845 omnibus
339 1813 434 1844 libris
452 1814 496 1844 sit
511 1814 642 1845 Laches.
667 1815 727 1845 Fa.
781 1814 854 1845 PH.
878 1814 908 1845 A
927 1814 1095 1854 Myrrhina
1119 1814 1184 1844 hoec
1211 1815 1285 1843 sunt
1308 1823 1375 1843 mea
1399 1822 1495 1843 uxore
1519 1816 1628 1843 exorta

169 1857 282 1887 omnia.
327 1856 538 1897 IlIutatiofit:
562 1867 596 1888 ea
612 1867 667 1887 nos
681 1857 855 1897 perturbat,
870 1857 984 1887 Lache.
1028 1856 1139 1887 Sudat
1154 1856 1208 1886 hic
1225 1855 1366 1886 multum
1384 1855 1629 1892 Donatus,sed

171 1909 309 1940 operam
323 1899 422 1930 ludit.
466 1899 718 1941 Guyetusillud
736 1900 941 1941 ,Mutatio-fit,
966 1903 1145 1940 totumque
1163 1898 1249 1929 adeo
1267 1908 1398 1930 versum
1417 1902 1454 1929 ut
1474 1899 1629 1938 ineptum

171 1948 207 1974 et
221 1943 372 1983 spurium
386 1942 534 1974 damnat.
583 1943 717 1983 Dignus
733 1952 814 1973 sane
830 1947 891 1981 est,
904 1949 941 1973 ut
956 1952 1043 1972 nunc
1061 1943 1197 1983 quidem
1214 1941 1368 1972 habetur.
1413 1941 1480 1972 Sed
1497 1941 1630 1980 singula

172 1985 240 2016 suis
257 1986 410 2026 personis
437 1985 556 2024 redde,
587 1990 624 2017 et
647 1985 828 2026 genuinum
854 1995 890 2016 se
915 1984 1087 2026 probabit.
1131 1985 1222 2015 Pffl.
1246 1984 1276 2015 A
1294 1984 1465 2025 Myrrhina
1477 1984 1542 2014 hoec
1557 1988 1630 2014 sunt

171 2038 239 2058 mea
266 2038 362 2059 uxore
386 2032 494 2059 exorta
519 2028 631 2059 omnia.
688 2029 786 2060 ΡΑΜ.
813 2029 953 2060 Mutatio
968 2028 1026 2070 fit.
1083 2028 1172 2059 Pm.
1195 2038 1230 2058 ea
1246 2038 1301 2058 nos
1325 2027 1632 2067 perturbat‚Lache.

174 2071 314 2102 Mutatio
329 2071 375 2113 fit
392 2076 470 2112 sunt
485 2071 654 2110 Pamphili
671 2071 795 2102 verba:
821 2082 895 2112 quae
912 2076 950 2102 ut
966 2072 1093 2102 secreti
1109 2071 1276 2110 conscius,
1301 2080 1441 2101 aversus
1459 2080 1478 2100 a
1495 2070 1630 2100 senibus

172 2114 335 2155 loquitur.
382 2114 472 2150 Hoc,
496 2123 573 2145 cum
598 2113 781 2144 indicatum
801 2114 871 2154 jam
897 2115 1001 2144 semel
1018 2118 1084 2153 est,
1109 2119 1161 2145 sat
1186 2114 1268 2153 scio,
1285 2123 1345 2143 sua
1370 2123 1405 2143 se
1431 2113 1506 2143 luce
1522 2113 1631 2143 cuivis

174 2156 437 2188 commendabit.
474 2156 541 2188 Sed
559 2156 650 2187 aliud
668 2156 766 2193 dabo,
779 2157 869 2197 quod
882 2157 991 2188 adhue
1011 2156 1109 2187 fidem
1127 2155 1243 2188 faciat.
1280 2155 1357 2187 Nisi
1374 2156 1436 2186 hoc
1452 2155 1632 2196 Pamphilo

174 2200 317 2238 tribuas,
335 2199 383 2229 Ea
397 2210 452 2230 nos
475 2199 648 2240 perturbat,
663 2209 730 2230 non
747 2200 811 2230 erit
837 2200 888 2230 Ea
909 2210 990 2230 uxor
1009 2199 1190 2240 Myrrhina.
1216 2198 1306 2239 quod
1334 2200 1492 2229 Donatus
1516 2203 1633 2230 tamen

174 2243 377 2274 monendum
396 2243 552 2283 putavit3
576 2242 636 2272 sed
654 2243 703 2273 Ea
719 2243 850 2273 mutatio
865 2252 920 2273 nos
935 2243 1108 2282 perturbat.
1153 2243 1236 2273 Tam
1253 2242 1370 2281 inepte
1395 2246 1430 2272 et
1445 2241 1578 2281 putide,
1592 2247 1631 2272 ut

173 2286 257 2316 nibil
288 2283 387 2318 infra.
410 2285 509 2316 Bent.
554 2285 698 2316 Rectius
716 2286 817 2316 Bent.
844 2285 949 2315 verba
973 2286 1104 2316 mutatio
1119 2284 1165 2326 fit
1181 2284 1363 2324 Pamphilo
1388 2284 1518 2315 tribuit.
1541 2284 1632 2316 Perl.

177 2329 253 2359 BIea
269 2329 333 2359 hoec
347 2331 419 2359 sunt
434 2331 544 2359 exorta
568 2327 671 2358 omnia
694 2328 795 2359 Both.
820 2328 933 2358 deleto
949 2337 1047 2358 uxore
1062 2337 1122 2368 pro
1137 2328 1183 2368 gl.
1211 2332 1246 2358 et
1261 2337 1338 2358 mox
1354 2327 1495 2358 Lacheti
1511 2326 1633 2358 tribuit

175 2372 280 2402 Both.
302 2371 406 2402 verba
431 2370 551 2402 eadem
573 2370 704 2401 mutatio
720 2371 864 2412 fia—12
889 2371 1045 2401 Donatus
1063 2370 1105 2401 ad
1123 2371 1257 2401 locum:
1283 2370 1292 2387 ‘
1312 2370 1413 2405 Quam
1427 2379 1492 2400 non
1508 2374 1562 2400 est
1579 2380 1634 2409 ge-

175 2415 266 2446 neris
281 2413 445 2452 feminini,
461 2413 521 2444 sed.
538 2420 590 2445 est
609 2417 618 2431 ‘
639 2414 811 2445 Quantum
824 2413 848 2444 :'
876 2414 1022 2453 Tur-beat,
1037 2419 1155 2444 errent
1171 2419 1207 2443 et
1225 2414 1487 2451 tumultuentur,
1503 2412 1629 2452 signifi-

176 2463 253 2495 cat;
276 2457 329 2488 vel
348 2457 538 2487 turbentur.
586 2456 687 2491 Quam
701 2457 811 2494 velint,
826 2457 836 2473 ‘
853 2462 1015 2497 quantum
1028 2455 1036 2468 '
1060 2457 1178 2495 velint,
1192 2461 1250 2486 aut
1266 2466 1341 2486 eam
1358 2456 1367 2472 ‘
1384 2465 1482 2495 quam
1494 2454 1502 2467 ¹
1526 2455 1633 2486 velint

177 2500 375 2537 mulierem3
400 2499 460 2530 sed
477 2499 593 2530 melius
609 2505 661 2529 est
684 2499 773 2540 quod
791 2509 892 2539 supra
910 2498 1082 2530 diximus?
1126 2500 1161 2529 Si
1187 2499 1344 2529 standum
1371 2499 1435 2529 erit
1463 2498 1537 2529 huic
1563 2498 1633 2528 lec-

179 2543 263 2573 tioni
276 2539 413 2581 turbent,
429 2551 526 2583 quam
544 2547 578 2572 et
593 2542 727 2573 codices
744 2551 858 2573 omnes
874 2542 1048 2579 exhibent,
1071 2548 1167 2572 recte
1194 2551 1274 2571 sane
1291 2551 1432 2581 magnus
1449 2541 1631 2581 Magister.

179 2585 245 2616 Sed
260 2596 334 2618 cum
352 2584 434 2616 illud
451 2584 605 2625 inspicio,
625 2585 673 2614 Ea
690 2595 744 2615 nos
765 2585 942 2625 perturbat,
967 2585 1081 2623 Lache,
1116 2585 1171 2615 cui
1197 2594 1336 2615 aversus
1359 2585 1552 2625 Pamphilus
1570 2584 1632 2614 hoc

840 2681 978 2713 NOTAE

453 2750 492 2778 12
519 2747 654 2778 Turbent
668 2745 776 2787 porro]
796 2745 882 2778 Haee
898 2745 940 2777 ad
959 2748 1167 2787 spectatores
1183 2745 1351 2776 dicuntur„
