1966 3302
303 233 388 274 (598
793 244 833 273 P.
866 244 1105 274 TERENTM
1139 246 1255 276 ΑΒΜ

302 338 419 379 Dum
440 338 542 380 huic
563 339 823 391 obsequere.
883 338 1108 379 Praeterea
1128 343 1273 379 autem
1304 344 1346 380 te
1376 340 1496 380 aiunt
1526 339 1747 393 proficisci

471 406 678 460 Cyprum.
739 405 857 446 SAN.
891 406 1034 447 Hem!

299 473 381 514 SY.
415 473 658 524 Co'emisse,
686 474 788 515 hinc
810 487 911 527 quae
930 474 1037 516 illuc
1057 475 1251 541 vehereS,
1272 475 1431 527 multa3
1462 487 1618 516 navem
1640 488 1745 516 con-

468 541 671 592 ductam3
700 541 784 583 hoc
805 542 913 582 scio.
1167 551 1181 557 ·
1468 577 1471 579 .

302 608 487 649 Animus
507 609 589 650 tibi
610 608 801 663 pendet?
833 609 909 650 ubi
931 610 1065 659 illinc,
1098 623 1239 664 spero,
1270 610 1470 660 redieris,
1491 615 1639 651 tamen
1658 609 1744 652 hoc

469 689 585 727 ages.

298 744 417 784 SAN.
451 742 686 796 Nusquam
717 744 888 796 pedem.
948 744 1070 785 Perii
1100 745 1264 796 hercle3
1296 745 1381 786 hac
1400 745 1464 786 illi
1485 758 1566 800 spe
1582 745 1665 788 hoc
1681 746 1745 787 in—

468 811 702 864 ceperunt!
765 812 846 853 SY.
877 812 1048 854 Timet:

298 878 437 932 Inieci
459 880 710 938 scrupulum
731 880 911 920 homini.
971 880 1089 921 SAN.
1121 881 1160 921 0
1184 880 1373 922 scelera!
1404 880 1515 922 illud
1532 881 1648 930 vide,
1687 881 1745 922 ρο

298 946 363 989 Ut
384 947 428 987 in
444 939 543 1000 ipso
566 948 751 1005 {ursse-ulo
775 948 1024 1002 oppressit!
1057 955 1185 990 emtae
1208 949 1410 990 mulieres
1430 982 1437 985 ,

299 1008 590 1068 Οὸἶῐιρὶωεες
623 1021 669 1056 et
689 1006 792 1056 ifem
811 1016 912 1056 hinc
935 1016 1040 1066 alia,
1064 1029 1163 1070 quae
1183 1020 1309 1069 porto
1330 1015 1538 1070 Cyprum.

299 1082 404 1123 Nisi
425 1095 476 1123 eo
498 1083 554 1123 ad
574 1088 813 1124 mercatum
834 1084 976 1133 venio,
998 1083 1205 1124 damnum
1225 1095 1486 1124 maxumum
1505 1083 1574 1126 'st.

298 1150 431 1191 Nunc
455 1151 493 1191 si
514 1151 596 1192 hoc
614 1151 784 1201 omitto,
806 1155 956 1192 actum
978 1163 1130 1203 agam3
1163 1151 1240 1191 ubi
1261 1150 1386 1192 illinc
1406 1150 1590 1200 rediero,

291 1283 393 1324 pluris
398 1284 506 1322 facias
519 1295 669 1316 summam
683 1285 801 1324 viginti
817 1285 981 1322 minarum,
995 1295 1061 1325 prce
1073 1285 1175 1316 studio
1187 1285 1370 1324 obsequendi
1383 1285 1540 1317 AEschino.
1584 1286 1747 1317 Proeterea

296 1330 399 1357 autem
418 1327 489 1366 jam
512 1328 706 1368 profecturus
735 1337 766 1358 es
791 1328 940 1368 Cyprum,
970 1331 1004 1358 ut
1034 1338 1138 1358 rumor
1165 1332 1221 1358 est.
1267 1329 1324 1358 SA.
1353 1328 1434 1358 Hem
1444 1327 1459 1359 l
1502 1328 1566 1359 SY.
1591 1328 1689 1360 Aiunt
1714 1332 1745 1360 te

297 1370 394 1400 multa
407 1371 497 1401 simul
512 1371 629 1406 emisse,
644 1381 712 1411 quoe
725 1371 795 1402 hinc
809 1371 882 1402 illuc
898 1374 1090 1410 exportares,
1104 1381 1212 1401 navem
1228 1373 1259 1401 te
1277 1371 1478 1402 conduxisse.-
1502 1371 1556 1401 hoc
1570 1375 1652 1402 certo
1667 1371 1744 1402 scio.

294 1412 403 1444 Animi
415 1413 525 1444 dubius
537 1423 581 1452 es,
595 1417 698 1445 utrum
711 1414 916 1455 proficiscaris
932 1414 1082 1454 Cyprum,
1094 1423 1133 1444 an
1155 1413 1204 1444 hic
1219 1423 1350 1445 maneas,
1398 1413 1460 1445 Ubi
1471 1423 1511 1444 ex
1525 1413 1625 1445 insula
1642 1414 1747 1455 Cypro

293 1465 435 1487 reversus
442 1456 558 1497 fueris,
572 1460 607 1487 ut
623 1460 745 1496 exopto,
761 1456 882 1487 debitas
896 1457 996 1487 minas
1017 1456 1054 1486 ab
1072 1456 1218 1486 AEschino
1234 1459 1308 1487 tunc
1321 1456 1463 1497 accipies.
1500 1458 1558 1488 SA.
1583 1457 1746 1497 Nusquam

289 1499 397 1538 pedem
427 1498 542 1540 effero.-
562 1509 616 1539 per
645 1499 813 1530 Herculem
841 1509 890 1530 res
914 1499 992 1530 mihi
1015 1499 1112 1539 periit
1126 1510 1136 1530 .·
1158 1499 1215 1529 hac
1247 1499 1296 1530 illi
1321 1498 1536 1538 expectatione
1547 1500 1643 1540 moti,
1666 1501 1746 1540 quod

291 1551 422 1582 peregre
436 1542 512 1572 mihi
534 1542 706 1573 abeundum
730 1546 822 1580 esset,
844 1542 961 1581 viginti
982 1543 1081 1572 minas
1096 1551 1127 1572 se
1141 1541 1317 1573 reddituros
1330 1542 1546 1582 promiserunt.
1589 1543 1651 1574 SY.
1675 1542 1746 1573 Me-

292 1584 368 1623 tuit,
382 1585 510 1623 Sannio,
524 1589 649 1625 propter
660 1586 842 1626 pecuniam:
866 1585 956 1623 injeci
976 1585 1010 1615 in
1025 1585 1161 1615 animum
1176 1584 1308 1616 hominis
1322 1587 1508 1626 scrupulum.
1551 1585 1612 1617 SA.
1639 1585 1669 1616 0
1681 1594 1746 1616 sce·

295 1628 422 1658 testum.
420 1627 430 1648 Ι
457 1628 533 1659 Vide
543 1631 579 1658 ut
593 1629 745 1659 occasione
756 1631 924 1668 opportuna
940 1638 986 1658 me
999 1636 1163 1667 aggressus
1177 1631 1235 1666 est,
1251 1631 1287 1658 ut
1295 1629 1431 1668 pecuniae
1446 1628 1625 1660 solutionem
1635 1627 1746 1669 differ-

293 1675 363 1702 ret:
387 1674 482 1702 emtas
506 1671 647 1702 mulieres
672 1671 765 1701 habeo
788 1672 914 1708 mulum,
940 1671 1020 1701 alias
1041 1670 1135 1701 ctiam
1161 1680 1277 1701 merces
1298 1681 1374 1711 quas
1391 1671 1529 1713 Cyprum
1543 1671 1627 1703 veho.
1671 1670 1747 1702 Nisi

293 1713 369 1744 illuc
384 1724 411 1744 n:
415 1718 550 1745 meatum
558 1714 745 1756 proficiscor,
758 1714 976 1744 detrimentum
992 1714 1101 1752 ingens
1110 1713 1279 1762 accipiam.
1301 1724 1382 1745 nunc
1398 1716 1427 1744 si
1439 1715 1493 1745 hoc
1509 1715 1664 1754 negotium
1677 1723 1745 1744 cum

296 1757 444 1788 AEsehino
453 1768 473 1788 n
475 1768 513 1788 m
520 1767 578 1798 per
569 1757 692 1798 ficiam
707 1758 735 1788 si
747 1757 862 1796 viginti
879 1757 976 1787 minas
985 1766 1043 1787 non
1054 1756 1212 1797 recipiam,
1222 1759 1383 1798 antequam
1392 1757 1498 1788 abeam
1509 1758 1659 1799 Cyprum,
1667 1755 1747 1788 nihil

896 1851 975 1861 οοΝ
979 1850 1135 1862 nem-‘veo-

284 1918 358 1956 jam
381 1919 607 1958 usquam—16
629 1917 713 1949 Mss.
731 1917 865 1958 quidam
891 1918 924 1948 in
955 1918 1189 1959 Cyprum—17
1213 1917 1435 1959 Distinguunt
1459 1918 1562 1950 Bent.
1587 1917 1690 1950 Both.
1704 1919 1743 1951 Z.

298 1961 451 1991 Coemz'sse
466 1960 537 1992 hinc
557 1970 624 2001 quas
637 1960 710 1991 illuc
731 1961 854 1992 veheres
875 1961 973 1991 multa
984 1972 996 1997 ,·
1017 1971 1126 1992 navem
1146 1962 1346 1993 conductam.-
1368 1961 1422 1992 hoc
1443 1962 1517 1993 scio.
1542 1961 1620 2001 Bip.
1668 1961 1745 1992 Coe'-

293 2004 385 2034 misse
410 2004 493 2043 hinc,
515 2006 678 2043 qum—18
701 2004 803 2035 Bent.
834 2003 966 2034 Animus
981 2004 1038 2034 tibi
1052 2005 1181 2042 pendet.-
1204 2005 1256 2035 ubi
1278 2005 1365 2035 illinc
1380 2013 1468 2044 spero
1483 2004 1616 2035 redieris
1630 2008 1745 2044 tamen,

294 2045 350 2077 hoc
372 2056 456 2086 ages·
502 2046 605 2077 Both.
631 2047 750 2078 Pendet
776 2046 833 2077 tibi
858 2047 995 2078 animus.
1044 2047 1106 2078 Ubi
1130 2047 1226 2087 illinc,
1250 2057 1349 2088 spero,
1377 2047 1509 2078 redieris
1530 2048 1666 2087 tandem,
1691 2047 1746 2079 hoc

292 2099 379 2129 ages.
425 2090 483 2120 ΒΓ.
508 2089 643 2119 Animus
668 2090 728 2120 tibi
750 2091 871 2129 pendet,
886 2089 939 2120 ubi
955 2089 1040 2120 illinc
1062 2090 1215 2121 redieris?
1236 2100 1323 2130 spero
1349 2093 1450 2121 tamen
1475 2090 1531 2121 hoc
1544 2090 1624 2128 agis.
1667 2089 1746 2121 Am*-

293 2142 362 2163 mus
377 2132 435 2163 tibi
446 2133 579 2173 pendet:
601 2132 651 2163 ubi
667 2133 703 2163 Z.
718 2133 796 2171 Bip.
813 2133 906 2163 Peri.
927 2132 1054 2173 Delph.
1099 2133 1168 2164 Pro
1179 2143 1264 2174 spero
1281 2133 1370 2173 Guy.
1387 2142 1464 2164 sero.
1510 2132 1579 2163 Pro
1595 2136 1697 2164 tamen
1711 2132 1745 2163 in

295 2175 345 2206 M.
364 2181 417 2205 est
445 2178 609 2206 imm—20
633 2175 713 2206 Illuc
740 2176 807 2206 vide
830 2176 889 2206 ΒΓ.
913 2175 1100 2207 Boiu—22
1124 2176 1214 2216 Guy.
1233 2175 1421 2214 substituit,
1439 2177 1471 2207 z'n
1486 2175 1641 2217 Cyprum:
1666 2184 1746 2216 quo-

295 2217 396 2249 modo
424 2222 459 2249 et
491 2217 717 2258 Eugraphium
750 2219 873 2258 legisse
904 2222 1068 2249 autumat.
1106 2219 1204 2250 West.
1253 2218 1426 2259 Complun]
1451 2220 1531 2258 Sup.
1563 2218 1682 2258 script.
1714 2218 1746 2248 in

294 2259 412 2292 Guelf.
429 2264 458 2291 3.
476 2261 516 2291 ab
534 2261 640 2291 altera
657 2271 756 2292 manu
783 2262 884 2297 Quam
906 2262 988 2301 plur.
1036 2262 1134 2301 Legit
1160 2263 1257 2293 multa
1285 2266 1361 2302 post
1387 2262 1546 2292 alim—23
1570 2261 1746 2292 Mer-catum

294 2304 425 2335 veniam.
473 2303 589 2334 Nostri
618 2304 771 2344 plerique
789 2314 905 2335 omnes
920 2305 1017 2335 venio.
1066 2304 1245 2336 Praeterea
1269 2314 1333 2345 pro
1355 2305 1500 2336 damnum
1514 2307 1745 2335 maxumum-ct.-

295 2346 362 2376 duo
379 2346 504 2376 liabent
520 2347 663 2377 damnum
678 2351 723 2378 est
740 2357 926 2378 maxumum.
971 2347 1077 2377 Plane
1093 2358 1135 2378 ex
1153 2357 1246 2378 more
1267 2347 1432 2378 Terentii.
1457 2347 1636 2378 Rene—24
1659 2346 1744 2377 Mss.

297 2389 456 2430 plusculi,
472 2389 626 2429 omittam,
643 2395 679 2420 et
695 2390 795 2430 paulo
811 2397 890 2421 ante
905 2390 1036 2421 veniam.
1068 2390 1124 2421 Ita
1140 2396 1175 2422 et
1191 2390 1263 2421 ΕΡ.
1278 2391 1376 2423 Junt.
1390 2388 1529 2421 Ald.St.
1543 2389 1630 2420 aliae.
1652 2389 1747 2419 West.

952 2476 982 2507 N
989 2476 1092 2508 OTAE

336 2543 379 2571 20
405 2540 433 2569 0
447 2539 576 2578 scelera]
599 2539 640 2570 Id
656 2545 721 2576 est,
738 2539 769 2571 Ο
788 2539 968 2571 scelestos!
1046 2540 1119 2570 haec
1140 2539 1256 2578 verba,
1272 2539 1281 2556 ‘
1297 2540 1344 2570 Ut
1367 2539 1399 2569 in
1426 2538 1501 2579 ipso
1522 2536 1666 2568 articulo
1689 2547 1747 2578 op-

337 2594 378 2621 21
408 2591 451 2621 Ut
467 2591 574 2630 inipso
586 2590 718 2620 articulo
728 2589 892 2629 oppressit]
911 2590 992 2620 Per·
1047 2589 1461 2631 pressit,'significant:1n
1472 2587 1634 2628 temporis
1643 2596 1747 2627 punc·

295 2646 433 2673 severat
460 2641 492 2671 in
517 2641 590 2680 ipsa
615 2640 812 2678 metaphora
831 2644 943 2670 sumta
959 2648 979 2669 a
1048 2647 1095 2681 to,
1119 2646 1154 2672 et
1177 2640 1354 2680 angustiis,
1377 2639 1498 2681 quibus
1522 2647 1666 2678 premor,
1690 2647 1742 2668 me

296 2692 466 2731 scrupulo,
484 2690 516 2721 id
534 2694 597 2728 est,
610 2689 723 2728 lapillo
738 2689 792 2730 qui
810 2689 842 2719 in
858 2690 993 2720 calceos
1042 2692 1180 2733 jamjam
1219 2690 1450 2730 profecturum
1493 2689 1644 2729 Cyprum
1687 2697 1745 2728 ag-

293 2742 462 2780 iucidenS,
475 2751 535 2772 nos
559 2741 591 2770 in
609 2739 757 2770 articulis
774 2739 898 2779 pedum
916 2749 992 2779 pre·
1050 2751 1183 2784 gressus
1199 2745 1260 2772 est.

295 2795 358 2826 mit
379 2800 414 2826 et
439 2793 546 2825 laedit.
589 2792 712 2834 Itaque
734 2791 789 2824 hic
810 2792 993 2833 allegorice
