1966 3302
514 208 825 240 rimamioms
858 207 966 237 Ac‘r.
1002 207 1045 236 v.
1078 204 1146 235 sc.
1180 204 1255 235 111.
1504 194 1619 235 1015

164 309 320 350 CHRE.
350 306 473 359 Quia
502 310 685 360 uterque
707 305 877 357 utrique
907 307 974 344 est
1001 300 1139 344 cordi.
1200 300 1294 341 DE.
1336 297 1456 350 Quid
1501 299 1616 341 istuc

335 376 513 416 nostrai
579 374 735 416 CHRE.
769 370 950 423 Magni:
983 373 1146 424 praeter
1166 368 1278 415 haee,

166 443 412 497 Cognatam
435 443 630 496 comperi
647 454 745 482 esse
768 440 910 480 nobis.
943 439 1036 480 De,
1059 436 1208 488 Quid!
1231 435 1424 476 deliras?
1458 434 1618 476 Cama.

339 510 414 551 Sic
433 510 524 551 erit.
944 502 946 504 ’

167 578 271 620 Non
292 583 455 619 temere
477 577 608 618 dico:
641 575 731 616 redi
762 588 929 616 mecum
964 575 1008 614 in
1032 573 1300 614 memoriam.
1363 571 1452 611 DE.
1484 568 1623 612 Satin'

340 658 472 686 sanus
496 659 543 686 es
560 646 578 685 2

171 712 302 754 NAU.
325 712 398 754 Au
416 713 425 754 Ξ
449 713 646 761 obsecro,
668 724 792 760 cave,
813 723 865 750 ne
887 711 929 751 iu
953 713 1184 763 cognatam
1204 720 1374 761 pecces,
1409 707 1498 749 DE.
1518 705 1625 747 Non

343 787 427 822 est.
489 779 646 821 CHRE.
682 778 751 818 Ne
772 790 898 830 nega.
1570 773 1626 814 20

169 848 319 894 Patris
340 861 495 889 nomen
513 846 635 888 aliud
658 846 826 887 dictum
846 851 940 886 est:
974 846 1054 886 hoc
1085 848 1131 884 tu
1155 844 1326 885 errasti.
1388 843 1478 883 DE.
1519 841 1626 884 Non

339 918 464 956 norat
485 916 678 968 patrem?

170 983 328 1025 CHRE.
351 982 512 1024 Norat.
573 982 663 1024 DE.
688 981 775 1023 Cur
797 980 917 1022 aliud
937 980 1081 1021 dixit?
1143 979 1301 1020 CHRE.
1326 978 1625 1031 Nunquamne

342 1051 472 1093 hodie
494 1050 719 1092 concedes
742 1050 862 1100 mihi,

172 1121 329 1176 Neque
350 1119 610 1171 intelliges?
659 1119 748 1159 DE.
769 1118 818 1158 Si
841 1124 888 1158 tu
912 1116 1022 1157 nihil
1045 1129 1211 1158 narras.
1255 1115 1413 1156 Cum.
1438 1114 1624 1167 Pergis?

342 1187 476 1229 NAU.
509 1186 662 1236 Miror,
688 1186 793 1241 quid
823 1186 907 1226 hoc
929 1185 1026 1226 siet.

171 1329 262 1364 test?
298 1326 367 1361 CH.
382 1329 466 1365 Quia
481 1331 607 1368 uterque
623 1330 785 1366 utrumque
802 1328 887 1356 amat
903 1334 942 1355 ex
958 1324 1070 1356 (inimo.
1117 1324 1182 1356 DE.
1209 1324 1294 1359 Quid
1309 1323 1392 1353 istud
1403 1325 1508 1352 nostra
1529 1319 1626 1350 inter-

171 1372 238 1406 est?
286 1373 354 1404 CH.
390 1372 506 1411 IlIogni
529 1381 615 1409 sone,
643 1370 804 1410 Demipho.
853 1369 1012 1399 Praeterea
1034 1367 1143 1399 rescivi
1166 1377 1232 1398 eam
1254 1366 1436 1404 cognatione
1458 1364 1542 1395 nobis
1566 1371 1629 1393 esse

163 1415 318 1455 junctam.
367 1416 432 1446 DE.
459 1414 567 1450 Quid?
589 1413 761 1454 desipisne?
805 1412 876 1442 CH.
901 1411 952 1441 Sic
969 1420 1074 1442 verum
1100 1420 1164 1441 esse
1178 1409 1360 1450 reperietur.
1409 1408 1478 1438 Non
1494 1405 1628 1437 inconsi—

171 1461 288 1498 iterate,
309 1468 364 1490 nec
378 1458 504 1496 frustra
526 1458 640 1496 loquor.
689 1456 809 1486 Revoca
834 1455 866 1485 in
890 1454 1074 1485 memoriam.
1121 1455 1188 1485 DE.
1213 1453 1337 1483 Satisne
1354 1451 1465 1482 mentis
1478 1459 1561 1480 sanat
1578 1451 1628 1479 es?

172 1502 266 1534 NAU.
289 1501 355 1541 Au,
379 1500 546 1541 Demipho,
569 1500 632 1530 noli
657 1498 806 1538 injuriam
822 1497 932 1536 fucere
955 1500 1093 1536 cognatm
1115 1500 1187 1527 tuae.
1234 1496 1300 1526 DE.
1331 1495 1403 1525 Non
1419 1497 1463 1524 est
1479 1495 1628 1532 cognatu.

171 1544 240 1576 CH.
267 1545 318 1576 Ne
331 1544 533 1575 contradicas.
577 1542 674 1574 Aliud
687 1542 788 1582 patris
800 1550 909 1571 viamen
925 1539 983 1570 tibi
1000 1541 1129 1570 relatum
1138 1538 1228 1577 fuit:
1251 1539 1305 1569 hoc
1321 1535 1513 1574 caussaefuit
1528 1544 1582 1566 cur
1596 1534 1630 1564 in

171 1589 252 1619 Itunc
267 1597 399 1618 errorem
416 1585 583 1618 induceris.
628 1585 697 1616 DE.
722 1586 832 1615 Nonne
847 1583 963 1614 sciebat
978 1583 1047 1623 quis
1062 1586 1152 1622 pater
1168 1584 1256 1612 erat?
1291 1581 1358 1612 CH.
1383 1579 1522 1611 Sciebat.
1560 1578 1628 1608 DE.

174 1631 279 1667 Quare
301 1630 404 1669 igitur
429 1629 525 1660 alium
552 1628 749 1659 nominavit?
795 1628 862 1658 CH.
889 1626 1092 1667 Nunquamne
1114 1626 1203 1656 hodie
1219 1623 1388 1655 consenties
1413 1622 1503 1661 mihi,
1531 1629 1629 1660 neque

172 1677 274 1705 mente
285 1670 410 1712 capies?
452 1673 523 1704 DE.
548 1672 620 1702 Non
637 1671 785 1711 equidem,
802 1670 830 1700 si
845 1669 924 1700 nihil
940 1669 1104 1709 quidquam
1120 1668 1194 1698 milii
1210 1669 1306 1698 dicas.
1353 1667 1421 1698 CH.
1447 1666 1631 1697 Persea-eras

172 1716 270 1748 adhuc
285 1715 361 1748 mihi
376 1714 555 1747 adversari?
601 1715 694 1747 NAU.
718 1714 839 1745 Mirum
858 1713 935 1743 mihi
952 1712 1084 1748 videtur,
1100 1711 1263 1752 quiaillud
1278 1710 1332 1750 sit,
1348 1711 1383 1741 de
1400 1720 1457 1750 quo
1472 1711 1630 1747 tantopere

795 1818 1036 1832 eeeeeeeeeeee

174 1912 213 1942 17
237 1909 345 1941 Codd.
374 1908 511 1950 quidam
533 1912 695 1949 praeterea.
721 1910 830 1941 west.
876 1908 1059 1940 Proeterhac
1086 1906 1274 1937 Boin-19
1298 1905 1395 1934 Bem.
1424 1902 1546 1933 satine:
1582 1901 1631 1933 ita

173 1953 368 1983 octonarius
385 1952 569 1992 impeditus
587 1951 756 1992 procedit.
784 1953 840 1983 Fa.
886 1952 1004 1983 Nostri
1023 1960 1139 1981 omnes
1153 1948 1255 1979 Satin.
1288 1947 1398 1978 Satine
1411 1956 1430 1976 a
1445 1946 1541 1976 Bem.
1556 1954 1628 1975 cor-

174 2001 309 2026 rectore
322 1998 387 2033 est,
403 2005 470 2035 quo
486 1995 669 2031 laboranti,
680 2000 715 2025 ut
734 1995 888 2033 iuuabat,
903 1995 1012 2025 versui
1027 1998 1254 2024 succurreret.
1279 1990 1392 2030 Atque
1406 1989 1486 2026 redi,
1497 1993 1534 2018 ut
1548 1988 1630 2018 alias

174 2047 240 2069 non
257 2038 375 2077 semel,
393 2038 539 2077 positum
556 2043 630 2068 erat
646 2047 706 2078 pro
721 2038 824 2069 Redit.
870 2039 1021 2078 Repoue,
1047 2038 1117 2067 Non
1131 2040 1242 2066 temere
1257 2034 1343 2064 dico.-
1369 2032 1449 2062 redii
1465 2041 1580 2061 mecum
1596 2032 1629 2061 in

173 2081 361 2113 memoriam.
416 2079 510 2111 Satin
532 2089 625 2111 sunus
647 2085 701 2111 es?
734 2082 770 2111 Si
796 2081 877 2111 Redi
900 2081 1074 2119 voluisset,
1092 2079 1231 2109 dixisset
1248 2077 1375 2117 utique,
1391 2075 1470 2105 Redi
1485 2077 1582 2104 tecum
1599 2075 1632 2104 in

174 2123 362 2163 memoriam,
375 2133 442 2154 non
463 2123 598 2153 Mecum.
643 2123 786 2154 Plautus
805 2124 904 2163 capt.
923 2133 955 2154 v.
967 2126 999 2153 4.
1016 2126 1069 2153 25.
1093 2126 1101 2139 ‘
1116 2122 1218 2152 Nunc
1235 2120 1367 2150 demum
1385 2119 1416 2148 iu
1433 2117 1630 2147 memoriam

116 2171 125 2180 ·
175 2166 290 2206 redeo,
304 2176 381 2198 cum
394 2175 527 2197 mecum
543 2165 680 2204 cogito!
704 2166 798 2197 Bent.
823 2176 922 2207 quem
949 2167 1101 2206 sequitur
1128 2164 1312 2195 Boiu—20
1336 2161 1389 2192 Αιι
1414 2160 1548 2197 obsecro,
1562 2159 1633 2190 ride

174 2219 212 2240 ne
226 2209 258 2240 in
274 2212 438 2249 cognatam
451 2209 569 2249 pecces]
591 2209 692 2240 Unde
710 2209 860 2240 Faernus
878 2208 960 2239 illud
977 2209 1068 2239 vide?
1091 2207 1172 2238 nihil
1190 2206 1278 2237 euim
1297 2203 1485 2235 annotavit.
1515 2203 1631 2233 Nostri

175 2252 338 2292 universi,
351 2262 423 2283 cave
443 2262 503 2282 ne:
537 2251 627 2293 quod
653 2252 684 2282 in
710 2257 841 2282 textum
868 2261 1076 2282 revocamus
1122 2250 1219 2280 Uuus
1235 2258 1275 2279 ex
1296 2248 1410 2286 Regiis
1427 2252 1458 2276 et
1477 2245 1539 2277 Ed.
1562 2250 1632 2278 vet.

174 2304 248 2326 cave
272 2294 307 2326 in
329 2298 493 2334 cognatam
513 2304 627 2336 pecces,
672 2295 830 2335 Utroque
853 2295 952 2325 modo
969 2294 1058 2335 loqui
1075 2294 1161 2324 solet
1180 2292 1328 2329 Noster3
1352 2289 1432 2320 illud
1451 2289 1560 2319 versui
1578 2298 1632 2318 ac-

176 2337 311 2378 ceptius
327 2343 392 2370 est.
416 2337 514 2369 Bent.
548 2337 588 2368 In
607 2337 715 2368 Codd.
731 2338 927 2378 quibusdam
946 2343 1010 2374 est,
1029 2337 1173 2374 Obsecro,
1188 2335 1267 2365 ride.
1294 2334 1423 2364 Patous
1440 2341 1459 2362 e
1476 2332 1545 2362 Ms.
1557 2331 1632 2362 Pal.

174 2380 306 2420 laudat,
317 2379 484 2420 Demipho,
497 2381 576 2412 vide.
601 2380 687 2421 quod
705 2382 823 2411 mirum
841 2386 894 2412 est
909 2381 992 2411 mire
1011 2381 1145 2420 placere
1172 2378 1311 2418 Guyeto
1338 2377 1370 2407 iu
1396 2374 1529 2406 scholiis
1547 2375 1630 2406 Mss.

173 2423 341 2464 integram
356 2423 500 2455 Scenam
514 2423 738 2464 expungenti.
767 2425 866 2456 IVest.
901 2424 980 2464 Bip.
997 2424 1178 2454 vide—22.
1194 2424 1234 2452 23
1262 2419 1427 2455 Concedes,
1439 2427 1534 2457 ‘neque
1553 2415 1558 2459 l
1581 2417 1633 2448 In-

176 2467 326 2505 telleges?
347 2467 427 2497 situ
441 2466 487 2497 m'l
502 2476 625 2498 narras.
657 2467 727 2497 CH.
739 2467 854 2507 perdis.
883 2467 960 2506 Bip.
978 2476 1044 2506 quo
1065 2466 1185 2506 judice
1208 2466 1215 2480 ‘
1235 2463 1312 2494 mihi
1329 2466 1381 2493 est
1399 2462 1442 2501 gl.
1458 2467 1492 2491 et
1511 2461 1632 2491 redun-

175 2508 316 2541 dantem
331 2507 417 2540 facit
432 2508 674 2541 versum.'—23
699 2509 767 2540 Pro
782 2520 900 2548 narres,
914 2519 1023 2540 narras
1047 2514 1099 2539 est
1125 2508 1157 2538 in
1182 2517 1212 2537 ο.
1236 2506 1306 2536 fere
1325 2506 1344 2535 1.
1364 2514 1390 2536 s.
1408 2509 1439 2535 et
1457 2504 1552 2535 Bem.
1570 2513 1632 2543 pro

174 2552 282 2593 pergis
296 2561 390 2591 vero,
406 2552 433 2582 is
451 2556 582 2583 tantum
599 2552 696 2587 liber,
713 2558 748 2583 et
767 2553 855 2583 Vict.
872 2552 976 2583 habet
999 2551 1116 2592 perdis.
1144 2551 1200 2581 Fa.
1249 2550 1402 2588 Repone,
1420 2547 1528 2586 Neque
1541 2546 1633 2577 intel-

176 2596 282 2635 leges?
305 2594 343 2626 Sc·
366 2597 401 2626 tn
415 2595 459 2625 nil
474 2604 596 2626 narrem.
631 2595 770 2633 Pergis?
795 2596 909 2632 Miror,
924 2596 977 2635 qui
1002 2595 1056 2625 Ιιοε
1075 2594 1146 2625 siet.
1204 2592 1326 2622 Narras
1344 2599 1427 2621 nnus
1442 2593 1572 2620 tantum
1590 2599 1632 2620 ex

176 2638 327 2669 nostris:
352 2647 467 2668 omues
485 2644 598 2669 autem
617 2639 753 2677 Pergis?
774 2639 862 2679 quod
890 2638 987 2669 alteri
1014 2637 1170 2677 equidem
1190 2633 1346 2675 praefero.
1378 2633 1473 2664 Bene.
1531 2633 1566 2662 Si
1589 2633 1634 2662 nil

177 2680 307 2714 tu...1wc
322 2681 397 2721 quid
413 2683 471 2711 est.
494 2681 595 2711 Both.
644 2681 800 2720 Intelligis
815 2682 858 2712 G.
877 2681 1010 2712 Fabric.
1037 2680 1092 2710 ΒΓ.
1109 2679 1262 2717 intelliges
1286 2677 1376 2708 Non.
1394 2674 1580 2707 Marcellus
1599 2675 1632 2705 in

178 2733 210 2754 ν.
235 2725 243 2740 ‘
259 2723 460 2756 Concedere
473 2722 494 2753 :’
525 2726 553 2754 si
568 2727 603 2754 tu
618 2724 663 2753 m'l
681 2724 770 2753 Perl.
813 2734 921 2755 narres
936 2724 1021 2755 Mss.
1039 2727 1072 2753 et
1090 2721 1173 2754 editi
1187 2720 1321 2762 quidam
1339 2723 1417 2760 post
1434 2718 1506 2749 ΕΡ.
1535 2718 1631 2748 Wesc.

179 2771 215 2797 et
232 2766 279 2797 sic
292 2765 410 2799 Guelf.
426 2769 454 2798 1.
488 2765 515 2796 sz'
531 2766 576 2798 ita
590 2766 669 2797 nihil
682 2776 789 2798 narres
805 2765 916 2799 Guelf.
932 2769 963 2798 3.
996 2765 1104 2798 Codd.
1121 2764 1256 2806 quidam
1272 2763 1396 2805 perdis:
1421 2761 1465 2802 A,
1478 2762 1520 2801 B,
1531 2761 1571 2801 C,
1586 2761 1630 2791 G.
