1966 3302
334 231 419 273 594
833 247 874 277 Ρ.
907 246 1150 277 ΤΕΒΕΝΤΠ
1184 249 1301 280 Arm

331 336 402 378 Tu
424 351 515 379 rem
536 338 694 392 perire,
717 344 761 380 et
782 339 944 392 ipsum,
967 352 1054 382 non
1074 343 1243 395 poteris
1263 345 1370 399 pati.

333 405 452 446 Dare
475 405 734 458 denegaris;
764 406 845 447 ibit
866 406 922 448 ad
945 407 1055 449 illud
1076 409 1210 459 illico,

332 472 437 523 Quo
460 486 665 514 maxume
687 474 808 527 apud
832 478 873 515 te
895 488 944 516 se
967 476 1114 518 valere
1136 479 1318 520 sentiet:

332 540 571 582 Abiturum
594 554 642 582 se
661 542 743 583 abs
764 546 807 582 te
828 555 931 584 esse
952 543 1076 586 illico
1097 545 1353 588 minabitur.
1735 547 1792 590 80

332 609 433 651 ΜΕ.
464 608 631 650 Videre
652 622 818 661 verum,
839 615 972 665 atque
993 611 1056 653 ita
1076 613 1141 653 uti
1162 626 1230 654 res
1253 618 1334 664 est,
1352 614 1507 656 dicere.

332 676 420 718 CH.
451 676 660 718 Somnum
680 676 827 719 hercle
848 691 929 731 ego
950 678 1034 720 hac
1054 684 1187 721 nocte
1209 681 1351 721 oculis
1372 694 1460 722 non
1481 681 1573 723 vidi
1595 682 1718 732 meis,

331 743 452 784 Dum
472 743 518 784 id
540 757 708 797 quaero,
729 745 810 786 tibi
828 745 905 798 qui
927 744 1069 786 filium
1089 747 1376 788 restituerem.

331 810 429 852 ΜΕ.
461 811 586 853 Cedo
608 812 835 855 dextram:
867 826 999 866 porro
1022 818 1066 854 te
1086 813 1204 855 idem
1223 827 1300 855 oro
1322 820 1369 856 ut
1389 814 1545 864 facias,
1561 813 1760 856 Chreme.

330 880 419 922 CH.
452 880 644 922 Paratus
659 894 770 922 sum.
830 880 928 921 ΜΕ.
950 880 1083 932 Scin',
1101 881 1207 935 quid
1221 895 1335 924 nunc
1348 882 1493 924 facere
1506 887 1550 924 te
1562 883 1667 924 volo
1681 883 1700 923 ‘l
1730 883 1788 925 85

330 948 419 990 CH.
451 948 554 990 Dic.
614 947 714 990 ME.
747 947 883 999 Quod
903 949 1083 991 sensisti
1105 950 1206 990 illos
1227 964 1298 992 me
1318 951 1513 1005 incipere
1531 950 1701 1002 fallere,

330 1016 383 1057 Id
405 1020 454 1058 ut
474 1020 698 1058 maturent
717 1015 889 1058 facere:
921 1016 1055 1070 cupio
1078 1016 1144 1058 illi
1165 1017 1284 1067 dare,

329 1083 466 1135 Quod
486 1084 605 1127 volt:
637 1084 769 1138 cupio
783 1084 877 1138 Jam
896 1082 1063 1125 videre.
1126 1083 1217 1126 CH.
1249 1083 1443 1138 Operam
1464 1083 1598 1125 dabo.

329 1211 387 1251 bit,
410 1212 453 1244 sit
479 1213 621 1255 iniquum
648 1224 689 1246 an
706 1214 848 1255 justum.-
871 1216 907 1245 tu
930 1223 991 1245 mm
1014 1214 1133 1255 poteris
1146 1213 1238 1251 serre
1276 1215 1352 1247 bona
1384 1214 1524 1256 depeffli,
1546 1219 1577 1246 et
1601 1215 1700 1256 ipsum
1727 1224 1791 1251 una

317 1254 437 1296 filium.
483 1256 520 1287 Si
535 1267 655 1288 recuses
670 1259 745 1288 dare
760 1257 787 1288 ei
803 1267 872 1298 quae
884 1260 982 1298 petet,
1005 1258 1148 1288 continuo
1170 1268 1207 1289 ea
1228 1268 1261 1289 re
1285 1262 1402 1298 utetur,
1426 1268 1484 1298 qua
1501 1267 1533 1290 se
1547 1259 1652 1299 vigere
1666 1262 1696 1290 et
1711 1257 1788 1288 vali·

327 1298 399 1329 dum
416 1309 479 1330 esse
493 1301 656 1331 adversum
671 1303 701 1332 te
716 1300 873 1340 intelliget
882 1309 893 1335 ;
919 1300 1028 1331 statim
1051 1300 1221 1332 minabitur·
1242 1311 1275 1333 se
1288 1301 1493 1333 discessurum
1507 1312 1527 1332 α
1543 1304 1583 1332 te.
1628 1301 1702 1332 ΜΕ.
1721 1300 1790 1331 Ex-

326 1341 433 1372 istimo
450 1346 479 1374 te
494 1352 566 1374 vera
582 1343 674 1384 loqui,
695 1347 787 1384 atque
800 1343 846 1374 ita
862 1345 896 1374 ut
912 1352 963 1373 res
972 1352 1004 1373 se
1018 1343 1120 1374 habet.
1167 1344 1235 1376 Cn.
1260 1344 1326 1375 Per
1345 1344 1509 1375 Herculem
1523 1344 1687 1384 proeterita
1701 1346 1789 1374 nocte

325 1393 465 1416 somnum
494 1386 621 1417 minime
645 1386 734 1427 coepi,
769 1387 842 1417 dum
868 1386 985 1425 cogito,
1011 1388 1262 1425 quemadmodum
1293 1387 1453 1418 redderem
1479 1387 1539 1418 tibi
1563 1387 1650 1427 patri
1679 1385 1790 1426 cupido

316 1427 427 1467 filium
441 1432 539 1459 tuum.
586 1429 659 1460 ΜΕ.
683 1430 735 1460 Da
750 1429 920 1460 dexteram.
965 1429 1075 1459 Etiam
1090 1432 1120 1459 te
1131 1439 1241 1470 precor
1255 1433 1290 1461 ut
1304 1430 1445 1470 deinceps
1454 1429 1535 1461 idem
1542 1429 1651 1468 facere
1666 1437 1790 1469 pergas.

326 1469 394 1501 CH.
420 1471 498 1502 Sum
512 1475 640 1512 paratus
655 1472 695 1502 ad
710 1472 743 1502 id
748 1471 942 1509 faciendum.
989 1471 1064 1503 ME.
1087 1471 1197 1503 scisne
1213 1472 1287 1513 quid
1303 1473 1391 1512 cupio
1408 1476 1439 1503 te
1452 1473 1538 1503 modo
1544 1473 1675 1511 fucere?
1719 1472 1787 1503 CH.

329 1513 415 1547 Quid
436 1517 494 1552 est,
509 1515 591 1546 cedo.
637 1515 711 1547 ΜΕ.
738 1514 822 1550 Quia
836 1514 1022 1546 intelleaeisti
1037 1514 1106 1545 illos
1127 1515 1285 1556 inceptare
1300 1525 1347 1546 me
1361 1515 1512 1556 decipere,
1520 1514 1578 1553 fac
1589 1518 1622 1546 ut
1631 1514 1788 1553 festinent

325 1555 359 1586 id
367 1557 527 1599 perficere.
575 1557 673 1598 Cupio
689 1557 739 1589 illi
753 1559 827 1590 dare
843 1566 1038 1599 quaecumque
1054 1558 1130 1589 velit
1140 1568 1151 1589 .-
1173 1558 1262 1599 cupio
1275 1558 1384 1589 statim
1399 1568 1468 1590 eum
1476 1559 1591 1590 videre.
1636 1558 1706 1590 Cn.
1726 1557 1788 1588 Fa-

937 1653 1177 1666 “mnm

325 1731 379 1770 sit,
399 1733 497 1771 petet.
540 1730 799 1771 Rip-pravumne
813 1740 854 1762 an
868 1733 986 1762 rectum
1000 1730 1057 1769 sit,
1075 1731 1153 1771 quod
1167 1732 1349 1771 peta—77
1373 1730 1468 1761 Illum
1484 1739 1544 1771 pro
1558 1729 1661 1771 ipsum
1672 1729 1789 1762 Guelf.

326 1776 446 1805 2.-78
470 1773 520 1805 Μ.
538 1773 628 1805 Dare
643 1774 671 1804 si
691 1773 866 1812 denegaris.
911 1772 992 1813 Alii,
1013 1774 1190 1811 denegabis,
1235 1774 1303 1805 Ms.
1321 1773 1414 1814 Lips.
1437 1773 1499 1804 ibit
1526 1773 1567 1804 ad
1590 1773 1678 1804 illum
1702 1773 1788 1813 ilico,

328 1817 403 1853 Qui.
448 1816 524 1848 EA.
557 1817 616 1848 ibit
643 1818 683 1847 ad
711 1816 799 1848 illum
824 1816 908 1856 ilico,
936 1816 1045 1852 Quem.
1075 1817 1184 1848 WVest.
1230 1818 1239 1834 ‘
1258 1817 1345 1847 Dare
1372 1815 1550 1855 denegabis.
1575 1815 1679 1846 Multi
1705 1815 1788 1848 libb.

327 1860 448 1900 script.
463 1859 554 1891 inter
576 1869 659 1900 quos
675 1860 772 1890 Bem.
790 1863 825 1890 et
842 1859 898 1890 alii
914 1859 1055 1899 antiqui,
1077 1858 1263 1898 denegaris)
1288 1860 1349 1890 Fa.
1396 1859 1405 1875 ‘
1423 1858 1544 1889 Nostri
1567 1857 1640 1889 fere
1657 1867 1788 1898 omnes,

326 1902 511 1942 denegaris!
538 1903 639 1934 Bent.
685 1903 746 1933 ΒΓ.
762 1903 852 1933 Dare
867 1902 941 1932 sid.
959 1901 1020 1933 ibit
1037 1903 1076 1933 ad
1099 1902 1198 1933 illum.
1245 1901 1282 1932 Si
1300 1903 1374 1932 dare
1391 1900 1510 1932 Guelf.
1526 1903 1646 1932 3.-79
1668 1901 1710 1931 R.
1727 1901 1788 1932 ΒΓ.
1835 1933 1839 1937 ,

328 1945 447 1977 Guelf.
465 1948 494 1977 1.
521 1948 551 1976 2.
577 1945 642 1981 Qui
664 1948 792 1976 m.—80
816 1945 932 1976 Nostri
954 1955 1071 1976 omnes
1093 1944 1313 1976 mz‘nz'tabitur:
1335 1944 1455 1975 melius
1472 1943 1586 1974 versui
1610 1943 1787 1974 consulen-

326 1993 391 2020 tes.
419 1989 511 2020 Bent.
559 1988 568 2005 ‘
586 1988 688 2028 Vulg.
713 1988 768 2019 abs
795 1991 824 2019 te
845 1997 919 2022 esse,
940 1988 1022 2018 illico
1045 1988 1237 2018 minabitur.-
1261 1987 1320 2018 sed
1345 1986 1465 2027 putide
1492 1987 1663 2026 repetitur
1691 1986 1787 2026 illico,

325 2032 441 2063 scilicet
459 2032 586 2072 optime
603 2031 748 2072 quadrat
763 2031 858 2062 loeo:
885 2030 1168 2069 vicina—seiteina,
1183 2029 1327 2061 scilicet)
1351 2029 1454 2062 Both.
1477 2030 1535 2071 qui
1553 2029 1630 2060 inde
1646 2028 1719 2068 dat,
1742 2030 1786 2060 A.

325 2085 356 2106 se
371 2075 424 2106 abs
438 2078 469 2105 te
484 2075 601 2105 scilicet
617 2073 825 2105 minitabitur.
871 2074 939 2105 Ms.
956 2074 1048 2114 Lips.
1070 2074 1110 2104 R.
1132 2073 1191 2104 ΒΓ.
1213 2077 1250 2104 et
1271 2074 1350 2103 Vet.
1367 2071 1450 2103 Cod.
1469 2082 1526 2113 ap.
1541 2072 1642 2104 Lind.
1659 2071 1788 2103 minita-

325 2117 506 2148 bz'tur.-—81
532 2118 631 2148 Beni.
656 2126 743 2148 vera.
790 2117 799 2133 ‘
818 2116 938 2148 Nostri
956 2126 1071 2147 omnes
1087 2126 1211 2148 verum.-
1235 2115 1325 2156 quod
1351 2116 1484 2155 placet:
1510 2124 1622 2157 neque
1638 2115 1788 2146 mutavit

327 2159 396 2191 Fa.’
421 2161 604 2193 Bent.—82
627 2159 738 2191 Abest
761 2169 818 2199 ego
845 2158 961 2192 Guelf.
977 2161 1098 2191 2.-83
1123 2157 1297 2190 Acidalius
1323 2158 1367 2189 ad
1394 2157 1565 2189 Velleium
1592 2157 1729 2189 Patere.
1745 2165 1787 2189 11.

326 2206 379 2234 37.
404 2207 567 2243 testatur,
588 2203 621 2233 in
652 2207 720 2234 vet.
744 2202 822 2233 cod.
846 2202 1035 2234 Parisiensi
1059 2201 1225 2242 scriptum
1250 2201 1407 2240 inveniri,
1422 2202 1467 2233 D.
1482 2201 1518 2232 id
1532 2209 1642 2242 quoeso.
1681 2200 1786 2231 Resci-

325 2250 451 2277 tuerem.
496 2246 563 2277 Vix
581 2246 803 2276 Latinitatem
821 2249 947 2277 tuetur.
992 2245 1110 2276 Malim
1137 2244 1252 2284 igitur,
1266 2244 1451 2275 resez‘tuam:
1473 2243 1564 2285 quod
1587 2247 1642 2275 est
1663 2243 1695 2274 in
1713 2243 1786 2284 qui-

326 2289 468 2320 busdam
483 2289 568 2320 Mss.
586 2293 621 2320 et
637 2288 811 2329 impressis
834 2288 1086 2319 vetustissimis.
1115 2287 1216 2319 West.
1260 2288 1269 2304 ‘
1288 2287 1391 2327 Vulg.
1413 2287 1620 2325 restituerem,
1647 2285 1787 2317 turbata

325 2333 570 2363 consecutione
587 2333 801 2371 temporum!
825 2331 919 2363 Both.
943 2332 999 2372 qui
1014 2331 1099 2372 legit
1113 2330 1406 2361 remaneam—84
1431 2330 1510 2361 Par.
1537 2339 1571 2369 p.
1594 2338 1666 2360 var.
1692 2329 1785 2360 Cede.

325 2375 380 2406 Al.
396 2376 570 2407 dexteram.
615 2379 623 2392 ‘
642 2374 760 2406 Nostri
788 2384 902 2404 omues
930 2374 1068 2405 meliore
1096 2373 1229 2413 ordine,
1250 2382 1341 2413 porro
1368 2376 1398 2404 te
1422 2382 1474 2403 oro
1498 2372 1579 2403 idem
1600 2371 1659 2402 ut!
1683 2371 1785 2403 Bent.

326 2418 437 2449 Abest
452 2421 487 2449 ut
504 2416 619 2449 Guelf.
634 2420 752 2448 2.-85
777 2416 854 2448 Scin
870 2417 943 2457 quid
958 2427 1039 2448 nunc
1054 2420 1085 2448 te
1100 2415 1210 2454 facere
1236 2415 1319 2455 volo]
1342 2414 1444 2446 Varie
1474 2415 1689 2446 collocantur
1712 2414 1785 2445 liaec

327 2460 444 2500 verba,
466 2461 526 2492 sed
544 2461 617 2491 liaec
632 2460 712 2490 mihi
728 2460 909 2491 collocatio
926 2461 1089 2498 omnium,
1113 2469 1196 2498 quas
1211 2458 1338 2494 inveni,
1359 2457 1632 2489 commodissima
1648 2456 1786 2488 videtur

326 2503 370 2535 ob
386 2513 576 2542 numerum,
597 2502 663 2533 scin
684 2502 758 2543 quid
779 2512 860 2533 nunc
875 2502 984 2539 sac-ere
999 2506 1029 2534 te
1043 2500 1137 2533 volo?
1159 2502 1209 2533 ita
1233 2501 1386 2542 plerique
1403 2500 1482 2532 libri
1499 2500 1622 2541 scripti
1643 2499 1784 2538 habent,

326 2546 411 2577 etin
429 2546 468 2577 iis
486 2547 616 2586 aliquot
632 2555 674 2576 ex
693 2545 854 2585 antiquis,
877 2550 914 2576 ut
931 2546 1008 2576 Bas.
1033 2545 1092 2577 Fa.
1136 2544 1192 2576 Ita
1218 2553 1352 2586 quoque
1379 2553 1495 2575 omnes
1519 2543 1709 2574 nean—86
1733 2542 1784 2574 M.

327 2594 362 2620 et
380 2588 454 2620 EA.
478 2589 613 2628 incipere
628 2588 704 2619 velle
721 2588 846 2626 fallere.
869 2588 978 2619 West.
1023 2587 1080 2619 Ita
1106 2597 1241 2629 quoque
1268 2592 1337 2618 vet.
1363 2586 1441 2617 cod.
1468 2595 1524 2627 ap.
1553 2585 1649 2616 Lind.
1700 2584 1784 2616 Velle

327 2641 389 2671 pro
403 2632 498 2671 incip.
523 2630 640 2663 Guelf.
657 2633 687 2662 3.
739 2630 823 2662 Velle
849 2636 927 2671 post
942 2631 1036 2670 incip.
1054 2633 1169 2662 1.-87
1195 2630 1268 2661 Pal.
1284 2632 1316 2661 2.
1338 2630 1409 2661 Volo
1432 2632 1467 2660 ut
1489 2639 1530 2660 m.
1577 2628 1784 2660 Glossatoris

327 2674 476 2713 videtur,
494 2673 588 2705 verbi
614 2673 680 2703 volo
706 2683 753 2704 vs.
771 2676 824 2705 85.
850 2673 1067 2704 immemoris.
1091 2673 1269 2705 Pera—83
1292 2672 1468 2703 Bentleius
1485 2670 1607 2711 edidit,
1627 2670 1716 2711 cupio
1737 2671 1785 2710 ip-

326 2717 439 2754 sumj.
456 2727 486 2748 v.
534 2717 638 2748 Certe
666 2725 783 2746 sensus
810 2716 945 2756 egregie
974 2716 1189 2747 commendat
1215 2715 1299 2746 illud
1324 2716 1435 2755 ipsum.
1459 2714 1567 2745 Zeun.
1613 2713 1700 2744 Tres
1726 2713 1785 2754 qui

327 2764 516 2800 sequuntur
533 2768 664 2798 versus,
687 2758 729 2789 ad
746 2759 844 2789 finem
863 2759 961 2799 hujus
982 2768 1093 2790 scenae
1112 2762 1346 2799 apposuerunt
1372 2758 1474 2788 Bent.
1500 2755 1593 2788 Peri.
1618 2755 1721 2787 Both.
1748 2759 1786 2786 et

329 2803 485 2843 Lenzius,
509 2802 598 2844 apud
616 2810 714 2843 quem
731 2805 843 2833 tamen
866 2802 921 2832 hic
948 2808 1003 2833 est
1029 2801 1111 2833 ordo
1127 2812 1135 2832 :
1161 2803 1190 2833 Α
1213 2811 1260 2833 me
1283 2800 1381 2832 nescio
1399 2823 1407 2832 .
1421 2824 1428 2831 .
1444 2821 1451 2831 .
1470 2800 1523 2831 Ne
1547 2808 1602 2830 noe
1615 2822 1625 2831 .
1639 2821 1646 2830 .
1659 2821 1667 2830 .
1683 2798 1786 2839 Syrus
