1966 3302
307 233 393 274 950
798 240 840 269 P.
873 237 1113 268 TEREN'ru
1148 238 1262 267 Arm

310 335 375 377 Ut
393 349 447 377 ne
467 336 709 388 imparatus
729 333 827 381 sim,
845 332 885 373 si
901 331 1111 373 adveniat
1133 330 1356 371 Phormio.

310 429 461 461 Phor-mio
473 428 630 460 adveniat.

918 477 1073 489 euroeae
1077 477 1156 488 eost-o

312 536 479 575 Rip-84
498 534 577 565 Cum
591 532 751 572 adveniat]
774 532 842 563 Hic
860 531 993 562 variant
1007 529 1086 560 libri
1102 529 1243 569 scripti3
1261 529 1317 559 alii
1334 532 1369 559 ut
1386 528 1418 558 in
1433 527 1605 567 impressis
1619 527 1763 558 habent:

311 579 367 608 alii
382 587 449 608 cum
464 577 620 612 adveniet,
636 575 725 615 quod
745 584 810 605 non
825 574 986 614 displicet
1001 573 1097 604 nobis
1112 583 1119 602 z
1139 572 1195 602 aiii
1210 582 1278 602 eum
1294 570 1470 609 advenerit,
1485 569 1574 611 quod
1592 574 1683 600 stare
1699 578 1765 600 non

312 625 446 660 potest:
472 619 669 652 Bembinus,
693 618 722 648 si
747 617 913 648 adveniat:
936 626 1036 657 quam
1058 619 1264 654 postremam
1291 614 1472 644 lectionem
1496 618 1657 652 tanquam
1679 611 1765 642 anti-

313 663 509 702 quissimam
535 661 739 700 recipimus:
764 659 852 690 forte
881 659 970 690 enim
996 657 1144 695 dubitat,
1171 657 1412 687 Phormionem
1440 665 1507 686 non
1531 655 1765 685 adventurum.

313 705 373 736 Fa.
413 705 465 735 Ex
482 704 605 734 nostris
622 703 776 743 plerique
791 712 860 732 cum
875 701 1043 737 adveniat;
1068 705 1136 730 tres
1153 709 1220 730 cum
1235 699 1398 734 adveniet‚·
1415 707 1498 728 unus
1513 706 1581 727 cum
1596 696 1766 727 advenerit.

314 746 580 784 Bembiniiilud,
602 746 629 776 si.
651 745 810 785 adveniat,
831 744 907 774 ideo
935 744 1062 784 placet,
1090 742 1180 782 quod
1203 741 1352 772 nesciret
1368 740 1535 780 Demipho
1553 748 1593 769 an
1609 735 1783 769 Phormio'

313 796 385 821 lum
403 789 491 819 domi
509 793 609 824 esset,
633 793 669 818 et
684 798 724 818 eo
741 787 795 817 die
812 786 987 818 conveniri
1010 789 1135 824 posset.
1180 784 1266 815 Nam
1286 788 1405 823 postea
1420 787 1624 813 conventum
1650 780 1690 811 iri
1712 781 1767 811 vel

312 833 405 872 leges
422 831 608 870 coegerint.
633 830 727 861 Bent.
772 829 811 860 Sz·
825 827 986 867 adveniat]
1008 828 1061 858 Ita
1079 827 1134 858 Fa.
1152 836 1191 857 ex
1207 827 1305 857 Beni.
1319 826 1398 867 quia
1411 824 1600 856 dubitantis
1615 827 1678 858 est,
1693 832 1767 863 pro,

314 875 339 906 si
357 873 458 906 forte.
504 873 648 904 Plurimi
662 877 775 903 autem
793 872 951 909 Codices,
967 880 1035 901 cum
1053 869 1209 900 adveniat.
1255 868 1507 905 Gambarellus,
1520 877 1588 897 cum
1603 866 1744 896 adveniet
1756 876 1766 896 .-

315 916 483 958 quomodo
500 921 535 947 et
551 916 641 956 Guy.
668 916 699 945 in
719 914 839 955 glossis
856 913 992 944 ineditis
1009 912 1180 950 correxit3
1203 921 1280 942 mox
1298 917 1410 942 tamen
1426 909 1611 944 ascribens.
1634 909 1662 939 si
1676 909 1767 939 adve-

314 960 378 991 niet
395 959 458 990 sibi
475 959 625 999 placere.
651 958 747 989 West.
792 958 831 988 δι’
846 958 944 988 Bem.
963 959 1067 986 recte.
1091 955 1179 986 Perl.
1225 954 1304 985 Cum
1316 955 1376 985 Br.
1395 953 1432 984 Ζ.

723 1223 927 1266 ACTUS
961 1223 1024 1263 ΙΙ.
1086 1220 1293 1263 SCENA
1322 1220 1385 1262 II.

834 1346 1078 1376 PHORMIO.
1114 1344 1259 1374 GETA.

322 1416 482 1457 PHoR.
516 1414 677 1455 ITANE
699 1414 837 1467 patris
859 1413 924 1454 ais
946 1415 1232 1465 conspectum
1255 1410 1444 1451 veritum
1466 1407 1569 1448 hinc
1592 1405 1771 1447 abisse?

492 1481 582 1523 GE.
613 1480 882 1521 Admodum.

324 1551 481 1591 PHOR.
513 1549 732 1590 Phanium
766 1547 961 1588 relictam
996 1545 1169 1585 solam?
1241 1543 1333 1585 GE.
1368 1543 1456 1583 Sic.
1527 1541 1687 1582 PHOR.
1718 1536 1774 1578 Et

495 1617 653 1658 iratum
675 1628 824 1656 senem
841 1615 859 1655 ‘P

325 1683 414 1725 GE.
435 1684 630 1738 Oppido.
691 1684 851 1724 PHOR.
873 1679 947 1721 Ad
966 1683 1008 1721 te
1029 1689 1200 1720 summa
1221 1677 1378 1726 solum,
1395 1675 1619 1724 Phormio,
1635 1683 1775 1714 rerum

495 1752 617 1792 redit.

324 1818 441 1859 Tute
461 1818 545 1859 hoc
567 1817 747 1859 intristi:
780 1815 864 1857 tibi
885 1827 1013 1855 omne
1034 1816 1102 1853 est
1121 1810 1395 1864 exedendum
1415 1824 1424 1851 :
1458 1809 1700 1861 accingere.

370 1945 437 1975 Pu.
467 1944 617 1975 Verumne
633 1946 678 1974 est
693 1942 772 1983 quod
784 1941 842 1978 ais,
857 1939 1067 1979 Antiphonem
1080 1946 1147 1977 proe
1164 1940 1247 1967 metu
1263 1946 1323 1966 non
1338 1945 1446 1966 ausum
1461 1934 1566 1965 venire
1587 1933 1622 1964 in
1636 1941 1775 1972 con-spec·

326 1991 391 2018 tum
399 1987 500 2027 patris
515 1987 585 2017 hinc
599 1985 753 2016 evasisse?
796 1984 863 2014 GE.
892 1982 1004 2012 Verum
1020 1983 1077 2010 est.
1122 1979 1192 2009 ΡΗ.
1216 1979 1372 2008 Phanium
1381 1979 1532 2008 desertum
1546 1977 1642 2007 solam
1657 1984 1777 2005 reman-

325 2031 418 2060 sisse?
456 2030 523 2060 GE.
548 2029 604 2060 Sic
621 2032 679 2059 est.
715 2028 786 2058 PH.
810 2026 854 2056 Et
872 2023 1092 2063 Demiphonem
1104 2023 1152 2052 ira
1163 2025 1362 2052 commotum?
1397 2020 1464 2051 GE.
1487 2019 1673 2050 Admodum.
1706 2017 1777 2048 PH.

330 2072 380 2103 Ad
407 2075 436 2103 te
457 2082 564 2111 unum,
582 2071 743 2110 Phormio,
763 2072 830 2100 tota
852 2068 917 2098 hoec
938 2076 988 2096 res
1008 2068 1146 2105 spectat.-
1170 2067 1235 2094 tute
1257 2064 1335 2094 hunc
1357 2063 1502 2094 intritam
1517 2059 1699 2101 apparasti;
1721 2057 1779 2090 tibi

935 2163 970 2173 ee
976 2162 1069 2174 ’καθα
1075 2161 1170 2181 ‘eave‘

371 2235 387 2263 1
415 2231 482 2262 Hic
501 2230 608 2261 Actus
624 2238 664 2261 ιι.
677 2229 808 2260 initium
833 2226 954 2259 statuit
969 2227 1149 2257 Muretus:
1184 2234 1282 2265 quam
1300 2222 1550 2254 distinctionem
1567 2224 1683 2252 tuetur
1696 2219 1780 2250 Dae.

327 2275 500 2314 suspicata
517 2274 559 2304 ab
580 2272 723 2303 Heinsio
748 2271 892 2311 primum
909 2268 1109 2310 profectam.
1154 2267 1222 2297 Sed
1239 2267 1378 2297 fallitur.
1423 2265 1530 2296 Malui
1546 2269 1656 2294 autem
1676 2263 1779 2303 piuri-

327 2326 456 2348 morum
471 2315 579 2347 Codd.
596 2325 671 2345 cum
689 2315 773 2345 Mss.
790 2319 861 2344 tum
888 2313 1127 2352 impressorum
1146 2310 1385 2340 auctoritatem
1403 2307 1509 2348 sequi.
1546 2307 1642 2337 W'est.
1700 2304 1781 2335 Con-

327 2358 479 2400 spectum]
514 2357 666 2395 Rufinus,
682 2357 782 2387 Libro
798 2356 841 2386 de
857 2356 981 2386 Mettis
995 2354 1220 2391 Teremianis,
1234 2353 1419 2382 adrentum:
1454 2350 1509 2390 qui
1535 2348 1654 2388 procul
1677 2346 1782 2377 dubio

329 2412 424 2432 error
441 2406 505 2431 est.
528 2401 579 2430 Id.
612 2400 666 2430 Al.
682 2401 860 2437 adventum,
876 2398 972 2428 male·
995 2397 1085 2427 Perl.
1114 2395 1216 2434 ang.
1235 2395 1326 2434 [cum
1345 2391 1489 2432 Delph.]
1507 2391 1631 2422 Actum
1648 2389 1781 2421 11.hinc

330 2445 529 2475 ordiuntur:
556 2443 709 2483 quamvis
726 2443 791 2472 Do.
808 2441 935 2472 rectius
952 2441 1093 2469 doceat:
1116 2438 1232 2468 Tertio
1248 2436 1338 2467 actui
1356 2435 1553 2466 attribuitur
1568 2433 1712 2471 litigium
1731 2439 1781 2461 se-

330 2487 381 2517 nis
399 2492 432 2516 et
447 2485 670 2519 PhormiouiS,
686 2487 750 2515 διο.
773 2484 850 2523 Bip.
876 2492 950 2522 quae
977 2483 1030 2512 hic
1053 2480 1183 2511 orditur
1207 2480 1307 2510 Scen.
1324 2487 1349 2509 ι.
1367 2477 1447 2508 Act.
1465 2486 1526 2507 111.
1577 2475 1703 2506 Abiisse
1723 2474 1780 2503 ΒΓ.

332 2530 434 2559 Bent.
452 2528 573 2568 Delph.
594 2528 667 2564 Bip.
685 2526 788 2557 Both.
812 2526 972 2556 Perl.—3
1000 2523 1112 2554 Rediit
1126 2522 1160 2554 .1.
1185 2523 1337 2553 Peru—4
1362 2520 1442 2551 Par.
1462 2528 1521 2559 pro
1539 2527 1608 2548 var.
1624 2515 1784 2548 intrusisti

330 2572 506 2602 inusitate.
551 2569 591 2600 In
609 2569 694 2600 GM.
712 2570 778 2609 leg.
793 2567 954 2598 instruisti
971 2575 1163 2607 perperam.
1210 2563 1299 2594 Ibid.
1320 2572 1380 2603 pro
1398 2571 1467 2592 var.
1487 2560 1621 2591 intristi.
1644 2559 1781 2590 Perl.——-

990 2646 1132 2678 NOTAE

375 2717 395 2744 4
422 2714 498 2744 Tute
509 2712 711 2751 hoc-intristi]
735 2711 958 2742 Proverbium
977 2717 1030 2740 est
1086 2709 1226 2739 Donato
1252 2710 1305 2737 est
1327 2709 1506 2741 moretum,
1535 2711 1640 2742 genus
1664 2701 1723 2733 libi
1740 2711 1782 2733 ex

332 2770 448 2806 aptum
467 2763 661 2794 Phormioni
689 2763 860 2793 Parasito.
906 2760 1031 2792 Intrita
1086 2758 1207 2796 farina,
1230 2757 1332 2793 lacte,
1349 2755 1440 2792 vino,
1456 2761 1569 2788 caseo,
1592 2757 1693 2793 atque
1709 2752 1782 2783 her-
