<?xml version="1.0" encoding="UTF-8"?>
<!DOCTYPE html PUBLIC "-//W3C//DTD XHTML 1.0 Transitional//EN"
    "http://www.w3.org/TR/xhtml1/DTD/xhtml1-transitional.dtd">
<html xmlns="http://www.w3.org/1999/xhtml" xml:lang="en" lang="en">
 <head>
  <title>
</title>
<meta http-equiv="Content-Type" content="text/html;charset=utf-8" />
  <meta name='ocr-system' content='tesseract 3.04.00' />
  <meta name='ocr-capabilities' content='ocr_page ocr_carea ocr_par ocr_line ocrx_word'/>
</head>
<body>
  <div class='ocr_page' id='page_1' title='image "./pubterentiiafric02tereuoft/pubterentiiafric02tereuoft_0527.png"; bbox 0 0 1966 3302; ppageno 0'>
   <div class='ocr_carea' id='block_1_1' title="bbox 537 249 1620 290">
    <p class='ocr_par' dir='ltr' id='par_1_1' title="bbox 537 249 1620 290">
     <span class='ocr_line' id='line_1_1' title="bbox 537 249 1620 290; baseline 0.006 -6"><span class='ocrx_word' id='word_1_1' title='bbox 537 253 845 285; x_wconf 70' lang='lat' dir='ltr'><em>nHoRM1oNis</em></span> <span class='ocrx_word' id='word_1_2' title='bbox 880 256 987 286; x_wconf 75' lang='lat' dir='ltr'>ACT.</span> <span class='ocrx_word' id='word_1_3' title='bbox 1020 255 1063 286; x_wconf 85' lang='lat' dir='ltr'><em>v.</em></span> <span class='ocrx_word' id='word_1_4' title='bbox 1097 257 1166 288; x_wconf 83' lang='lat' dir='ltr'><em>sc.</em></span> <span class='ocrx_word' id='word_1_5' title='bbox 1198 258 1262 287; x_wconf 75' lang='lat' dir='ltr'><em>lv.</em></span> <span class='ocrx_word' id='word_1_6' title='bbox 1510 249 1620 290; x_wconf 81' lang='grc'><strong>1017</strong></span> 
     </span>
    </p>
   </div>
   <div class='ocr_carea' id='block_1_2' title="bbox 169 348 1619 540">
    <p class='ocr_par' dir='ltr' id='par_1_2' title="bbox 169 348 1619 540">
     <span class='ocr_line' id='line_1_2' title="bbox 170 348 1619 407; baseline 0.001 -15"><span class='ocrx_word' id='word_1_7' title='bbox 170 351 260 392; x_wconf 79' lang='grc' dir='ltr'><em>ΒΕ.</em></span> <span class='ocrx_word' id='word_1_8' title='bbox 280 350 401 402; x_wconf 83' lang='lat' dir='ltr'>Quid</span> <span class='ocrx_word' id='word_1_9' title='bbox 422 349 536 391; x_wconf 83' lang='lat' dir='ltr'><em>istuc</em></span> <span class='ocrx_word' id='word_1_10' title='bbox 557 349 706 403; x_wconf 75' lang='lat' dir='ltr'><em>negoti</em></span> <span class='ocrx_word' id='word_1_11' title='bbox 726 348 780 390; x_wconf 85' lang='lat' dir='ltr'><em>’st</em></span> <span class='ocrx_word' id='word_1_12' title='bbox 794 351 814 390; x_wconf 68' lang='grc' dir='ltr'><em>’ἒ</em></span> <span class='ocrx_word' id='word_1_13' title='bbox 875 349 1033 391; x_wconf 78' lang='lat' dir='ltr'><strong>CHRR.</strong></span> <span class='ocrx_word' id='word_1_14' title='bbox 1053 352 1212 394; x_wconf 66' lang='lat' dir='ltr'><em>‚Iamne</em></span> <span class='ocrx_word' id='word_1_15' title='bbox 1232 353 1402 407; x_wconf 83' lang='lat' dir='ltr'><em>operuit</em></span> <span class='ocrx_word' id='word_1_16' title='bbox 1422 354 1583 394; x_wconf 80' lang='lat' dir='ltr'><em>ostium</em></span> <span class='ocrx_word' id='word_1_17' title='bbox 1598 355 1619 393; x_wconf 63' lang='lat' dir='ltr'><em>‘t</em></span> 
     </span>
     <span class='ocr_line' id='line_1_3' title="bbox 340 416 1075 471; baseline 0.001 -13"><span class='ocrx_word' id='word_1_18' title='bbox 340 418 430 459; x_wconf 76' lang='lat' dir='ltr'><em>DE.</em></span> <span class='ocrx_word' id='word_1_19' title='bbox 450 416 569 457; x_wconf 84' lang='lat' dir='ltr'>Jam.</span> <span class='ocrx_word' id='word_1_20' title='bbox 630 416 788 458; x_wconf 85' lang='lat' dir='ltr'><strong>CHRE.</strong></span> <span class='ocrx_word' id='word_1_21' title='bbox 811 417 849 458; x_wconf 95' lang='lat' dir='ltr'>O</span> <span class='ocrx_word' id='word_1_22' title='bbox 870 418 1075 471; x_wconf 86' lang='lat' dir='ltr'>Jupiter!</span> 
     </span>
     <span class='ocr_line' id='line_1_4' title="bbox 169 483 1618 540; baseline 0.005 -16"><span class='ocrx_word' id='word_1_23' title='bbox 169 483 230 524; x_wconf 92' lang='lat' dir='ltr'><em>Di</em></span> <span class='ocrx_word' id='word_1_24' title='bbox 249 496 330 524; x_wconf 92' lang='lat' dir='ltr'><em>nos</em></span> <span class='ocrx_word' id='word_1_25' title='bbox 361 483 601 537; x_wconf 83' lang='lat' dir='ltr'><em>respiciunt</em></span> <span class='ocrx_word' id='word_1_26' title='bbox 618 485 627 524; x_wconf 89' lang='lat'>!</span> <span class='ocrx_word' id='word_1_27' title='bbox 659 488 835 537; x_wconf 83' lang='lat' dir='ltr'><em>gnatam</em></span> <span class='ocrx_word' id='word_1_28' title='bbox 868 485 1015 526; x_wconf 85' lang='lat' dir='ltr'><em>inveni</em></span> <span class='ocrx_word' id='word_1_29' title='bbox 1050 491 1231 540; x_wconf 81' lang='lat' dir='ltr'>nuptam</span> <span class='ocrx_word' id='word_1_30' title='bbox 1269 501 1368 530; x_wconf 90' lang='lat' dir='ltr'><em>cum</em></span> <span class='ocrx_word' id='word_1_31' title='bbox 1403 492 1478 531; x_wconf 82' lang='lat' dir='ltr'><em>tuo</em></span> <span class='ocrx_word' id='word_1_32' title='bbox 1514 489 1618 531; x_wconf 87' lang='lat' dir='ltr'><em>filio.</em></span> 
     </span>
    </p>
   </div>
   <div class='ocr_carea' id='block_1_3' title="bbox 169 550 1664 735">
    <p class='ocr_par' dir='ltr' id='par_1_3' title="bbox 169 550 1664 735">
     <span class='ocr_line' id='line_1_5' title="bbox 340 550 609 592; baseline 0 0"><span class='ocrx_word' id='word_1_33' title='bbox 340 550 431 592; x_wconf 84' lang='lat' dir='ltr'><em>DE.</em></span> <span class='ocrx_word' id='word_1_34' title='bbox 463 550 609 592; x_wconf 86' lang='lat' dir='ltr'>Hem!</span> 
     </span>
     <span class='ocr_line' id='line_1_6' title="bbox 169 617 1664 672; baseline 0.006 -13"><span class='ocrx_word' id='word_1_35' title='bbox 169 617 272 669; x_wconf 87' lang='lat' dir='ltr'><em>Quo</em></span> <span class='ocrx_word' id='word_1_36' title='bbox 293 623 428 672; x_wconf 84' lang='lat' dir='ltr'><em>pacto</em></span> <span class='ocrx_word' id='word_1_37' title='bbox 449 617 495 658; x_wconf 90' lang='lat' dir='ltr'><em>id</em></span> <span class='ocrx_word' id='word_1_38' title='bbox 514 617 696 672; x_wconf 65' lang='lat' dir='ltr'><em>potuit?</em></span> <span class='ocrx_word' id='word_1_39' title='bbox 758 619 913 661; x_wconf 78' lang='lat' dir='ltr'><strong>CHRE.</strong></span> <span class='ocrx_word' id='word_1_40' title='bbox 945 619 1050 661; x_wconf 87' lang='lat' dir='ltr'><em>Non</em></span> <span class='ocrx_word' id='word_1_41' title='bbox 1071 621 1183 662; x_wconf 79' lang='lat' dir='ltr'><em>satis</em></span> <span class='ocrx_word' id='word_1_42' title='bbox 1204 627 1328 664; x_wconf 82' lang='lat' dir='ltr'><em>tutus</em></span> <span class='ocrx_word' id='word_1_43' title='bbox 1353 629 1423 665; x_wconf 87' lang='lat' dir='ltr'><em>est</em></span> <span class='ocrx_word' id='word_1_44' title='bbox 1445 624 1499 666; x_wconf 85' lang='lat' dir='ltr'><em>ad</em></span> <span class='ocrx_word' id='word_1_45' title='bbox 1521 638 1618 667; x_wconf 85' lang='lat' dir='ltr'><em>nar·</em></span> <span class='ocrx_word' id='word_1_46' title='bbox 1655 666 1664 672; x_wconf 20' lang='grc' dir='ltr'><em>Δ,</em></span> 
     </span>
     <span class='ocr_line' id='line_1_7' title="bbox 336 685 1620 735; baseline 0.002 -9"><span class='ocrx_word' id='word_1_47' title='bbox 336 685 523 727; x_wconf 85' lang='lat' dir='ltr'><em>randum</em></span> <span class='ocrx_word' id='word_1_48' title='bbox 544 685 617 727; x_wconf 93' lang='lat' dir='ltr'><em>hic</em></span> <span class='ocrx_word' id='word_1_49' title='bbox 640 686 780 727; x_wconf 87' lang='lat' dir='ltr'><em>locus.</em></span> <span class='ocrx_word' id='word_1_50' title='bbox 1562 694 1620 735; x_wconf 85' lang='lat'><em>35</em></span> 
     </span>
    </p>
   </div>
   <div class='ocr_carea' id='block_1_4' title="bbox 168 751 1618 872">
    <p class='ocr_par' dir='ltr' id='par_1_4' title="bbox 168 751 1618 872">
     <span class='ocr_line' id='line_1_8' title="bbox 168 751 1618 813; baseline 0.007 -21"><span class='ocrx_word' id='word_1_51' title='bbox 168 752 257 793; x_wconf 88' lang='lat' dir='ltr'><em>DE.</em></span> <span class='ocrx_word' id='word_1_52' title='bbox 288 751 352 793; x_wconf 85' lang='lat' dir='ltr'><em>At</em></span> <span class='ocrx_word' id='word_1_53' title='bbox 372 758 419 794; x_wconf 90' lang='lat' dir='ltr'><em>tu</em></span> <span class='ocrx_word' id='word_1_54' title='bbox 441 753 515 794; x_wconf 82' lang='lat' dir='ltr'><em>abi</em></span> <span class='ocrx_word' id='word_1_55' title='bbox 534 753 661 794; x_wconf 87' lang='lat' dir='ltr'><em>intro.</em></span> <span class='ocrx_word' id='word_1_56' title='bbox 719 754 878 797; x_wconf 80' lang='lat' dir='ltr'><strong>CHRE.</strong></span> <span class='ocrx_word' id='word_1_57' title='bbox 912 753 1065 798; x_wconf 85' lang='lat' dir='ltr'>Heus!</span> <span class='ocrx_word' id='word_1_58' title='bbox 1096 770 1149 798; x_wconf 89' lang='lat' dir='ltr'><em>ne</em></span> <span class='ocrx_word' id='word_1_59' title='bbox 1172 758 1251 800; x_wconf 91' lang='lat' dir='ltr'><em>filii</em></span> <span class='ocrx_word' id='word_1_60' title='bbox 1275 759 1452 813; x_wconf 85' lang='lat' dir='ltr'><em>quidem</em></span> <span class='ocrx_word' id='word_1_61' title='bbox 1480 762 1618 802; x_wconf 87' lang='lat' dir='ltr'><strong>nostri</strong></span> 
     </span>
     <span class='ocr_line' id='line_1_9' title="bbox 335 820 831 872; baseline 0.004 -11"><span class='ocrx_word' id='word_1_62' title='bbox 335 820 421 862; x_wconf 91' lang='lat' dir='ltr'><em>hoc</em></span> <span class='ocrx_word' id='word_1_63' title='bbox 442 821 698 872; x_wconf 84' lang='lat' dir='ltr'><strong>resciscant,</strong></span> <span class='ocrx_word' id='word_1_64' title='bbox 715 823 831 864; x_wconf 84' lang='lat' dir='ltr'><em>volo.</em></span> 
     </span>
    </p>
   </div>
   <div class='ocr_carea' id='block_1_5' title="bbox 159 939 1619 1185">
    <p class='ocr_par' dir='ltr' id='par_1_5' title="bbox 159 939 1619 1185">
     <span class='ocr_line' id='line_1_10' title="bbox 164 939 1619 982; baseline 0.008 -12"><span class='ocrx_word' id='word_1_65' title='bbox 164 939 261 970; x_wconf 77' lang='lat' dir='ltr'><em>animi</em></span> <span class='ocrx_word' id='word_1_66' title='bbox 283 940 361 971; x_wconf 82' lang='lat' dir='ltr'><em>mihi</em></span> <span class='ocrx_word' id='word_1_67' title='bbox 381 941 448 972; x_wconf 83' lang='lat' dir='ltr'><em>visa</em></span> <span class='ocrx_word' id='word_1_68' title='bbox 471 945 528 981; x_wconf 85' lang='lat' dir='ltr'><em>est,</em></span> <span class='ocrx_word' id='word_1_69' title='bbox 548 945 583 973; x_wconf 84' lang='lat' dir='ltr'><em>ut</em></span> <span class='ocrx_word' id='word_1_70' title='bbox 605 942 691 974; x_wconf 83' lang='lat' dir='ltr'><em>illam</em></span> <span class='ocrx_word' id='word_1_71' title='bbox 713 943 789 974; x_wconf 71' lang='lat' dir='ltr'><em>vidi.</em></span> <span class='ocrx_word' id='word_1_72' title='bbox 835 943 902 975; x_wconf 80' lang='lat' dir='ltr'><em>DE.</em></span> <span class='ocrx_word' id='word_1_73' title='bbox 929 944 1016 980; x_wconf 81' lang='lat' dir='ltr'><em>Quid</em></span> <span class='ocrx_word' id='word_1_74' title='bbox 1038 944 1099 976; x_wconf 85' lang='lat' dir='ltr'><em>ista</em></span> <span class='ocrx_word' id='word_1_75' title='bbox 1124 955 1174 976; x_wconf 82' lang='lat' dir='ltr'><em>res</em></span> <span class='ocrx_word' id='word_1_76' title='bbox 1195 946 1254 977; x_wconf 80' lang='lat' dir='ltr'><em>sibi</em></span> <span class='ocrx_word' id='word_1_77' title='bbox 1276 948 1369 978; x_wconf 79' lang='lat' dir='ltr'><em>vult?</em></span> <span class='ocrx_word' id='word_1_78' title='bbox 1414 948 1481 980; x_wconf 77' lang='lat' dir='ltr'><em>CH.</em></span> <span class='ocrx_word' id='word_1_79' title='bbox 1503 950 1619 982; x_wconf 80' lang='lat' dir='ltr'><em>Jamne</em></span> 
     </span>
     <span class='ocr_line' id='line_1_11' title="bbox 163 982 1619 1030; baseline 0.007 -17"><span class='ocrx_word' id='word_1_80' title='bbox 163 982 275 1013; x_wconf 79' lang='lat' dir='ltr'><em>ostium</em></span> <span class='ocrx_word' id='word_1_81' title='bbox 296 984 423 1015; x_wconf 81' lang='lat' dir='ltr'><em>occlusit</em></span> <span class='ocrx_word' id='word_1_82' title='bbox 445 985 674 1017; x_wconf 79' lang='lat' dir='ltr'><em>Nausistrata?</em></span> <span class='ocrx_word' id='word_1_83' title='bbox 717 987 787 1018; x_wconf 79' lang='lat' dir='ltr'><em>DE.</em></span> <span class='ocrx_word' id='word_1_84' title='bbox 811 987 887 1018; x_wconf 84' lang='lat' dir='ltr'><em>Jam</em></span> <span class='ocrx_word' id='word_1_85' title='bbox 915 988 1053 1019; x_wconf 75' lang='lat' dir='ltr'><em>occlusit.</em></span> <span class='ocrx_word' id='word_1_86' title='bbox 1100 989 1168 1020; x_wconf 75' lang='lat' dir='ltr'><em>CH.</em></span> <span class='ocrx_word' id='word_1_87' title='bbox 1200 990 1228 1019; x_wconf 93' lang='grc' dir='ltr'><strong>Ο</strong></span> <span class='ocrx_word' id='word_1_88' title='bbox 1252 988 1406 1030; x_wconf 79' lang='lat' dir='ltr'><em>Jupiter!</em></span> <span class='ocrx_word' id='word_1_89' title='bbox 1449 992 1525 1023; x_wconf 83' lang='lat' dir='ltr'><em>Jam</em></span> <span class='ocrx_word' id='word_1_90' title='bbox 1559 993 1619 1024; x_wconf 84' lang='lat' dir='ltr'><em>Dii</em></span> 
     </span>
     <span class='ocr_line' id='line_1_12' title="bbox 159 1025 1618 1071; baseline 0.008 -16"><span class='ocrx_word' id='word_1_91' title='bbox 159 1025 245 1056; x_wconf 79' lang='lat' dir='ltr'><em>nobis</em></span> <span class='ocrx_word' id='word_1_92' title='bbox 257 1026 386 1066; x_wconf 80' lang='lat' dir='ltr'><em>propitii</em></span> <span class='ocrx_word' id='word_1_93' title='bbox 400 1031 481 1060; x_wconf 84' lang='lat' dir='ltr'><em>sunt.</em></span> <span class='ocrx_word' id='word_1_94' title='bbox 527 1028 644 1059; x_wconf 81' lang='lat' dir='ltr'><em>Filiam</em></span> <span class='ocrx_word' id='word_1_95' title='bbox 656 1029 757 1069; x_wconf 83' lang='lat' dir='ltr'><em>reperi</em></span> <span class='ocrx_word' id='word_1_96' title='bbox 772 1040 839 1061; x_wconf 81' lang='lat' dir='ltr'><em>cum</em></span> <span class='ocrx_word' id='word_1_97' title='bbox 856 1030 986 1071; x_wconf 78' lang='lat' dir='ltr'><em>tuofilio</em></span> <span class='ocrx_word' id='word_1_98' title='bbox 1002 1032 1119 1070; x_wconf 79' lang='lat' dir='ltr'><em>nuptiis</em></span> <span class='ocrx_word' id='word_1_99' title='bbox 1126 1031 1269 1070; x_wconf 79' lang='lat' dir='ltr'><em>junctam</em></span> <span class='ocrx_word' id='word_1_100' title='bbox 1282 1043 1411 1064; x_wconf 73' lang='lat' dir='ltr'><em>uxorem</em></span> <span class='ocrx_word' id='word_1_101' title='bbox 1427 1044 1502 1066; x_wconf 82' lang='lat' dir='ltr'><em>esse.</em></span> <span class='ocrx_word' id='word_1_102' title='bbox 1547 1036 1618 1067; x_wconf 77' lang='lat' dir='ltr'><em>DE.</em></span> 
     </span>
     <span class='ocr_line' id='line_1_13' title="bbox 164 1067 1619 1113; baseline 0.008 -15"><span class='ocrx_word' id='word_1_103' title='bbox 164 1067 273 1098; x_wconf 87' lang='lat' dir='ltr'><em>Hem!</em></span> <span class='ocrx_word' id='word_1_104' title='bbox 295 1078 352 1109; x_wconf 80' lang='lat' dir='ltr'><em>quo</em></span> <span class='ocrx_word' id='word_1_105' title='bbox 368 1071 455 1100; x_wconf 78' lang='lat' dir='ltr'><em>modo</em></span> <span class='ocrx_word' id='word_1_106' title='bbox 470 1071 504 1100; x_wconf 81' lang='lat' dir='ltr'><em>id</em></span> <span class='ocrx_word' id='word_1_107' title='bbox 517 1071 618 1111; x_wconf 82' lang='lat' dir='ltr'><em>potuit</em></span> <span class='ocrx_word' id='word_1_108' title='bbox 632 1071 734 1113; x_wconf 84' lang='lat' dir='ltr'><em>fieri?</em></span> <span class='ocrx_word' id='word_1_109' title='bbox 777 1073 845 1104; x_wconf 77' lang='lat' dir='ltr'><em>CH.</em></span> <span class='ocrx_word' id='word_1_110' title='bbox 870 1073 942 1104; x_wconf 79' lang='lat' dir='ltr'><em>Non</em></span> <span class='ocrx_word' id='word_1_111' title='bbox 967 1074 1046 1105; x_wconf 82' lang='lat' dir='ltr'><em>sutis</em></span> <span class='ocrx_word' id='word_1_112' title='bbox 1069 1077 1134 1105; x_wconf 79' lang='lat' dir='ltr'><em>tuto</em></span> <span class='ocrx_word' id='word_1_113' title='bbox 1162 1075 1243 1106; x_wconf 73' lang='lat' dir='ltr'><em>istud</em></span> <span class='ocrx_word' id='word_1_114' title='bbox 1267 1075 1300 1106; x_wconf 82' lang='lat' dir='ltr'><em>in</em></span> <span class='ocrx_word' id='word_1_115' title='bbox 1316 1076 1447 1107; x_wconf 77' lang='lat' dir='ltr'><em>hocloco</em></span> <span class='ocrx_word' id='word_1_116' title='bbox 1463 1087 1619 1109; x_wconf 81' lang='lat' dir='ltr'><em>recensere</em></span> 
     </span>
     <span class='ocr_line' id='line_1_14' title="bbox 160 1113 1618 1161; baseline 0.009 -21"><span class='ocrx_word' id='word_1_117' title='bbox 160 1120 295 1149; x_wconf 82' lang='lat' dir='ltr'><em>possum.</em></span> <span class='ocrx_word' id='word_1_118' title='bbox 343 1113 411 1144; x_wconf 68' lang='lat' dir='ltr'><em>De.</em></span> <span class='ocrx_word' id='word_1_119' title='bbox 434 1114 480 1144; x_wconf 81' lang='lat' dir='ltr'><em>At</em></span> <span class='ocrx_word' id='word_1_120' title='bbox 492 1116 527 1144; x_wconf 79' lang='lat' dir='ltr'><em>tu</em></span> <span class='ocrx_word' id='word_1_121' title='bbox 545 1114 632 1146; x_wconf 79' lang='lat' dir='ltr'><em>intra</em></span> <span class='ocrx_word' id='word_1_122' title='bbox 652 1115 785 1148; x_wconf 79' lang='lat' dir='ltr'><em>domum.</em></span> <span class='ocrx_word' id='word_1_123' title='bbox 832 1116 901 1149; x_wconf 80' lang='lat' dir='ltr'><em>CH.</em></span> <span class='ocrx_word' id='word_1_124' title='bbox 924 1116 1021 1157; x_wconf 85' lang='lat' dir='ltr'><strong><em>Hem,</em></strong></span> <span class='ocrx_word' id='word_1_125' title='bbox 1037 1119 1104 1149; x_wconf 84' lang='lat' dir='ltr'><em>nolo</em></span> <span class='ocrx_word' id='word_1_126' title='bbox 1119 1120 1153 1148; x_wconf 86' lang='lat' dir='ltr'><em>ut</em></span> <span class='ocrx_word' id='word_1_127' title='bbox 1169 1118 1229 1158; x_wconf 76' lang='lat' dir='ltr'><em>ipsi</em></span> <span class='ocrx_word' id='word_1_128' title='bbox 1253 1119 1373 1159; x_wconf 82' lang='lat' dir='ltr'><em>quidem</em></span> <span class='ocrx_word' id='word_1_129' title='bbox 1386 1120 1455 1161; x_wconf 75' lang='lat' dir='ltr'><em>filii</em></span> <span class='ocrx_word' id='word_1_130' title='bbox 1470 1121 1571 1152; x_wconf 82' lang='lat' dir='ltr'><em>nostri</em></span> <span class='ocrx_word' id='word_1_131' title='bbox 1584 1122 1618 1153; x_wconf 81' lang='lat' dir='ltr'><em>id</em></span> 
     </span>
     <span class='ocr_line' id='line_1_15' title="bbox 164 1153 339 1185; baseline 0.017 -3"><span class='ocrx_word' id='word_1_132' title='bbox 164 1153 339 1185; x_wconf 75' lang='lat' dir='ltr'><em>inaudiant.</em></span> 
     </span>
    </p>
   </div>
   <div class='ocr_carea' id='block_1_6' title="bbox 763 1220 1006 1233">
    <p class='ocr_par' dir='ltr' id='par_1_6' title="bbox 763 1220 1006 1233">
     <span class='ocr_line' id='line_1_16' title="bbox 763 1220 1006 1233; baseline 0.004 -1"><span class='ocrx_word' id='word_1_133' title='bbox 763 1220 1006 1233; x_wconf 55' lang='lat' dir='ltr'><em>cerm-roceto</em></span> 
     </span>
    </p>
   </div>
   <div class='ocr_carea' id='block_1_7' title="bbox 159 1287 1620 1667">
    <p class='ocr_par' dir='ltr' id='par_1_7' title="bbox 159 1287 1620 1667">
     <span class='ocr_line' id='line_1_17' title="bbox 163 1287 1620 1335; baseline 0.009 -17"><span class='ocrx_word' id='word_1_134' title='bbox 163 1291 202 1319; x_wconf 90' lang='lat'><em>35</em></span> <span class='ocrx_word' id='word_1_135' title='bbox 227 1287 311 1319; x_wconf 91' lang='lat' dir='ltr'><em>Cod.</em></span> <span class='ocrx_word' id='word_1_136' title='bbox 338 1287 467 1328; x_wconf 79' lang='lat' dir='ltr'><em>Regius</em></span> <span class='ocrx_word' id='word_1_137' title='bbox 482 1293 568 1321; x_wconf 82' lang='lat' dir='ltr'><em>tutus</em></span> <span class='ocrx_word' id='word_1_138' title='bbox 581 1290 632 1321; x_wconf 85' lang='lat' dir='ltr'><em>hic</em></span> <span class='ocrx_word' id='word_1_139' title='bbox 644 1294 711 1323; x_wconf 82' lang='lat' dir='ltr'><em>est:</em></span> <span class='ocrx_word' id='word_1_140' title='bbox 734 1301 752 1322; x_wconf 91' lang='lat' dir='ltr'>a</span> <span class='ocrx_word' id='word_1_141' title='bbox 769 1292 876 1324; x_wconf 85' lang='lat' dir='ltr'><em>tribus</em></span> <span class='ocrx_word' id='word_1_142' title='bbox 894 1292 993 1325; x_wconf 86' lang='lat' dir='ltr'><em>abest</em></span> <span class='ocrx_word' id='word_1_143' title='bbox 1008 1293 1079 1325; x_wconf 78' lang='lat' dir='ltr'><em>hie:</em></span> <span class='ocrx_word' id='word_1_144' title='bbox 1102 1294 1217 1326; x_wconf 86' lang='lat' dir='ltr'><em>malim</em></span> <span class='ocrx_word' id='word_1_145' title='bbox 1242 1295 1275 1325; x_wconf 76' lang='lat' dir='ltr'><em>id</em></span> <span class='ocrx_word' id='word_1_146' title='bbox 1290 1298 1385 1335; x_wconf 85' lang='lat' dir='ltr'><em>pote?</em></span> <span class='ocrx_word' id='word_1_147' title='bbox 1400 1306 1459 1327; x_wconf 83' lang='lat' dir='ltr'><em>non</em></span> <span class='ocrx_word' id='word_1_148' title='bbox 1475 1298 1555 1329; x_wconf 72' lang='lat' dir='ltr'><em>satis</em></span> <span class='ocrx_word' id='word_1_149' title='bbox 1570 1304 1620 1331; x_wconf 83' lang='lat' dir='ltr'><em>est</em></span> 
     </span>
     <span class='ocr_line' id='line_1_18' title="bbox 162 1331 1616 1375; baseline 0.008 -13"><span class='ocrx_word' id='word_1_150' title='bbox 162 1333 247 1362; x_wconf 81' lang='lat' dir='ltr'><em>tutus</em></span> <span class='ocrx_word' id='word_1_151' title='bbox 261 1331 312 1361; x_wconf 84' lang='lat' dir='ltr'><em>hic</em></span> <span class='ocrx_word' id='word_1_152' title='bbox 325 1332 365 1362; x_wconf 81' lang='lat' dir='ltr'><em>ad</em></span> <span class='ocrx_word' id='word_1_153' title='bbox 380 1334 569 1364; x_wconf 78' lang='lat' dir='ltr'><em>narrandum</em></span> <span class='ocrx_word' id='word_1_154' title='bbox 583 1334 676 1366; x_wconf 84' lang='lat' dir='ltr'><em>locus.</em></span> <span class='ocrx_word' id='word_1_155' title='bbox 699 1335 800 1367; x_wconf 83' lang='lat' dir='ltr'><em>Bent.</em></span> <span class='ocrx_word' id='word_1_156' title='bbox 848 1336 919 1367; x_wconf 86' lang='lat' dir='ltr'><em>Non</em></span> <span class='ocrx_word' id='word_1_157' title='bbox 934 1340 984 1368; x_wconf 77' lang='lat' dir='ltr'><em>sat</em></span> <span class='ocrx_word' id='word_1_158' title='bbox 999 1338 1100 1369; x_wconf 83' lang='lat' dir='ltr'><em>Both.</em></span> <span class='ocrx_word' id='word_1_159' title='bbox 1140 1337 1204 1368; x_wconf 84' lang='lat' dir='ltr'><em>Hic</em></span> <span class='ocrx_word' id='word_1_160' title='bbox 1219 1338 1317 1369; x_wconf 83' lang='lat' dir='ltr'><em>abest</em></span> <span class='ocrx_word' id='word_1_161' title='bbox 1333 1348 1353 1369; x_wconf 87' lang='lat' dir='ltr'>a</span> <span class='ocrx_word' id='word_1_162' title='bbox 1365 1340 1449 1371; x_wconf 89' lang='lat' dir='ltr'><em>Mss.</em></span> <span class='ocrx_word' id='word_1_163' title='bbox 1465 1345 1500 1371; x_wconf 84' lang='lat' dir='ltr'><em>et</em></span> <span class='ocrx_word' id='word_1_164' title='bbox 1514 1342 1616 1375; x_wconf 87' lang='lat' dir='ltr'><em>editis</em></span> 
     </span>
     <span class='ocr_line' id='line_1_19' title="bbox 161 1373 1618 1423; baseline 0.008 -18"><span class='ocrx_word' id='word_1_165' title='bbox 161 1373 362 1414; x_wconf 81' lang='lat' dir='ltr'><em>quibusdam</em></span> <span class='ocrx_word' id='word_1_166' title='bbox 378 1378 454 1412; x_wconf 81' lang='lat' dir='ltr'><em>post</em></span> <span class='ocrx_word' id='word_1_167' title='bbox 466 1376 540 1407; x_wconf 89' lang='grc' dir='ltr'><em>ΕΡ.</em></span> <span class='ocrx_word' id='word_1_168' title='bbox 569 1377 666 1408; x_wconf 83' lang='lat' dir='ltr'><em>West.</em></span> <span class='ocrx_word' id='word_1_169' title='bbox 706 1377 814 1410; x_wconf 87' lang='lat' dir='ltr'><strong>Abest</strong></span> <span class='ocrx_word' id='word_1_170' title='bbox 830 1389 848 1409; x_wconf 89' lang='lat' dir='ltr'>a</span> <span class='ocrx_word' id='word_1_171' title='bbox 862 1379 921 1409; x_wconf 67' lang='grc' dir='ltr'><em>ΒΓ.</em></span> <span class='ocrx_word' id='word_1_172' title='bbox 934 1380 1117 1411; x_wconf 82' lang='lat' dir='ltr'><em>Perl.—36</em></span> <span class='ocrx_word' id='word_1_173' title='bbox 1140 1380 1229 1411; x_wconf 82' lang='lat' dir='ltr'><em>Intro</em></span> <span class='ocrx_word' id='word_1_174' title='bbox 1241 1381 1294 1412; x_wconf 78' lang='lat' dir='ltr'><em>abi</em></span> <span class='ocrx_word' id='word_1_175' title='bbox 1309 1381 1411 1413; x_wconf 85' lang='lat' dir='ltr'><em>Bent.</em></span> <span class='ocrx_word' id='word_1_176' title='bbox 1423 1382 1502 1423; x_wconf 89' lang='lat' dir='ltr'><em>Bip.</em></span> <span class='ocrx_word' id='word_1_177' title='bbox 1515 1385 1618 1418; x_wconf 89' lang='lat' dir='ltr'><em>Both.</em></span> 
     </span>
     <span class='ocr_line' id='line_1_20' title="bbox 160 1416 1615 1460; baseline 0.008 -13"><span class='ocrx_word' id='word_1_178' title='bbox 160 1417 222 1447; x_wconf 79' lang='lat' dir='ltr'><em>Br.</em></span> <span class='ocrx_word' id='word_1_179' title='bbox 243 1416 336 1448; x_wconf 87' lang='lat' dir='ltr'><em>Perl.</em></span> <span class='ocrx_word' id='word_1_180' title='bbox 361 1417 452 1449; x_wconf 68' lang='lat' dir='ltr'><em>Heus</em></span> <span class='ocrx_word' id='word_1_181' title='bbox 471 1419 680 1459; x_wconf 81' lang='lat' dir='ltr'>Demiphoni</span> <span class='ocrx_word' id='word_1_182' title='bbox 707 1420 829 1452; x_wconf 76' lang='lat' dir='ltr'>tribuit</span> <span class='ocrx_word' id='word_1_183' title='bbox 849 1422 951 1453; x_wconf 88' lang='lat' dir='ltr'><em>Both.</em></span> <span class='ocrx_word' id='word_1_184' title='bbox 987 1423 995 1440; x_wconf 92' lang='lat'>‘</span> <span class='ocrx_word' id='word_1_185' title='bbox 1012 1423 1100 1454; x_wconf 80' lang='lat' dir='ltr'><em>Haec</em></span> <span class='ocrx_word' id='word_1_186' title='bbox 1117 1424 1221 1454; x_wconf 75' lang='lat' dir='ltr'><em>vei-ba</em></span> <span class='ocrx_word' id='word_1_187' title='bbox 1241 1425 1291 1455; x_wconf 89' lang='lat' dir='ltr'><em>ita</em></span> <span class='ocrx_word' id='word_1_188' title='bbox 1312 1425 1468 1456; x_wconf 79' lang='lat' dir='ltr'><em>ordinata</em></span> <span class='ocrx_word' id='word_1_189' title='bbox 1484 1433 1564 1459; x_wconf 86' lang='lat' dir='ltr'><em>sunt</em></span> <span class='ocrx_word' id='word_1_190' title='bbox 1581 1429 1615 1460; x_wconf 92' lang='lat' dir='ltr'><em>in</em></span> 
     </span>
     <span class='ocr_line' id='line_1_21' title="bbox 160 1458 1618 1509; baseline 0.01 -20"><span class='ocrx_word' id='word_1_191' title='bbox 160 1458 260 1491; x_wconf 89' lang='lat' dir='ltr'><em>Bem.</em></span> <span class='ocrx_word' id='word_1_192' title='bbox 276 1464 312 1491; x_wconf 86' lang='lat' dir='ltr'><em>et</em></span> <span class='ocrx_word' id='word_1_193' title='bbox 326 1460 418 1492; x_wconf 85' lang='lat' dir='ltr'><em>vict.</em></span> <span class='ocrx_word' id='word_1_194' title='bbox 431 1471 470 1492; x_wconf 79' lang='lat' dir='ltr'><em>ne</em></span> <span class='ocrx_word' id='word_1_195' title='bbox 482 1461 551 1502; x_wconf 81' lang='lat' dir='ltr'><em>filii</em></span> <span class='ocrx_word' id='word_1_196' title='bbox 566 1462 687 1502; x_wconf 82' lang='lat' dir='ltr'><em>quidem</em></span> <span class='ocrx_word' id='word_1_197' title='bbox 709 1464 764 1494; x_wconf 81' lang='grc' dir='ltr'><em>Ιιοε</em></span> <span class='ocrx_word' id='word_1_198' title='bbox 783 1465 900 1496; x_wconf 82' lang='lat' dir='ltr'><em>nostri.-</em></span> <span class='ocrx_word' id='word_1_199' title='bbox 934 1465 967 1496; x_wconf 91' lang='lat' dir='ltr'><em>in</em></span> <span class='ocrx_word' id='word_1_200' title='bbox 985 1466 1137 1497; x_wconf 88' lang='lat' dir='ltr'><em>omnibus</em></span> <span class='ocrx_word' id='word_1_201' title='bbox 1152 1467 1239 1506; x_wconf 85' lang='lat' dir='ltr'><em>aliis,</em></span> <span class='ocrx_word' id='word_1_202' title='bbox 1251 1467 1364 1509; x_wconf 80' lang='lat' dir='ltr'><em>nefllii</em></span> <span class='ocrx_word' id='word_1_203' title='bbox 1378 1469 1500 1507; x_wconf 82' lang='lat' dir='ltr'><em>quidem</em></span> <span class='ocrx_word' id='word_1_204' title='bbox 1516 1472 1618 1503; x_wconf 80' lang='lat' dir='ltr'><em>nostri</em></span> 
     </span>
     <span class='ocr_line' id='line_1_22' title="bbox 159 1502 1617 1554; baseline 0.008 -22"><span class='ocrx_word' id='word_1_205' title='bbox 159 1502 236 1539; x_wconf 79' lang='lat' dir='ltr'><em>hoc;</em></span> <span class='ocrx_word' id='word_1_206' title='bbox 262 1511 360 1543; x_wconf 85' lang='lat' dir='ltr'><em>quam</em></span> <span class='ocrx_word' id='word_1_207' title='bbox 376 1504 638 1536; x_wconf 85' lang='lat' dir='ltr'><em>collocationem</em></span> <span class='ocrx_word' id='word_1_208' title='bbox 653 1506 782 1546; x_wconf 82' lang='lat' dir='ltr'><em>probo3</em></span> <span class='ocrx_word' id='word_1_209' title='bbox 808 1513 842 1538; x_wconf 88' lang='lat' dir='ltr'><em>et</em></span> <span class='ocrx_word' id='word_1_210' title='bbox 858 1507 892 1538; x_wconf 88' lang='lat' dir='ltr'><em>in</em></span> <span class='ocrx_word' id='word_1_211' title='bbox 909 1507 1120 1539; x_wconf 84' lang='lat' dir='ltr'><em>dimetiendo</em></span> <span class='ocrx_word' id='word_1_212' title='bbox 1135 1519 1246 1548; x_wconf 84' lang='lat' dir='ltr'><em>versu,</em></span> <span class='ocrx_word' id='word_1_213' title='bbox 1262 1519 1305 1541; x_wconf 88' lang='lat' dir='ltr'><em>ex</em></span> <span class='ocrx_word' id='word_1_214' title='bbox 1331 1511 1452 1550; x_wconf 79' lang='lat' dir='ltr'><em>quidem</em></span> <span class='ocrx_word' id='word_1_215' title='bbox 1466 1522 1496 1542; x_wconf 89' lang='lat' dir='ltr'><strong><em>m</em></strong></span> <span class='ocrx_word' id='word_1_216' title='bbox 1512 1513 1617 1554; x_wconf 85' lang='lat' dir='ltr'><em>elido,</em></span> 
     </span>
     <span class='ocr_line' id='line_1_23' title="bbox 161 1545 1616 1595; baseline 0.008 -20"><span class='ocrx_word' id='word_1_217' title='bbox 161 1545 313 1586; x_wconf 86' lang='lat' dir='ltr'><em>quamvis</em></span> <span class='ocrx_word' id='word_1_218' title='bbox 329 1551 492 1587; x_wconf 85' lang='lat' dir='ltr'><em>sequente</em></span> <span class='ocrx_word' id='word_1_219' title='bbox 507 1554 715 1580; x_wconf 83' lang='lat' dir='ltr'><em>consonante</em></span> <span class='ocrx_word' id='word_1_220' title='bbox 728 1560 737 1588; x_wconf 90' lang='lat'>;</span> <span class='ocrx_word' id='word_1_221' title='bbox 753 1550 853 1581; x_wconf 82' lang='lat' dir='ltr'><em>inuno</em></span> <span class='ocrx_word' id='word_1_222' title='bbox 867 1552 971 1590; x_wconf 86' lang='lat' dir='ltr'><em>magis</em></span> <span class='ocrx_word' id='word_1_223' title='bbox 987 1553 1100 1591; x_wconf 84' lang='lat' dir='ltr'><em>placet</em></span> <span class='ocrx_word' id='word_1_224' title='bbox 1115 1552 1293 1592; x_wconf 87' lang='lat' dir='ltr'>Bembina,</span> <span class='ocrx_word' id='word_1_225' title='bbox 1305 1558 1488 1595; x_wconf 83' lang='lat' dir='ltr'><em>utcumque</em></span> <span class='ocrx_word' id='word_1_226' title='bbox 1502 1565 1616 1588; x_wconf 78' lang='lat' dir='ltr'><em>versus</em></span> 
     </span>
     <span class='ocr_line' id='line_1_24' title="bbox 164 1587 1615 1638; baseline 0.009 -20"><span class='ocrx_word' id='word_1_227' title='bbox 164 1587 354 1627; x_wconf 81' lang='lat' dir='ltr'><em>procedat.&#39;</em></span> <span class='ocrx_word' id='word_1_228' title='bbox 378 1589 437 1621; x_wconf 83' lang='lat' dir='ltr'><em>Fa.</em></span> <span class='ocrx_word' id='word_1_229' title='bbox 469 1594 478 1607; x_wconf 82' lang='lat'><strong>¹</strong></span> <span class='ocrx_word' id='word_1_230' title='bbox 496 1590 592 1621; x_wconf 89' lang='lat' dir='ltr'><em>Unus</em></span> <span class='ocrx_word' id='word_1_231' title='bbox 609 1601 650 1622; x_wconf 84' lang='lat' dir='ltr'><em>ex</em></span> <span class='ocrx_word' id='word_1_232' title='bbox 668 1592 790 1624; x_wconf 85' lang='lat' dir='ltr'><em>nostris</em></span> <span class='ocrx_word' id='word_1_233' title='bbox 806 1593 860 1625; x_wconf 82' lang='lat' dir='ltr'><em>hoc</em></span> <span class='ocrx_word' id='word_1_234' title='bbox 875 1595 999 1632; x_wconf 79' lang='lat' dir='ltr'><em>noscr2·;</em></span> <span class='ocrx_word' id='word_1_235' title='bbox 1022 1595 1128 1627; x_wconf 81' lang='lat' dir='ltr'><em>ceteri</em></span> <span class='ocrx_word' id='word_1_236' title='bbox 1142 1596 1241 1627; x_wconf 82' lang='lat' dir='ltr'><em>nostri</em></span> <span class='ocrx_word' id='word_1_237' title='bbox 1257 1597 1323 1628; x_wconf 84' lang='lat' dir='ltr'><em>hoc.</em></span> <span class='ocrx_word' id='word_1_238' title='bbox 1339 1597 1479 1638; x_wconf 83' lang='lat' dir='ltr'><em>Parum,</em></span> <span class='ocrx_word' id='word_1_239' title='bbox 1490 1605 1550 1632; x_wconf 83' lang='lat' dir='ltr'><em>aut</em></span> <span class='ocrx_word' id='word_1_240' title='bbox 1567 1601 1615 1632; x_wconf 87' lang='lat' dir='ltr'><em>ni-</em></span> 
     </span>
     <span class='ocr_line' id='line_1_25' title="bbox 160 1631 713 1667; baseline 0.011 -6"><span class='ocrx_word' id='word_1_241' title='bbox 160 1631 208 1663; x_wconf 87' lang='lat' dir='ltr'><em>hil</em></span> <span class='ocrx_word' id='word_1_242' title='bbox 223 1631 392 1664; x_wconf 83' lang='lat' dir='ltr'><em>interest.’</em></span> <span class='ocrx_word' id='word_1_243' title='bbox 418 1633 510 1665; x_wconf 83' lang='lat' dir='ltr'><em>Bent.</em></span> <span class='ocrx_word' id='word_1_244' title='bbox 549 1633 621 1666; x_wconf 89' lang='grc' dir='ltr'><em>ΕΡ.</em></span> <span class='ocrx_word' id='word_1_245' title='bbox 635 1635 713 1667; x_wconf 82' lang='lat' dir='ltr'><em>hoec.</em></span> 
     </span>
    </p>
   </div>
   <div class='ocr_carea' id='block_1_8' title="bbox 543 1873 1218 1920">
    <p class='ocr_par' dir='ltr' id='par_1_8' title="bbox 543 1873 1218 1920">
     <span class='ocr_line' id='line_1_26' title="bbox 543 1873 1218 1920; baseline 0.004 -5"><span class='ocrx_word' id='word_1_246' title='bbox 543 1873 746 1917; x_wconf 89' lang='lat' dir='ltr'>ACTUS</span> <span class='ocrx_word' id='word_1_247' title='bbox 784 1874 836 1918; x_wconf 89' lang='lat' dir='ltr'><em>V.</em></span> <span class='ocrx_word' id='word_1_248' title='bbox 871 1876 1103 1919; x_wconf 81' lang='lat' dir='ltr'>&#39;SCENA</span> <span class='ocrx_word' id='word_1_249' title='bbox 1136 1878 1218 1920; x_wconf 92' lang='lat' dir='ltr'><em>IV.</em></span> 
     </span>
    </p>
   </div>
   <div class='ocr_carea' id='block_1_9' title="bbox 769 1971 1010 2017">
    <p class='ocr_par' dir='ltr' id='par_1_9' title="bbox 769 1971 1010 2017">
     <span class='ocr_line' id='line_1_27' title="bbox 769 1971 1010 2017; baseline 0 0"><span class='ocrx_word' id='word_1_250' title='bbox 769 1971 1010 2017; x_wconf 71' lang='lat' dir='ltr'>AN³r1PHO.</span> 
     </span>
    </p>
   </div>
   <div class='ocr_carea' id='block_1_10' title="bbox 156 2050 1603 2160">
    <p class='ocr_par' dir='ltr' id='par_1_10' title="bbox 156 2050 1603 2160">
     <span class='ocr_line' id='line_1_28' title="bbox 156 2050 1603 2113; baseline 0.007 -22"><span class='ocrx_word' id='word_1_251' title='bbox 156 2050 333 2092; x_wconf 77' lang='lat' dir='ltr'>LAETUS</span> <span class='ocrx_word' id='word_1_252' title='bbox 356 2064 468 2103; x_wconf 87' lang='lat' dir='ltr'><em>sum,</em></span> <span class='ocrx_word' id='word_1_253' title='bbox 491 2057 538 2094; x_wconf 88' lang='lat' dir='ltr'><em>ut</em></span> <span class='ocrx_word' id='word_1_254' title='bbox 558 2067 668 2096; x_wconf 87' lang='lat' dir='ltr'><em>meae</em></span> <span class='ocrx_word' id='word_1_255' title='bbox 688 2067 757 2096; x_wconf 88' lang='lat' dir='ltr'><em>res</em></span> <span class='ocrx_word' id='word_1_256' title='bbox 778 2068 877 2097; x_wconf 83' lang='lat' dir='ltr'><em>sese</em></span> <span class='ocrx_word' id='word_1_257' title='bbox 899 2055 1083 2107; x_wconf 83' lang='lat' dir='ltr'><em>habent,</em></span> <span class='ocrx_word' id='word_1_258' title='bbox 1105 2056 1227 2098; x_wconf 82' lang='lat' dir='ltr'><em>fratri</em></span> <span class='ocrx_word' id='word_1_259' title='bbox 1249 2057 1463 2111; x_wconf 85' lang='lat' dir='ltr'><em>obtigisse</em></span> <span class='ocrx_word' id='word_1_260' title='bbox 1484 2059 1603 2113; x_wconf 84' lang='lat' dir='ltr'><em>quod</em></span> 
     </span>
     <span class='ocr_line' id='line_1_29' title="bbox 329 2120 436 2160; baseline -0.019 0"><span class='ocrx_word' id='word_1_261' title='bbox 329 2120 436 2160; x_wconf 86' lang='lat' dir='ltr'><em>volt.</em></span> 
     </span>
    </p>
   </div>
   <div class='ocr_carea' id='block_1_11' title="bbox 199 2217 1608 2265">
    <p class='ocr_par' dir='ltr' id='par_1_11' title="bbox 199 2217 1608 2265">
     <span class='ocr_line' id='line_1_30' title="bbox 199 2217 1608 2265; baseline 0.006 -16"><span class='ocrx_word' id='word_1_262' title='bbox 199 2217 367 2259; x_wconf 83' lang='lat' dir='ltr'><em>Utcumque</em></span> <span class='ocrx_word' id='word_1_263' title='bbox 379 2228 412 2250; x_wconf 84' lang='lat' dir='ltr'><em>se</em></span> <span class='ocrx_word' id='word_1_264' title='bbox 427 2219 559 2253; x_wconf 82' lang='lat' dir='ltr'><em>habeant</em></span> <span class='ocrx_word' id='word_1_265' title='bbox 574 2230 624 2252; x_wconf 78' lang='lat' dir='ltr'><em>res</em></span> <span class='ocrx_word' id='word_1_266' title='bbox 639 2230 726 2262; x_wconf 68' lang='lat' dir='ltr'><em>mese,</em></span> <span class='ocrx_word' id='word_1_267' title='bbox 750 2222 874 2261; x_wconf 53' lang='lat' dir='ltr'><em>*ingenti</em></span> <span class='ocrx_word' id='word_1_268' title='bbox 899 2223 1011 2255; x_wconf 83' lang='lat' dir='ltr'><em>laetitia</em></span> <span class='ocrx_word' id='word_1_269' title='bbox 1035 2222 1218 2265; x_wconf 83' lang='lat' dir='ltr'><em>perfundor,</em></span> <span class='ocrx_word' id='word_1_270' title='bbox 1255 2225 1314 2256; x_wconf 67' lang='lat' dir='ltr'><em>aod</em></span> <span class='ocrx_word' id='word_1_271' title='bbox 1330 2225 1492 2257; x_wconf 77' lang='lat' dir='ltr'><em>Plioedriae</em></span> <span class='ocrx_word' id='word_1_272' title='bbox 1501 2225 1608 2265; x_wconf 78' lang='lat' dir='ltr'><em>fratri</em></span> 
     </span>
    </p>
   </div>
   <div class='ocr_carea' id='block_1_12' title="bbox 763 2311 1000 2325">
    <p class='ocr_par' dir='ltr' id='par_1_12' title="bbox 763 2311 1000 2325">
     <span class='ocr_line' id='line_1_31' title="bbox 763 2311 1000 2325; baseline 0.008 -1"><span class='ocrx_word' id='word_1_273' title='bbox 763 2311 1000 2325; x_wconf 66' lang='lat' dir='ltr'><em>eeeeeeeeeeee</em></span> 
     </span>
    </p>
   </div>
   <div class='ocr_carea' id='block_1_13' title="bbox 148 2375 1610 2852">
    <p class='ocr_par' dir='ltr' id='par_1_13' title="bbox 148 2375 1610 2852">
     <span class='ocr_line' id='line_1_32' title="bbox 198 2375 1610 2417; baseline 0.007 -12"><span class='ocrx_word' id='word_1_274' title='bbox 198 2378 213 2406; x_wconf 89' lang='lat' dir='ltr'><em>l</em></span> <span class='ocrx_word' id='word_1_275' title='bbox 243 2375 287 2406; x_wconf 81' lang='lat' dir='ltr'><em>Ut</em></span> <span class='ocrx_word' id='word_1_276' title='bbox 302 2385 377 2406; x_wconf 83' lang='lat' dir='ltr'><em>meoe</em></span> <span class='ocrx_word' id='word_1_277' title='bbox 391 2385 438 2407; x_wconf 83' lang='lat' dir='ltr'><em>res</em></span> <span class='ocrx_word' id='word_1_278' title='bbox 452 2386 518 2408; x_wconf 85' lang='lat' dir='ltr'><em>sese</em></span> <span class='ocrx_word' id='word_1_279' title='bbox 532 2376 659 2417; x_wconf 81' lang='lat' dir='ltr'><em>habent]</em></span> <span class='ocrx_word' id='word_1_280' title='bbox 692 2377 765 2408; x_wconf 83' lang='grc' dir='ltr'><em>ΕΡ.</em></span> <span class='ocrx_word' id='word_1_281' title='bbox 784 2377 942 2409; x_wconf 81' lang='lat' dir='ltr'><em>Habeant.</em></span> <span class='ocrx_word' id='word_1_282' title='bbox 984 2378 1026 2410; x_wconf 80' lang='grc' dir='ltr'><em>Τὸ</em></span> <span class='ocrx_word' id='word_1_283' title='bbox 1045 2380 1089 2411; x_wconf 84' lang='lat' dir='ltr'><em>Ut</em></span> <span class='ocrx_word' id='word_1_284' title='bbox 1105 2379 1259 2412; x_wconf 81' lang='lat' dir='ltr'><em>defendit</em></span> <span class='ocrx_word' id='word_1_285' title='bbox 1284 2381 1444 2413; x_wconf 77' lang='lat' dir='ltr'><em>Graevius</em></span> <span class='ocrx_word' id='word_1_286' title='bbox 1471 2383 1511 2414; x_wconf 90' lang='lat' dir='ltr'><em>ad</em></span> <span class='ocrx_word' id='word_1_287' title='bbox 1538 2383 1610 2415; x_wconf 91' lang='lat' dir='ltr'><em>Cic.</em></span> 
     </span>
     <span class='ocr_line' id='line_1_33' title="bbox 154 2418 1608 2464; baseline 0.006 -16"><span class='ocrx_word' id='word_1_288' title='bbox 154 2418 248 2450; x_wconf 82' lang='lat' dir='ltr'><strong>Fam.</strong></span> <span class='ocrx_word' id='word_1_289' title='bbox 266 2427 344 2449; x_wconf 70' lang='grc' dir='ltr'><em>ΧΠ.</em></span> <span class='ocrx_word' id='word_1_290' title='bbox 358 2421 409 2449; x_wconf 90' lang='grc'><em>18.</em></span> <span class='ocrx_word' id='word_1_291' title='bbox 432 2418 548 2461; x_wconf 76' lang='lat' dir='ltr'><em>Atque</em></span> <span class='ocrx_word' id='word_1_292' title='bbox 564 2421 610 2450; x_wconf 83' lang='lat' dir='ltr'><em>ita</em></span> <span class='ocrx_word' id='word_1_293' title='bbox 623 2425 675 2451; x_wconf 88' lang='lat' dir='ltr'><em>est</em></span> <span class='ocrx_word' id='word_1_294' title='bbox 692 2420 724 2450; x_wconf 91' lang='lat' dir='ltr'><em>in</em></span> <span class='ocrx_word' id='word_1_295' title='bbox 739 2421 823 2452; x_wconf 78' lang='lat' dir='ltr'><em>Mss.</em></span> <span class='ocrx_word' id='word_1_296' title='bbox 838 2421 881 2453; x_wconf 90' lang='lat' dir='ltr'><em>G.</em></span> <span class='ocrx_word' id='word_1_297' title='bbox 894 2422 976 2453; x_wconf 86' lang='lat' dir='ltr'><em>Wit.</em></span> <span class='ocrx_word' id='word_1_298' title='bbox 993 2423 1176 2464; x_wconf 83' lang='lat' dir='ltr'>laudatque</span> <span class='ocrx_word' id='word_1_299' title='bbox 1193 2424 1343 2456; x_wconf 71' lang='lat' dir='ltr'><em>Faernus</em></span> <span class='ocrx_word' id='word_1_300' title='bbox 1356 2435 1398 2456; x_wconf 86' lang='lat' dir='ltr'><em>ex</em></span> <span class='ocrx_word' id='word_1_301' title='bbox 1412 2425 1494 2457; x_wconf 85' lang='lat' dir='ltr'><em>Cod.</em></span> <span class='ocrx_word' id='word_1_302' title='bbox 1510 2427 1608 2458; x_wconf 80' lang='lat' dir='ltr'><em>Rem.</em></span> 
     </span>
     <span class='ocr_line' id='line_1_34' title="bbox 151 2461 1608 2505; baseline 0.005 -14"><span class='ocrx_word' id='word_1_303' title='bbox 151 2462 296 2501; x_wconf 83' lang='lat' dir='ltr'><em>Seneca,</em></span> <span class='ocrx_word' id='word_1_304' title='bbox 306 2461 416 2500; x_wconf 83' lang='lat' dir='ltr'><em>Epist.</em></span> <span class='ocrx_word' id='word_1_305' title='bbox 431 2470 510 2493; x_wconf 80' lang='lat' dir='ltr'><em>xlx.</em></span> <span class='ocrx_word' id='word_1_306' title='bbox 527 2466 536 2480; x_wconf 90' lang='lat'>‘</span> <span class='ocrx_word' id='word_1_307' title='bbox 551 2463 598 2494; x_wconf 91' lang='lat' dir='ltr'><em>Ut</em></span> <span class='ocrx_word' id='word_1_308' title='bbox 615 2473 650 2494; x_wconf 88' lang='lat' dir='ltr'><em>se</em></span> <span class='ocrx_word' id='word_1_309' title='bbox 667 2472 721 2494; x_wconf 84' lang='lat' dir='ltr'><em>res</em></span> <span class='ocrx_word' id='word_1_310' title='bbox 737 2464 854 2503; x_wconf 83' lang='lat' dir='ltr'><em>habet,</em></span> <span class='ocrx_word' id='word_1_311' title='bbox 867 2465 908 2495; x_wconf 87' lang='lat' dir='ltr'><em>ab</em></span> <span class='ocrx_word' id='word_1_312' title='bbox 921 2465 1070 2505; x_wconf 85' lang='lat' dir='ltr'><em>Epicuro</em></span> <span class='ocrx_word' id='word_1_313' title='bbox 1088 2476 1223 2498; x_wconf 79' lang='lat' dir='ltr'><em>versura</em></span> <span class='ocrx_word' id='word_1_314' title='bbox 1238 2466 1396 2499; x_wconf 83' lang='lat' dir='ltr'><em>facienda</em></span> <span class='ocrx_word' id='word_1_315' title='bbox 1407 2468 1482 2499; x_wconf 87' lang='lat' dir='ltr'><em>est.&#39;</em></span> <span class='ocrx_word' id='word_1_316' title='bbox 1507 2468 1608 2500; x_wconf 83' lang='lat' dir='ltr'>Adde</span> 
     </span>
     <span class='ocr_line' id='line_1_35' title="bbox 152 2503 1607 2551; baseline 0.005 -17"><span class='ocrx_word' id='word_1_317' title='bbox 152 2504 306 2535; x_wconf 82' lang='lat' dir='ltr'><em>Gronov.</em></span> <span class='ocrx_word' id='word_1_318' title='bbox 321 2503 466 2535; x_wconf 82' lang='lat' dir='ltr'><em>Observ.</em></span> <span class='ocrx_word' id='word_1_319' title='bbox 481 2514 537 2536; x_wconf 83' lang='lat'>111.</span> <span class='ocrx_word' id='word_1_320' title='bbox 553 2508 585 2536; x_wconf 88' lang='grc'><em>6.</em></span> <span class='ocrx_word' id='word_1_321' title='bbox 602 2506 704 2537; x_wconf 86' lang='lat' dir='ltr'><em>etiam</em></span> <span class='ocrx_word' id='word_1_322' title='bbox 718 2516 760 2537; x_wconf 87' lang='lat' dir='ltr'><em>ex</em></span> <span class='ocrx_word' id='word_1_323' title='bbox 779 2511 887 2538; x_wconf 81' lang='lat' dir='ltr'><em>metro</em></span> <span class='ocrx_word' id='word_1_324' title='bbox 907 2508 951 2538; x_wconf 83' lang='lat' dir='ltr'><em>Ut</em></span> <span class='ocrx_word' id='word_1_325' title='bbox 968 2514 1132 2540; x_wconf 77' lang='lat' dir='ltr'><em>tuentem.</em></span> <span class='ocrx_word' id='word_1_326' title='bbox 1177 2509 1244 2540; x_wconf 87' lang='lat' dir='ltr'><em>Sed</em></span> <span class='ocrx_word' id='word_1_327' title='bbox 1262 2510 1417 2551; x_wconf 84' lang='lat' dir='ltr'><em>Guyetns</em></span> <span class='ocrx_word' id='word_1_328' title='bbox 1435 2511 1607 2549; x_wconf 85' lang='lat' dir='ltr'><em>emendat,</em></span> 
     </span>
     <span class='ocr_line' id='line_1_36' title="bbox 153 2546 1605 2587; baseline 0.005 -9"><span class='ocrx_word' id='word_1_329' title='bbox 153 2546 233 2578; x_wconf 81' lang='lat' dir='ltr'><em>Utut</em></span> <span class='ocrx_word' id='word_1_330' title='bbox 255 2555 331 2577; x_wconf 81' lang='lat' dir='ltr'><em>meae</em></span> <span class='ocrx_word' id='word_1_331' title='bbox 344 2556 395 2577; x_wconf 80' lang='lat' dir='ltr'><em>res</em></span> <span class='ocrx_word' id='word_1_332' title='bbox 408 2556 440 2578; x_wconf 82' lang='lat' dir='ltr'><em>se</em></span> <span class='ocrx_word' id='word_1_333' title='bbox 454 2547 578 2587; x_wconf 80' lang='lat' dir='ltr'><em>habent,</em></span> <span class='ocrx_word' id='word_1_334' title='bbox 593 2549 754 2580; x_wconf 85' lang='lat' dir='ltr'><em>laudante</em></span> <span class='ocrx_word' id='word_1_335' title='bbox 770 2550 928 2581; x_wconf 82' lang='lat' dir='ltr'><em>Boeclero</em></span> <span class='ocrx_word' id='word_1_336' title='bbox 942 2561 950 2581; x_wconf 91' lang='lat'><strong>:</strong></span> <span class='ocrx_word' id='word_1_337' title='bbox 990 2552 1070 2582; x_wconf 86' lang='lat' dir='ltr'><em>Utut</em></span> <span class='ocrx_word' id='word_1_338' title='bbox 1085 2555 1197 2583; x_wconf 89' lang='lat' dir='ltr'><em>autem</em></span> <span class='ocrx_word' id='word_1_339' title='bbox 1215 2553 1319 2584; x_wconf 80' lang='lat' dir='ltr'><em>vincit</em></span> <span class='ocrx_word' id='word_1_340' title='bbox 1344 2563 1482 2584; x_wconf 83' lang='lat' dir='ltr'><em>numero</em></span> <span class='ocrx_word' id='word_1_341' title='bbox 1501 2554 1605 2586; x_wconf 83' lang='lat' dir='ltr'><em>libro-</em></span> 
     </span>
     <span class='ocr_line' id='line_1_37' title="bbox 150 2589 1606 2638; baseline 0.006 -19"><span class='ocrx_word' id='word_1_342' title='bbox 150 2599 238 2621; x_wconf 84' lang='lat' dir='ltr'><em>rum.</em></span> <span class='ocrx_word' id='word_1_343' title='bbox 282 2590 340 2620; x_wconf 87' lang='lat' dir='ltr'><em>Sic</em></span> <span class='ocrx_word' id='word_1_344' title='bbox 357 2589 486 2622; x_wconf 82' lang='lat' dir='ltr'><em>Heaut.</em></span> <span class='ocrx_word' id='word_1_345' title='bbox 505 2599 528 2622; x_wconf 89' lang='grc' dir='ltr'><em>ι.</em></span> <span class='ocrx_word' id='word_1_346' title='bbox 544 2593 575 2623; x_wconf 84' lang='grc'><em>2.</em></span> <span class='ocrx_word' id='word_1_347' title='bbox 593 2594 646 2622; x_wconf 82' lang='lat'><em>26.</em></span> <span class='ocrx_word' id='word_1_348' title='bbox 675 2591 774 2624; x_wconf 80' lang='lat' dir='ltr'><em>West.</em></span> <span class='ocrx_word' id='word_1_349' title='bbox 818 2593 869 2623; x_wconf 85' lang='lat' dir='ltr'><em>Ex</em></span> <span class='ocrx_word' id='word_1_350' title='bbox 888 2594 1018 2625; x_wconf 83' lang='lat' dir='ltr'><em>ratione</em></span> <span class='ocrx_word' id='word_1_351' title='bbox 1033 2604 1161 2634; x_wconf 84' lang='lat' dir='ltr'><em>versus,</em></span> <span class='ocrx_word' id='word_1_352' title='bbox 1177 2600 1211 2626; x_wconf 90' lang='lat' dir='ltr'><em>et</em></span> <span class='ocrx_word' id='word_1_353' title='bbox 1228 2595 1294 2626; x_wconf 84' lang='lat' dir='ltr'><em>fide</em></span> <span class='ocrx_word' id='word_1_354' title='bbox 1310 2597 1408 2627; x_wconf 79' lang='lat' dir='ltr'><em>Rem.</em></span> <span class='ocrx_word' id='word_1_355' title='bbox 1432 2597 1523 2638; x_wconf 82' lang='lat' dir='ltr'><em>lego,</em></span> <span class='ocrx_word' id='word_1_356' title='bbox 1535 2597 1606 2628; x_wconf 79' lang='lat' dir='ltr'><em>Loe-</em></span> 
     </span>
     <span class='ocr_line' id='line_1_38' title="bbox 149 2632 1605 2679; baseline 0.007 -17"><span class='ocrx_word' id='word_1_357' title='bbox 149 2635 200 2662; x_wconf 79' lang='lat' dir='ltr'><em>tus</em></span> <span class='ocrx_word' id='word_1_358' title='bbox 213 2641 280 2663; x_wconf 74' lang='lat' dir='ltr'><em>sum</em></span> <span class='ocrx_word' id='word_1_359' title='bbox 292 2636 328 2664; x_wconf 83' lang='lat' dir='ltr'><em>ut</em></span> <span class='ocrx_word' id='word_1_360' title='bbox 348 2642 435 2672; x_wconf 83' lang='lat' dir='ltr'><em>meae,</em></span> <span class='ocrx_word' id='word_1_361' title='bbox 448 2632 605 2665; x_wconf 82' lang='lat' dir='ltr'><em>detracto</em></span> <span class='ocrx_word' id='word_1_362' title='bbox 621 2644 686 2665; x_wconf 88' lang='lat' dir='ltr'><em>uno</em></span> <span class='ocrx_word' id='word_1_363' title='bbox 700 2638 758 2672; x_wconf 88' lang='lat' dir='ltr'><em>ut‚·</em></span> <span class='ocrx_word' id='word_1_364' title='bbox 781 2635 881 2665; x_wconf 86' lang='lat' dir='ltr'><em>immo</em></span> <span class='ocrx_word' id='word_1_365' title='bbox 896 2637 1000 2667; x_wconf 81' lang='lat' dir='ltr'><em>lectio</em></span> <span class='ocrx_word' id='word_1_366' title='bbox 1016 2637 1155 2677; x_wconf 84' lang='lat' dir='ltr'><em>vulgata</em></span> <span class='ocrx_word' id='word_1_367' title='bbox 1171 2639 1276 2678; x_wconf 79' lang='lat' dir='ltr'><em>magis</em></span> <span class='ocrx_word' id='word_1_368' title='bbox 1293 2639 1419 2679; x_wconf 87' lang='lat' dir='ltr'><em>placet.</em></span> <span class='ocrx_word' id='word_1_369' title='bbox 1446 2640 1504 2672; x_wconf 84' lang='lat' dir='ltr'><em>Fa.</em></span> <span class='ocrx_word' id='word_1_370' title='bbox 1548 2641 1605 2672; x_wconf 85' lang='lat' dir='ltr'><em>Sic</em></span> 
     </span>
     <span class='ocr_line' id='line_1_39' title="bbox 150 2674 1606 2719; baseline 0.007 -14"><span class='ocrx_word' id='word_1_371' title='bbox 150 2683 169 2704; x_wconf 84' lang='lat' dir='ltr'>a</span> <span class='ocrx_word' id='word_1_372' title='bbox 184 2674 317 2706; x_wconf 69' lang='lat' dir='ltr'><em>Faerno</em></span> <span class='ocrx_word' id='word_1_373' title='bbox 340 2675 482 2715; x_wconf 87' lang='lat' dir='ltr'><em>editum,</em></span> <span class='ocrx_word' id='word_1_374' title='bbox 506 2677 578 2717; x_wconf 91' lang='lat' dir='ltr'><em>ipso</em></span> <span class='ocrx_word' id='word_1_375' title='bbox 603 2681 732 2714; x_wconf 81' lang='lat' dir='ltr'><em>tamen,</em></span> <span class='ocrx_word' id='word_1_376' title='bbox 756 2681 794 2708; x_wconf 85' lang='lat' dir='ltr'><em>ut</em></span> <span class='ocrx_word' id='word_1_377' title='bbox 818 2687 861 2709; x_wconf 84' lang='lat' dir='ltr'><em>ex</em></span> <span class='ocrx_word' id='word_1_378' title='bbox 886 2685 968 2710; x_wconf 85' lang='lat' dir='ltr'><em>nota</em></span> <span class='ocrx_word' id='word_1_379' title='bbox 993 2679 1141 2719; x_wconf 77' lang='lat' dir='ltr'><em>videtur,</em></span> <span class='ocrx_word' id='word_1_380' title='bbox 1158 2681 1307 2713; x_wconf 87' lang='lat' dir='ltr'><em>nolente.</em></span> <span class='ocrx_word' id='word_1_381' title='bbox 1354 2682 1471 2714; x_wconf 85' lang='lat' dir='ltr'><em>Nostri</em></span> <span class='ocrx_word' id='word_1_382' title='bbox 1488 2692 1606 2715; x_wconf 91' lang='lat' dir='ltr'><em>omnes</em></span> 
     </span>
     <span class='ocr_line' id='line_1_40' title="bbox 148 2720 1606 2766; baseline 0.007 -19"><span class='ocrx_word' id='word_1_383' title='bbox 148 2726 224 2753; x_wconf 84' lang='lat' dir='ltr'><em>sese,</em></span> <span class='ocrx_word' id='word_1_384' title='bbox 241 2722 403 2758; x_wconf 81' lang='lat' dir='ltr'><em>quattuor</em></span> <span class='ocrx_word' id='word_1_385' title='bbox 420 2722 466 2757; x_wconf 84' lang='lat' dir='ltr'><em>ut,</em></span> <span class='ocrx_word' id='word_1_386' title='bbox 480 2728 546 2749; x_wconf 91' lang='lat' dir='ltr'><em>non</em></span> <span class='ocrx_word' id='word_1_387' title='bbox 569 2722 606 2750; x_wconf 82' lang='lat' dir='ltr'><em>ut</em></span> <span class='ocrx_word' id='word_1_388' title='bbox 624 2723 669 2750; x_wconf 82' lang='lat' dir='ltr'><em>ut.</em></span> <span class='ocrx_word' id='word_1_389' title='bbox 692 2720 795 2751; x_wconf 88' lang='lat' dir='ltr'><em>Bent.</em></span> <span class='ocrx_word' id='word_1_390' title='bbox 846 2721 889 2751; x_wconf 84' lang='lat' dir='ltr'><em>Ut</em></span> <span class='ocrx_word' id='word_1_391' title='bbox 905 2731 980 2752; x_wconf 83' lang='lat' dir='ltr'><em>meoe</em></span> <span class='ocrx_word' id='word_1_392' title='bbox 1001 2731 1052 2753; x_wconf 84' lang='lat' dir='ltr'><em>res</em></span> <span class='ocrx_word' id='word_1_393' title='bbox 1069 2733 1134 2754; x_wconf 86' lang='lat' dir='ltr'><em>sese</em></span> <span class='ocrx_word' id='word_1_394' title='bbox 1148 2723 1276 2764; x_wconf 78' lang='lat' dir='ltr'><em>habene]</em></span> <span class='ocrx_word' id='word_1_395' title='bbox 1298 2723 1354 2756; x_wconf 91' lang='lat' dir='ltr'><em>Sic</em></span> <span class='ocrx_word' id='word_1_396' title='bbox 1368 2728 1460 2756; x_wconf 87' lang='lat' dir='ltr'><em>recte</em></span> <span class='ocrx_word' id='word_1_397' title='bbox 1477 2725 1606 2766; x_wconf 81' lang='lat' dir='ltr'><em>legitur</em></span> 
     </span>
     <span class='ocr_line' id='line_1_41' title="bbox 148 2760 1605 2809; baseline 0.006 -19"><span class='ocrx_word' id='word_1_398' title='bbox 148 2760 182 2790; x_wconf 87' lang='lat' dir='ltr'><em>in</em></span> <span class='ocrx_word' id='word_1_399' title='bbox 199 2761 316 2791; x_wconf 78' lang='lat' dir='ltr'><em>codice,</em></span> <span class='ocrx_word' id='word_1_400' title='bbox 331 2761 498 2792; x_wconf 90' lang='lat' dir='ltr'><em>Bembino</em></span> <span class='ocrx_word' id='word_1_401' title='bbox 513 2762 603 2802; x_wconf 88' lang='lat' dir='ltr'><em>quod</em></span> <span class='ocrx_word' id='word_1_402' title='bbox 620 2761 775 2803; x_wconf 77' lang='lat' dir='ltr'><em>defendit</em></span> <span class='ocrx_word' id='word_1_403' title='bbox 792 2762 944 2796; x_wconf 81' lang='lat' dir='ltr'><em>Gronov.</em></span> <span class='ocrx_word' id='word_1_404' title='bbox 963 2764 1109 2797; x_wconf 80' lang='lat' dir='ltr'><em>observ.</em></span> <span class='ocrx_word' id='word_1_405' title='bbox 1128 2775 1184 2797; x_wconf 83' lang='grc' dir='ltr'>ιιι.</span> <span class='ocrx_word' id='word_1_406' title='bbox 1202 2770 1233 2797; x_wconf 87' lang='grc'><em>6.</em></span> <span class='ocrx_word' id='word_1_407' title='bbox 1279 2767 1322 2798; x_wconf 83' lang='lat' dir='ltr'><em>Ut</em></span> <span class='ocrx_word' id='word_1_408' title='bbox 1338 2768 1476 2807; x_wconf 78' lang='lat' dir='ltr'><em>ponitur</em></span> <span class='ocrx_word' id='word_1_409' title='bbox 1493 2778 1553 2809; x_wconf 84' lang='lat' dir='ltr'><em>pro</em></span> <span class='ocrx_word' id='word_1_410' title='bbox 1569 2773 1605 2799; x_wconf 83' lang='lat' dir='ltr'><em>ut</em></span> 
     </span>
     <span class='ocr_line' id='line_1_42' title="bbox 149 2804 1604 2852; baseline 0.008 -21"><span class='ocrx_word' id='word_1_411' title='bbox 149 2805 193 2843; x_wconf 82' lang='lat' dir='ltr'><em>ut,</em></span> <span class='ocrx_word' id='word_1_412' title='bbox 207 2804 480 2845; x_wconf 76' lang='lat' dir='ltr'><em>quomodocunque.</em></span> <span class='ocrx_word' id='word_1_413' title='bbox 506 2805 578 2836; x_wconf 81' lang='lat' dir='ltr'><em>Cic.</em></span> <span class='ocrx_word' id='word_1_414' title='bbox 597 2804 639 2835; x_wconf 81' lang='lat' dir='ltr'><em>ad</em></span> <span class='ocrx_word' id='word_1_415' title='bbox 656 2804 737 2836; x_wconf 85' lang='lat' dir='ltr'><em>Div.</em></span> <span class='ocrx_word' id='word_1_416' title='bbox 753 2814 832 2836; x_wconf 74' lang='lat' dir='ltr'><em>xw.</em></span> <span class='ocrx_word' id='word_1_417' title='bbox 851 2809 902 2837; x_wconf 80' lang='grc'><em>18.</em></span> <span class='ocrx_word' id='word_1_418' title='bbox 925 2808 932 2822; x_wconf 89' lang='lat'>‘</span> <span class='ocrx_word' id='word_1_419' title='bbox 946 2808 1005 2840; x_wconf 84' lang='lat' dir='ltr'><em>sed</em></span> <span class='ocrx_word' id='word_1_420' title='bbox 1022 2813 1059 2839; x_wconf 89' lang='lat' dir='ltr'><em>ut</em></span> <span class='ocrx_word' id='word_1_421' title='bbox 1076 2814 1138 2850; x_wconf 81' lang='lat' dir='ltr'><em>est,</em></span> <span class='ocrx_word' id='word_1_422' title='bbox 1153 2809 1289 2851; x_wconf 82' lang='lat' dir='ltr'><em>indulge</em></span> <span class='ocrx_word' id='word_1_423' title='bbox 1308 2810 1495 2843; x_wconf 82' lang='lat' dir='ltr'><em>valetudini</em></span> <span class='ocrx_word' id='word_1_424' title='bbox 1512 2811 1604 2852; x_wconf 74' lang='lat' dir='ltr'><em>tuae7’</em></span> 
     </span>
    </p>
   </div>
  </div>
 </body>
</html>
