1966 3302
588 210 802 242 HECYRAE
835 210 943 242 Aer.
976 211 1049 240 111.
1082 209 1152 240 sc.
1184 209 1256 240 111.
1558 198 1643 240 843

202 308 317 343 Guelf.
333 311 362 341 3.
384 308 394 327 ‘
410 308 534 340 veniant
550 306 648 338 Rem.
665 311 845 348 utrumque
859 310 949 338 stare
966 305 1102 346 potest!
1124 306 1185 336 Fa.
1206 305 1326 335 domum
1339 301 1424 344 qua?
1460 303 1559 335 PAM.
1581 314 1644 335 ces-

200 357 272 385 sas?
294 354 386 384 PAR.
408 351 531 382 minime
555 350 657 380 Both.
683 350 738 390 qui
765 359 784 380 e
808 350 953 380 lectione
979 349 1071 379 varia
1093 349 1125 378 in
1150 349 1246 378 Rem.
1264 346 1427 386 intelligit
1443 346 1452 364 ‘
1467 351 1644 388 utrumque

199 396 340 428 verbum
356 405 375 426 a
391 396 575 435 glossatore
592 401 681 430 esse,
703 397 908 432 potestatem
924 392 980 422 τοῦ
1002 401 1059 431 qua
1083 400 1148 421 non
1165 394 1332 421 assecuto.
1377 390 1545 420 Neutrum
1561 389 1643 421 isto-

200 448 272 470 rum
290 436 499 479 [verborum]
517 436 672 465 Donatus
686 435 828 473 invenit,
841 434 897 475 qni
913 435 983 472 sic;
1004 439 1012 451 ⁸
1029 435 1100 468 Qua
1112 434 1139 463 si
1153 434 1262 463 locum
1276 430 1459 472 significet,
1474 431 1644 463 videbitur

201 481 368 522 reliquum
385 483 597 521 praeceptum
613 487 730 508 servus
746 487 810 507 uon
829 477 1008 507 audivisse.
1043 477 1100 506 Sin
1115 475 1243 506 audivit
1255 485 1314 515 qim
1329 474 1530 515 ‘quomodo'
1544 474 1643 506 intel-

199 522 367 565 ligemus.'
397 524 582 562 Peraptum
599 520 703 561 igitur
719 520 939 551 Parmenonis
955 519 1038 550 illud
1054 519 1189 559 minime,
1203 518 1292 559 quod
1309 517 1441 558 praebet
1457 517 1575 549 unicus
1590 517 1645 548 B.'

569 753 771 796 ACTUS
805 753 896 796 111.
956 750 1162 794 SCENA
1193 751 1283 794 III.

780 894 969 924 PAMPHI
980 894 1083 924 LUS.

201 964 245 1007 N
255 976 413 1015 EQUEO
435 976 628 1005 mearum
649 974 788 1003 rerum
810 962 983 1002 initium
1004 961 1140 1001 ullum
1162 960 1356 1001 invenire
1377 959 1600 1011 idoneum,

201 1032 331 1073 Unde
350 1032 553 1073 exordiar
573 1043 764 1080 narrare,
787 1042 884 1084 quae
905 1042 984 1070 nec
1008 1029 1207 1082 opinanti
1229 1028 1462 1079 accidunt3

201 1100 372 1141 Partim
393 1113 492 1154 quae
507 1098 716 1153 perspexi
728 1098 798 1155 his
812 1097 967 1146 oculis,
981 1097 1139 1150 partim
1158 1108 1257 1149 quae
1272 1096 1429 1150 accepi
1445 1096 1643 1147 auribus3

205 1166 310 1217 Qua
329 1180 397 1208 me
418 1170 597 1220 propter
617 1165 914 1206 exanimatum
933 1165 1064 1204 citius
1085 1162 1221 1203 eduxi
1243 1163 1375 1205 foras.

202 1233 320 1275 Nam
339 1234 472 1275 modo
493 1246 562 1274 me
580 1234 689 1275 intro
709 1238 760 1272 ut
781 1232 974 1285 corripui
995 1231 1192 1282 timidus,
1214 1231 1305 1275 alio
1326 1230 1559 1285 suspicans
1617 1232 1646 1271 5

200 1301 360 1343 Morbo
396 1314 464 1342 me
493 1300 688 1342 visurum
711 1299 928 1349 affectam,
955 1311 1007 1339 ac
1040 1299 1159 1339 sensi
1189 1313 1304 1349 esse,
1335 1312 1545 1351 uxorem;
1574 1299 1645 1339 hei

371 1368 477 1410 mihi
496 1368 504 1409 !

202 1436 451 1491 Postquam
494 1448 564 1476 me
598 1447 810 1488 aspexere
840 1433 1015 1476 ancillae
1050 1433 1302 1484 advenisse,
1335 1434 1454 1475 illico
1491 1447 1644 1475 omnes

371 1504 503 1544 simul

200 1572 337 1614 Laetae
357 1571 621 1620 exclamant,
643 1570 788 1611 venit!
819 1569 865 1611 id
885 1569 1001 1624 quod
1023 1582 1090 1609 me
1110 1574 1287 1622 repente
1310 1573 1588 1625 aspexerant.

244 1679 316 1710 Non
330 1689 450 1720 possum
466 1679 643 1718 excogitare
657 1688 760 1710 rerum
773 1678 850 1709 mihi
865 1678 1059 1709 molestarum
1073 1678 1166 1708 ullum
1176 1677 1361 1718 principium
1376 1681 1481 1718 aptum
1496 1682 1526 1709 et
1540 1687 1647 1709 conve-

198 1721 301 1760 niens,
312 1732 331 1752 α
341 1732 399 1762 quo
413 1723 559 1762 incipiam
570 1732 718 1762 exponere
731 1732 778 1759 ea,
788 1731 855 1761 quae
866 1721 941 1751 mihi
952 1731 1006 1751 nec
1017 1721 1198 1760 suspicanti,
1209 1731 1264 1751 nec
1275 1721 1426 1760 cogitanti
1441 1723 1629 1752 advenerunt
1637 1732 1647 1752 .-

200 1773 329 1804 quorum
342 1764 444 1805 aliqua
459 1765 507 1795 his
522 1765 617 1795 omlis
638 1765 775 1805 pervidi,
791 1765 894 1804 aliqua
910 1763 959 1793 his
980 1764 1106 1794 auribus
1131 1764 1272 1803 percepi:
1295 1764 1486 1804 quamobrem
1507 1773 1555 1794 me
1577 1774 1647 1804 per-

196 1807 354 1847 territum,
371 1811 401 1838 et
415 1811 640 1838 consternatum
655 1807 746 1838 cilius
760 1810 850 1837 extra
864 1808 986 1838 domum
1003 1807 1114 1837 extuli.
1161 1806 1247 1836 Nam
1263 1808 1357 1847 paulo
1383 1809 1466 1846 ante,
1487 1810 1650 1847 postquam

196 1849 314 1890 raptim
333 1850 416 1881 intro
440 1851 562 1881 domum
585 1850 741 1889 ingressus
762 1860 841 1885 sum,
867 1850 927 1880 alio
948 1848 1076 1890 opinans
1096 1848 1198 1879 morbo
1214 1859 1260 1880 me
1273 1849 1470 1880 inventurum
1478 1853 1650 1889 correptam

197 1901 263 1923 esse
277 1902 415 1932 uxorem,
429 1897 520 1933 utque
534 1893 600 1924 vidi
612 1904 624 1930 ;
646 1893 695 1924 hei
711 1891 811 1923 mihi!
832 1896 923 1923 utrae
938 1893 1058 1922 ancilloe
1073 1901 1255 1931 conspexere
1268 1892 1407 1930 rediisse,
1424 1902 1526 1923 omnes
1539 1892 1649 1923 statim

197 1944 260 1966 una
274 1935 389 1967 hilares
399 1936 499 1976 primo
512 1936 628 1976 gaudio
643 1937 792 1967 adtentus
805 1935 979 1975 clamitant,
1002 1934 1183 1975 Pamphilus
1203 1935 1327 1966 advenit
1336 1946 1348 1972 ,·
1367 1939 1494 1976 propter
1508 1935 1554 1971 id,
1569 1936 1650 1975 quod

816 2020 1049 2032 eeeeeeeeeeee

241 2077 261 2106 2
284 2075 472 2106 Acciderunt
496 2074 610 2106 Guelf.
639 2078 732 2107 1.—3
768 2076 923 2117 Prospexi
945 2076 1010 2107 duo
1037 2076 1122 2107 Mss.
1156 2075 1256 2107 Boecl.
1309 2074 1365 2107 Al.
1390 2075 1483 2107 hisce.
1511 2075 1650 2108 Peri.—

200 2119 221 2148 4
240 2118 324 2149 Var.
341 2118 434 2149 ocius.
459 2119 615 2149 Per1.—5
640 2119 731 2150 Intro
747 2123 780 2150 ut
796 2129 842 2151 me
859 2121 933 2159 lege
950 2129 990 2149 ex
1019 2119 1142 2150 nostris
1166 2118 1342 2149 universis.
1365 2118 1461 2149 Bent.
1493 2118 1540 2149 sic
1558 2119 1649 2150 Perl.

200 2163 238 2191 et
251 2160 351 2192 Both.
368 2162 401 2192 in
419 2166 527 2197 textu,
543 2166 578 2192 at
593 2161 626 2191 in
642 2162 730 2192 notis
744 2161 814 2193 fere
832 2162 1020 2202 praetulerit
1038 2162 1119 2192 intro
1140 2171 1185 2191 me
1200 2165 1246 2199 ut,
1261 2170 1337 2191 cum
1351 2161 1419 2191 suis
1437 2161 1520 2192 Mss.
1537 2161 1596 2192 sed
1614 2167 1650 2192 et

201 2202 373 2242 vulgatum
390 2203 473 2234 ferri
489 2213 587 2244 posse
605 2203 799 2235 arbitratur.
844 2205 928 2235 intro
942 2215 988 2235 me
1002 2208 1037 2235 ut
1059 2204 1183 2234 Br.—o
1208 2205 1310 2239 Quam
1336 2213 1399 2243 pro
1421 2214 1456 2234 ac
1478 2203 1592 2235 Guelf.
1616 2207 1649 2235 3.

200 2254 328 2276 uxorem
342 2257 406 2277 esse
416 2256 531 2277 onmes
544 2247 626 2277 Mss.
651 2247 747 2277 Boecl.
791 2257 854 2278 esse
868 2257 992 2278 uxorem
1009 2257 1094 2277 unus
1112 2251 1242 2276 tantum
1260 2246 1399 2286 Regius,
1426 2246 1546 2288 reliqui
1571 2257 1649 2277 uxo-

201 2297 267 2319 rem
281 2298 355 2320 esse.
371 2290 471 2320 Bent.
485 2290 533 2319 sic
547 2290 606 2320 ΒΓ.
618 2294 653 2320 et
668 2290 824 2322 Perl.—7
848 2289 919 2321 Aut
935 2299 999 2329 ego
1015 2289 1126 2327 fallor,
1144 2295 1202 2320 aut
1215 2298 1257 2319 ex
1274 2299 1389 2327 omnes,
1403 2299 1434 2319 m
1450 2290 1543 2326 eliso,
1560 2290 1650 2330 prio-

201 2340 307 2371 reque
322 2332 398 2372 ejus
415 2332 576 2363 dictionis
595 2332 722 2372 syllaba
738 2338 907 2373 correpta,
924 2333 989 2363 erit
1018 2332 1050 2362 in
1078 2337 1176 2362 sexta
1192 2331 1271 2362 sede
1287 2331 1457 2372 dactylus,
1473 2338 1509 2363 et
1532 2342 1649 2364 versus

200 2373 379 2414 procedet,
396 2380 432 2405 ut
449 2375 569 2410 ceteri,
585 2375 641 2416 qui
659 2380 736 2406 sunt
754 2376 861 2407 troch.
880 2381 1014 2406 tetram.
1033 2374 1191 2405 catalect.
1214 2375 1274 2406 Fa.
1315 2375 1430 2405 Omnes
1453 2376 1555 2407 simul.
1585 2376 1650 2407 Co·

201 2416 267 2447 dex
284 2417 409 2457 Regius
424 2417 631 2449 Chai-tacens
648 2427 713 2448 non
731 2418 834 2450 habet
849 2419 950 2448 simul.
997 2418 1125 2457 Legere
1143 2417 1247 2457 igitur
1263 2417 1383 2456 possis,
1397 2418 1567 2457 advenisse,
1586 2429 1650 2449 om-

199 2469 254 2490 nes
269 2459 339 2489 ilico
357 2461 455 2491 Laetoe
481 2461 666 2491 exclamant.
690 2460 793 2491 Bent.
837 2461 929 2491 simul
955 2461 1081 2491 omittit
1112 2460 1212 2490 Both.
1237 2460 1336 2491 abest
1359 2460 1447 2490 enim
1473 2470 1492 2490 a
1519 2460 1586 2492 Gu.
1618 2464 1647 2493 1.

201 2504 265 2532 ——8
294 2502 404 2534 Venire
420 2502 528 2533 (lodd.
543 2503 689 2542 qnidam.
714 2504 811 2535 lVest.
845 2507 972 2543 propter
983 2504 1016 2533 id
1033 2501 1147 2534 Guelf.
1163 2505 1194 2533 3.
1211 2504 1220 2519 ‘
1234 2503 1266 2533 id
1283 2512 1366 2533 unus
1383 2503 1523 2542 omittit,
1536 2513 1649 2534 omnes

200 2544 364 2575 exhibent
373 2545 453 2576 Mss.
466 2545 649 2586 derepente?
661 2547 768 2577 Boecl.
784 2547 792 2562 ‘
806 2556 851 2576 me
868 2549 991 2585 repenle
1007 2545 1102 2576 dedit
1116 2545 1289 2584 Faeruus;
1306 2545 1363 2575 sed
1380 2546 1487 2576 nostri
1502 2546 1650 2578 universi

201 2596 249 2617 me
261 2588 430 2628 derepente.
475 2588 509 2618 Si
525 2589 588 2619 hoc
604 2590 720 2624 maviS,
735 2589 818 2619 venit
835 2594 888 2619 est
906 2589 1067 2628 temporis
1086 2588 1263 2627 praesentis
1278 2599 1286 2625 ;
1311 2588 1337 2618 si
1351 2592 1474 2628 repente
1495 2594 1547 2619 est
1564 2599 1649 2629 prae-

202 2629 307 2660 teriti.
349 2630 417 2661 Sed
432 2631 552 2661 melius
569 2637 621 2661 est
637 2641 683 2662 me
697 2631 836 2670 ejicere,
853 2641 927 2662 cum
946 2631 1084 2671 egregio
1108 2631 1150 2660 G.
1177 2630 1323 2661 Fabricii
1349 2630 1487 2662 codice:
1520 2632 1554 2662 id
1569 2634 1649 2671 quod

201 2672 361 2712 derepente
375 2673 448 2713 usp?
472 2674 573 2704 Bent.
617 2678 626 2691 ‘
639 2674 708 2704 Pro
732 2684 779 2704 me
794 2677 917 2713 repenle
933 2674 1035 2704 Bent.
1050 2672 1160 2704 edidit
1175 2674 1348 2713 derepente,
1363 2675 1452 2713 qnod
1471 2679 1566 2705 certe
1582 2674 1647 2705 Do-

203 2718 286 2744 nato
299 2715 432 2746 demum
447 2716 527 2748 infr.
545 2725 595 2747 1v.
611 2719 640 2746 l.
657 2719 688 2747 3.
712 2716 847 2747 obvium
873 2715 947 2746 est!
972 2716 1048 2756 Bip.
1103 2716 1264 2755 derepente
1291 2715 1334 2747 G.
1351 2716 1422 2747 ΕΡ.
1440 2717 1519 2747 ΕΜ.
1544 2717 1646 2748 Both.

204 2755 262 2788 Br.
278 2757 456 2790 Perl.—-10
479 2760 570 2796 Quod
594 2759 641 2791 ita
665 2759 852 2791 incommode
873 2759 956 2791 Mss.
983 2764 1019 2790 et
1045 2757 1124 2790 edd.
1142 2758 1297 2801 quaedam
1315 2763 1400 2792 vett.
1431 2759 1529 2792 West.
1576 2760 1647 2790 illuc
