1966 3302
515 237 822 270 PHoRMfflNis
860 238 963 267 Aer.
996 239 1045 268 ιι.
1078 238 1145 267 sc.
1179 238 1228 269 11.
1516 227 1601 268 953

152 335 265 376 Mihi
286 335 434 376 sciunt
454 333 558 374 nihil
582 346 692 374 esse.
754 332 908 382 Dices,
932 332 1093 374 ducent
1114 333 1367 372 damnatum
1390 331 1594 371 domum:

151 402 284 443 Alere
315 402 466 442 nolunt
495 401 714 441 hominem
746 400 955 450 edacem3
988 403 1030 440 et
1052 400 1249 452 sapiunt,
1285 411 1381 439 mea
1415 398 1596 451 quidem

321 469 552 518 sententia,
1547 465 1602 505 21

152 535 239 576 Pro
259 534 478 576 maleficio
502 535 540 575 si
560 533 818 575 beneficium
839 546 1057 575 summum
1079 534 1233 575 nolunt
1252 533 1442 575 reddere.

152 601 241 642 GE.
275 600 317 641 N
321 614 379 641 on
400 605 550 654 potest
572 602 682 641 satis
703 613 783 654 pro
804 601 961 641 merito
985 601 1041 642 ab
1061 601 1142 641 illo
1163 602 1242 641 tibi
1268 601 1410 641 referri
1431 601 1585 653 gratia.

152 667 311 708 PHOR.
343 667 485 708 Immo
506 668 620 709 enim
640 680 766 708 nemo
787 667 898 708 satis
930 680 1010 721 pro
1040 667 1197 709 merito
1219 668 1402 720 gratiam
1425 668 1515 720 regi
1535 680 1604 708 re-

320 734 414 775 fert.

150 800 260 842 Ten'
281 801 557 855 asymbolum
580 800 753 842 venire!
787 806 971 841 unctum
993 807 1125 855 atque
1145 802 1314 843 lautum
1334 815 1358 843 e
1380 801 1564 851 balneis,

153 869 353 910 Otiosum
376 870 432 910 ab
452 869 599 909 animo
617 881 628 920 ;
661 881 761 909 cum
783 869 857 909 ille
878 872 922 909 et
943 882 1048 910 cura
1070 874 1111 911 et
1131 875 1277 910 sumtu
1302 871 1559 918 absumitur,

154 937 272 978 Dum
295 936 375 977 tibi
396 937 466 985 sit,
488 935 607 990 quod
630 935 836 989 placeat;
866 936 940 977 ille
963 936 1159 989 ringitur,
1181 941 1229 978 tu
1249 937 1395 978 rideas
1415 951 1425 989 ;
1547 937 1603 977 27

151 1087 198 1120 rei
208 1090 336 1129 propter
349 1098 440 1129 quam
454 1088 652 1119 insidientur,
698 1088 825 1119 Alenim
840 1087 922 1118 dices
937 1088 1024 1126 mihi,
1040 1089 1218 1118 damnatum
1234 1091 1277 1126 te,
1292 1090 1322 1118 ee
1338 1087 1497 1118 addictum
1510 1086 1569 1117 sibi
1585 1097 1605 1117 α

143 1130 305 1168 ‚iudicibus
319 1131 353 1162 in
368 1132 491 1162 domum
505 1140 591 1161 suam
606 1130 742 1169 trahent,
754 1134 788 1161 ut
803 1131 879 1170 ipsis
894 1131 927 1161 in
943 1131 1077 1161 vim-uiis
1091 1131 1226 1161 servias:
1250 1135 1283 1161 ut
1295 1131 1396 1160 sciunt
1410 1140 1456 1160 me
1472 1131 1607 1165 edacem,

150 1172 267 1204 idcirco
282 1174 364 1204 alere
378 1174 499 1212 nolunt,
515 1176 550 1204 ut
553 1173 703 1212 jubentur
717 1174 806 1211 lege:
828 1176 858 1203 et
873 1173 995 1213 quidem
1009 1173 1162 1214 sapienter
1169 1173 1308 1213 fuciunt,
1323 1176 1357 1203 ut
1381 1172 1458 1203 mim·
1472 1172 1608 1210 videtur,

148 1215 180 1246 si
195 1215 368 1254 benefacere
382 1216 458 1246 mihi
474 1217 594 1251 nolunt,
610 1216 663 1256 qui
677 1216 754 1256 ipsis
769 1216 917 1254 malefeci.
962 1215 1030 1247 GE.
1054 1216 1194 1256 Antipho
1213 1217 1296 1246 nulla
1311 1225 1351 1246 ex
1363 1218 1453 1255 purte
1468 1213 1607 1252 referen-

152 1259 190 1289 do
202 1258 343 1297 gratiam
365 1259 428 1290 tuis
443 1258 474 1288 in
490 1268 559 1289 eum
573 1258 694 1289 meritis
715 1257 897 1296 satisfacere
917 1261 1029 1298 potest.
1074 1259 1144 1291 ΡΗ.
1171 1260 1290 1290 Contra
1304 1268 1360 1297 ego
1375 1257 1495 1292 sentim·
1520 1266 1608 1287 nemo

152 1300 251 1339 Regis
262 1301 407 1341 beneficia
421 1301 494 1331 ullis
502 1301 612 1342 officiis
618 1301 745 1341 paribus
755 1310 878 1340 aeqmzre
894 1302 985 1332 valet.
1012 1301 1096 1336 Quid
1110 1302 1296 1332 commodius
1308 1305 1340 1331 et
1349 1300 1475 1338 gratius
1487 1309 1551 1330 esse
1558 1309 1610 1338 po-

151 1345 225 1380 test,
236 1353 326 1383 quam
343 1345 410 1374 sine
425 1346 541 1381 sumtu,
549 1344 616 1374 sine
626 1343 762 1384 symbolo
772 1345 812 1374 ud
822 1353 937 1374 coenam
947 1343 1149 1379 veniremz'hil
1158 1345 1286 1382 solvere,
1295 1343 1462 1382 unguentis
1471 1342 1608 1372 odoratis

150 1385 333 1424 delibutum,
347 1389 438 1426 atque
449 1396 465 1416 e
480 1385 596 1417 balneis
610 1387 717 1424 lotum,
733 1389 762 1416 et
776 1386 922 1424 nitidum,
937 1386 1039 1416 animo
1051 1397 1070 1416 a
1092 1386 1177 1416 curis
1192 1386 1286 1416 libero
1298 1390 1390 1425 utque
1405 1385 1499 1415 hilari
1512 1395 1523 1421 ‚·
1539 1394 1608 1415 cum

149 1427 203 1459 itte
217 1428 426 1467 solicitudine,
441 1428 587 1468 impensis
598 1428 799 1468 pecuniarum
811 1429 1013 1464 consumitur,
1025 1429 1099 1460 dum
1122 1429 1180 1459 tibi
1202 1432 1332 1469 apparat
1345 1428 1492 1459 deliciosa
1507 1431 1538 1459 et
1553 1426 1609 1465 ju-

758 1544 797 1556 n
800 1544 998 1557 OOOOOOOOOO

151 1631 245 1663 tione
259 1630 393 1672 quidem,
409 1640 486 1673 quae
500 1641 565 1662 non
583 1635 635 1662 est
651 1631 684 1662 in
701 1632 881 1672 Bembino,
896 1642 1014 1664 versus
1031 1636 1176 1664 constat.
1210 1632 1270 1663 Fa.
1327 1631 1458 1670 Nostri,
1474 1632 1608 1672 quidem.

86 1689 93 1694 ·
152 1674 255 1705 Beut.
300 1674 432 1705 Delent
448 1674 570 1714 quidem
585 1675 687 1705 Bent.
703 1675 781 1715 Bip.
798 1676 901 1706 Both.
919 1676 1098 1707 Perl.—-23
1123 1676 1175 1706 Ex
1192 1678 1201 1692 ‘
1216 1675 1297 1706 satis
1311 1673 1318 1687 ’
1333 1684 1348 1704 s
1362 1677 1532 1715 posterius
1549 1674 1609 1705 eli-

150 1716 244 1747 ditur
256 1728 266 1748 :
290 1725 334 1748 ex
358 1717 435 1748 ‘illo
451 1716 460 1729 ’
485 1726 587 1748 unum
611 1717 632 1753 l,
655 1722 693 1749 ut
708 1719 742 1748 in
758 1717 909 1749 secunda
924 1723 958 1749 et
976 1718 1078 1749 tertia
1094 1718 1175 1749 sede
1192 1717 1237 1748 sit
1254 1717 1424 1757 dactylus,
1439 1717 1471 1747 in
1488 1722 1610 1758 quarta

151 1762 357 1799 anapaestus.
380 1759 441 1790 Fa.
484 1759 541 1790 Sic
559 1764 704 1790 metrum
718 1760 899 1791 constituit
914 1761 1088 1791 Faernus:
1113 1760 1185 1791 Non
1207 1763 1309 1800 potest
1322 1760 1401 1790 sutis
1419 1769 1476 1799 pro
1500 1761 1609 1791 merito

149 1801 188 1832 ab
204 1802 257 1832 illo
269 1812 279 1832 .·
302 1811 363 1832 nos
379 1802 492 1841 aliter,
511 1803 584 1833 Non
595 1805 668 1842 pote
682 1803 762 1834 satis
774 1813 831 1843 pro
845 1803 955 1834 merito
972 1803 1010 1834 ab
1025 1803 1089 1834 illo.
1127 1804 1173 1834 Et
1188 1803 1238 1833 sic
1256 1812 1352 1833 versu
1368 1807 1535 1842 sequente
1551 1802 1609 1833 Su-

151 1844 195 1874 tis
207 1854 265 1884 pro
278 1844 400 1875 merito.
445 1845 524 1875 Pote
538 1854 598 1884 pro
620 1847 732 1884 potest.
777 1849 785 1863 ‘
803 1846 918 1876 Mater
934 1845 1041 1886 pote‚'
1062 1846 1071 1862 ‘
1089 1845 1243 1885 Quisque
1267 1844 1370 1885 pote-‚³
1394 1845 1610 1885 Propertius.

151 1886 249 1918 Bent.
295 1886 367 1917 Non
377 1889 450 1927 pote
464 1891 514 1918 sat
525 1887 627 1918 Both.
652 1888 728 1918 Non
739 1891 810 1928 pote
824 1887 898 1919 sati'
914 1889 1042 1928 Delph.
1067 1889 1140 1919 Non
1148 1891 1250 1928 potest
1264 1887 1338 1918 sati’
1354 1887 1521 1928 Βὴλ-24
1545 1888 1611 1918 Im-

151 1939 199 1960 mo
215 1928 312 1969 enim]
346 1929 578 1961 obscuritatis
594 1929 706 1969 arguit
721 1931 782 1962 hos
798 1930 945 1972 quinque
961 1940 1075 1961 versus
1091 1930 1161 1963 Jul.
1179 1930 1294 1962 Caesar
1309 1930 1475 1970 Scaliger,
1491 1930 1611 1961 Poeti-

151 1980 208 2002 ces
232 1971 290 2003 lib.
308 1980 362 2003 1v.
384 1981 459 2012 cap.
487 1975 516 2003 1.
541 1971 698 2013 Guyetus
715 1977 785 2004 tres
801 1973 932 2013 priores
949 1973 1085 2013 recidit,
1099 1973 1184 2004 duos
1201 1972 1346 2013 reliquos
1362 1983 1424 2013 pro
1441 1973 1610 2014 suspectis

150 2014 266 2046 habet.
295 2013 484 2046 West.—25
508 2014 611 2045 Varie
627 2015 792 2046 exhibent
808 2015 953 2047 Codices
979 2017 1062 2047 Mss.
1086 2020 1122 2046 et
1145 2015 1304 2056 impressi
1331 2021 1489 2047 veteres:
1525 2016 1610 2047 Wit.

152 2057 203 2087 M.
219 2056 318 2087 Bodl.
335 2056 380 2087 G.
395 2056 518 2087 Boeud.
532 2061 568 2087 et
583 2057 680 2088 Leid.
695 2067 794 2096 unus,
814 2059 854 2089 ad
868 2058 1048 2099 symbolum.
1092 2058 1157 2089 Ms.
1181 2059 1274 2098 Lips.
1291 2059 1331 2089 ad
1346 2058 1526 2099 symbolam.
1554 2058 1608 2090 Id.

151 2098 205 2129 Ad
219 2097 389 2139 symbolum
403 2099 489 2130 GM.
513 2099 601 2130 Perl.
634 2100 848 2131 Adsimbolum
862 2101 922 2132 ΒΓ.
944 2101 1080 2132 Lautum
1096 2104 1188 2141 atque
1202 2104 1329 2132 unctum
1344 2100 1446 2131 Both.
1470 2100 1499 2132 A
1517 2110 1578 2140 pro
1594 2110 1610 2131 e

150 2141 280 2180 Delph.
297 2140 464 2181 Bip.—26
488 2140 617 2172 Versus
640 2142 694 2173 hic
722 2152 798 2173 cum
825 2143 974 2184 quinque
998 2154 1093 2184 seqq.
1118 2144 1202 2174 mire
1225 2148 1277 2174 est
1302 2143 1458 2174 turbatus
1484 2143 1516 2173 iu
1535 2143 1609 2174 ΕΡ.

155 2183 259 2216 West.
299 2182 419 2214 Sumtis
434 2183 561 2224 Delph.
579 2188 614 2215 at
628 2188 729 2216 sumtu
745 2185 778 2216 in
795 2185 850 2216 ed.
867 2185 976 2218 Lond.
994 2186 1118 2226 Delph.
1133 2188 1317 2217 Hah-27
1342 2183 1408 2225 An,
1440 2186 1526 2216 Dum
1552 2186 1611 2216 tibi

141 2225 188 2266 fit
202 2229 215 2256 2
231 2225 400 2266 quomodo
414 2226 511 2257 Bem.
533 2231 568 2258 et
584 2227 638 2257 Vi.
653 2236 730 2258 cum
757 2228 958 2259 membranis
983 2228 1240 2266 Werdensibus,
1257 2238 1340 2269 quas
1367 2228 1483 2259 laudat
1504 2228 1610 2260 Jauus

151 2267 354 2299 Gulielmius
380 2268 412 2299 in
438 2269 540 2308 Capt.
565 2269 698 2302 Quaest.
724 2279 802 2311 cap.
823 2273 853 2301 4.
901 2270 1001 2302 Adde
1017 2269 1225 2302 Schefferum
1250 2270 1294 2302 ad
1317 2271 1460 2302 Petron.
1475 2271 1610 2311 Fragm.

150 2309 300 2351 Tragur.
315 2311 387 2342 init.
412 2311 575 2342 Horatius
589 2315 703 2343 tamen
720 2313 761 2344 de
778 2322 888 2352 coena,
911 2316 920 2331 ‘
937 2314 1007 2352 Sic,
1024 2319 1060 2344 ut
1077 2313 1156 2344 mibi
1171 2323 1340 2353 nunquam
1360 2313 1400 2344 In
1419 2314 1488 2345 vita
1504 2311 1611 2344 fuerit

151 2353 293 2384 melius!
317 2354 474 2394 Guyetus
487 2353 574 2385 hunc
591 2359 627 2385 et
642 2360 787 2395 quatuor
802 2365 897 2396 seqq.
915 2366 1033 2387 versus
1051 2356 1212 2387 insititios
1230 2360 1340 2387 vocat.
1367 2356 1467 2387 West.
1511 2356 1610 2387 Bem.

151 2400 187 2426 et
202 2396 256 2427 Vi.
272 2396 359 2427 Dum
374 2396 504 2438 tibifit;
528 2396 617 2437 quod
634 2396 726 2429 forte
741 2399 860 2429 melius
876 2404 941 2429 est.
966 2399 1025 2430 Fa.
1066 2399 1143 2429 Duo
1155 2409 1198 2429 ex
1215 2398 1352 2436 nostris,
1363 2408 1505 2439 quorum
1522 2399 1610 2429 alter

150 2442 242 2469 notae
257 2439 409 2479 optimae,
426 2438 485 2480 fit.
530 2440 710 2471 Donatus:
736 2441 746 2457 ‘
763 2439 930 2471 Acuenda
955 2450 1033 2480 vox,
1050 2441 1084 2473 in
1111 2450 1151 2472 eo
1176 2441 1265 2483 quod
1291 2442 1338 2472 ait
1353 2440 1455 2471 Tibi.’
1502 2439 1610 2481 Atqui

153 2481 229 2511 acui
245 2480 376 2522 nequit,
389 2481 451 2512 nisi
468 2481 573 2519 legas,
588 2482 674 2512 Dum
690 2482 750 2523 fit,
763 2483 822 2514 libi
836 2485 914 2523 quod
933 2485 1066 2524 placeat.
1089 2484 1192 2515 Bent.
1237 2483 1439 2515 Gulielmius
1452 2492 1470 2513 e
1490 2483 1608 2513 Msstis

151 2523 326 2563 eleganter
351 2523 436 2564 legit
452 2523 538 2554 Dum
552 2524 674 2567 tibifit.
701 2526 741 2556 R.
755 2527 802 2557 D.
848 2526 1024 2568 Meliusfit
1041 2536 1139 2568 quam
1155 2527 1209 2558 sit.
1235 2527 1327 2558 Perl.
1370 2526 1457 2557 Dum
1472 2525 1529 2567 fit,
1545 2525 1603 2556 tibi

805 2627 947 2658 NOTAE

195 2702 236 2730 24
275 2699 425 2730 Gratiam
461 2700 546 2739 Regi
571 2700 684 2740 refert]
722 2700 852 2741 Regem
907 2701 1099 2733 alebantur.

154 2758 249 2781 suum
263 2750 410 2782 Parasiti
421 2750 642 2792 appellabant
654 2760 743 2790 eum,
755 2759 773 2781 a
786 2759 852 2792 quo
