1966 3302
311 224 398 266 634
808 230 847 261 P.
879 227 1119 259 ‘raecum
1153 227 1267 259 Arm

313 328 400 369 CL.
433 325 570 368 Ludis
591 326 782 367 fortassc
806 337 884 364 me.
945 323 1030 364 SY.
1056 323 1163 378 Ipsa
1183 336 1228 364 re
1250 322 1520 376 experiberc.
1711 318 1768 360 20

315 395 401 437 CL.
434 394 521 436 Nae
543 406 623 446 ego
643 392 893 433 fortunatus
915 391 1046 432 homo
1069 390 1190 431 sum!
1224 389 1381 430 deamo
1403 391 1460 438 te,
1483 388 1604 440 Syre.

315 464 399 504 SY.
432 461 535 512 Qua
553 473 692 502 causa
711 459 756 499 id
778 460 881 502 fiat:
915 458 1217 500 obsecundato
1239 458 1283 499 in
1304 457 1418 498 loco.

314 530 402 571 Sed
424 534 549 583 pater
570 527 812 581 egreditur:
843 540 950 569 cave
971 527 1206 580 quicquam
1229 524 1466 566 admiratus
1489 522 1604 563 sies:

316 596 453 648 Quod
474 594 719 650 imperabit,
740 594 874 636 facito
891 608 903 647 ;
932 595 1128 648 loquitor
1146 593 1352 647 paucula.

313 737 472 765 sumetur?
514 732 576 763 SY-
599 732 627 763 A
644 735 734 773 patre
749 735 811 764 tuo.
858 732 916 763 Cr..
936 731 1081 763 Fortasse
1095 730 1215 761 derides
1229 740 1287 761 me.
1331 728 1393 760 SY.
1412 727 1585 767 Experiere
1598 727 1663 767 ipso
1672 726 1772 764 sacto.

316 777 377 808 CL.
404 778 496 808 Certe
510 786 566 814 ego
580 785 647 806 sum
662 776 748 806 homo
758 775 962 812 fortunatus:
981 775 1069 806 valde
1084 777 1114 805 te
1130 783 1210 812 amo,
1226 773 1316 813 Syre.
1355 771 1418 803 SY.
1445 771 1514 806 Qua
1529 779 1622 800 causa
1636 768 1694 800 tibi
1708 768 1773 799 hoec
1820 771 1826 776 ”

312 819 446 859 pecunia
473 819 626 856 tradatur,
651 818 716 849 noli
744 828 879 858 quoerere
890 828 902 855 ,·
929 820 1052 848 tantum
1075 816 1234 856 obsequere
1250 815 1284 845 in
1310 817 1454 854 tempore.
1500 813 1563 844 Sed
1589 814 1677 852 pater
1700 814 1773 842 tuus

314 864 402 893 domo
417 861 493 892 exit.
543 861 620 892 Vide
635 871 673 891 ne
687 863 722 891 tu
742 860 853 891 mirari
876 861 1037 900 quicquam
1056 859 1203 896 videaris,
1227 867 1330 898 nempe
1352 857 1431 896 quod
1455 859 1618 895 argentum
1639 854 1774 896 accipias

314 905 513 943 deferendum
524 905 563 934 ad
580 903 782 934 Bacchidem.
829 903 940 934 Facito
956 903 990 933 id
1004 902 1083 942 quod
1098 902 1150 932 ille
1165 900 1328 942 imperabit
1339 909 1351 936 ‚¹
1367 900 1489 940 loquere
1499 898 1662 930 admodum
1674 907 1772 938 pauca

315 948 419 988 verba,
433 957 471 978 ne
486 956 526 978 ecc
540 956 679 978 sermone
694 949 747 978 tuo
763 945 826 977 ulla
841 945 972 986 suspicio
989 946 1018 976 ei
1034 944 1204 976 oboriatur.

928 1051 1122 1064 “tacete“
1128 1051 1165 1062 ee

317 1121 424 1153 West.
471 1124 480 1138 ‘
494 1119 671 1151 Particula
686 1119 732 1158 id,
749 1127 815 1149 non
833 1122 884 1149 est
902 1117 934 1148 in
952 1117 1051 1148 Bem.
1065 1120 1105 1147 ut
1121 1119 1157 1147 et
1172 1115 1280 1155 exigit
1297 1113 1438 1146 versus.’
1465 1114 1523 1145 Fa.
1567 1114 1624 1145 Sic
1640 1117 1676 1145 et
1691 1121 1776 1144 unus

308 1174 361 1204 ¹ert
376 1163 514 1196 nostris.
559 1163 723 1194 Ceterum
747 1161 902 1202 plerique
929 1169 1046 1191 omnes
1073 1164 1168 1190 recte
1195 1158 1324 1190 addunt
1341 1167 1394 1189 es:
1419 1158 1508 1193 Quod
1525 1156 1554 1187 ei
1569 1166 1600 1188 es
1612 1156 1777 1197 pollicitus.

317 1207 421 1238 Beut.
466 1206 522 1237 Ita
539 1205 617 1246 Bip.
634 1204 727 1236 Perl.
743 1204 960 1244 Delpl1.———22
986 1203 1162 1242 [ntegrum
1181 1201 1270 1232 hunc
1286 1211 1333 1233 vs.
1348 1201 1440 1231 Mur.
1456 1199 1541 1231 facit
1556 1198 1739 1230 seeundum
1756 1209 1776 1229 a

319 1249 401 1289 fine,
420 1249 469 1280 ita
495 1249 665 1280 collocans
692 1246 795 1278 verba
819 1246 913 1287 Syri:
938 1245 1001 1276 Sed
1021 1249 1111 1285 pater
1130 1244 1309 1284 egreditur.-
1329 1253 1402 1274 cave
1425 1243 1587 1283 quicquam
1605 1243 1777 1273 admiratus

318 1293 391 1332 sies,
418 1292 488 1328 Qua
512 1301 605 1322 causa
633 1291 668 1321 id
688 1289 773 1332 fiat:
796 1289 995 1320 obsecundato
1022 1289 1055 1319 in
1078 1289 1164 1319 loco:
1190 1287 1280 1322 Quod
1305 1286 1481 1326 imperabit,
1496 1285 1622 1324 facito:
1645 1285 1778 1325 loquitor

314 1336 458 1376 paucula.
504 1334 612 1367 Quam
629 1332 901 1364 emendationem
926 1331 1045 1362 laudat
1069 1330 1160 1370 Guy.
1185 1329 1325 1361 laudant
1351 1328 1420 1360 alii.
1467 1328 1576 1359 Nemo
1591 1327 1777 1359 auctorita·

320 1384 390 1411 tem
417 1378 517 1409 ullius
546 1376 684 1409 Codicis
710 1375 839 1406 vetusti
864 1373 1006 1415 profert.
1052 1374 1098 1404 Et
1122 1372 1246 1412 fateor,
1268 1372 1296 1403 si
1321 1371 1371 1403 ita
1395 1371 1570 1411 legeretur
1595 1370 1628 1401 in
1653 1370 1776 1401 idoneo

319 1421 480 1463 quopiam
497 1421 564 1452 Ms.
578 1428 713 1451 sensum
730 1417 802 1449 fore
827 1419 1004 1458 optimum.
1052 1415 1148 1447 Idem
1176 1421 1288 1447 tamen
1315 1414 1406 1455 Guy.
1431 1414 1465 1444 in
1492 1413 1620 1445 Codice
1645 1423 1705 1444 suo
1728 1413 1778 1443 ita

320 1464 458 1496 ordinat
474 1472 652 1504 personas,
678 1466 716 1493 ut
742 1461 822 1499 ista,
851 1460 916 1492 Sed
937 1463 1028 1500 pater
1055 1458 1228 1499 egreditur,
1243 1457 1346 1489 etiam
1364 1455 1551 1495 Clitiphoni
1571 1456 1777 1487 tribuantur.

320 1507 471 1538 Videtur
486 1510 598 1537 autem
615 1504 699 1537 ordo
717 1504 894 1535 verborum
910 1503 1068 1543 vulgatus
1085 1501 1226 1533 retineri
1243 1510 1355 1541 posse.
1378 1499 1418 1531 In
1430 1499 1478 1531 M.
1491 1499 1548 1530 Tr.
1562 1498 1777 1530 Leidensium

321 1559 401 1589 un0,
422 1554 458 1581 et
479 1549 576 1582 Junt.
601 1548 743 1588 aliisque
768 1546 917 1587 antiquis
942 1544 1054 1577 omnia
1078 1545 1151 1576 haec
1170 1544 1258 1585 Syro
1280 1543 1476 1575 tribuuntur
1492 1551 1598 1583 usque
1620 1541 1662 1573 ad
1678 1541 1778 1572 tinem

320 1593 464 1624 Scenae:
491 1602 566 1632 quae
598 1590 702 1622 lectio
732 1590 965 1630 conjecturam
994 1592 1142 1619 nostram
1171 1586 1296 1617 firmat.
1341 1585 1454 1625 Vulgo
1482 1589 1596 1615 autem
1620 1593 1736 1615 versus
1759 1593 1780 1614 a

322 1636 390 1666 fine
423 1635 547 1666 tertius
577 1633 766 1672 Clitiphoni
797 1632 909 1664 datur.
947 1631 1048 1663 West.
1111 1630 1378 1661 Collocationem
1407 1627 1536 1659 Mureti
1562 1627 1645 1658 dant
1674 1627 1777 1657 Bent.

324 1678 427 1710 Both.
442 1677 520 1717 Bip.
538 1677 629 1708 Perl.
650 1675 775 1716 Delph.
820 1675 889 1706 Sed
912 1684 989 1705 cum
1013 1673 1153 1714 Guyeto
1170 1673 1247 1713 Rip.
1271 1671 1377 1702 verba
1394 1670 1458 1702 Sed
1481 1673 1573 1710 pater
1586 1679 1653 1708 egr.
1682 1669 1780 1702 Cliti-

323 1721 427 1761 phoni
444 1720 576 1752 tribuit.
600 1720 609 1736 ‘
623 1718 738 1750 Verba
754 1718 817 1749 obs.
835 1719 868 1749 in
885 1718 947 1748 loco
964 1721 1000 1747 et
1017 1725 1089 1757 seq.
1114 1725 1214 1747 versu
1237 1725 1310 1746 cave
1327 1724 1357 1754 q.
1374 1724 1404 1745 α.
1420 1723 1446 1744 s.
1462 1717 1730 1751 transponuntur
1745 1711 1779 1744 in

324 1764 365 1795 Z.
389 1767 510 1795 contra
534 1762 775 1794 auctoritatem
792 1759 951 1792 editionis
968 1759 1077 1790 West.
1093 1758 1149 1799 qui
1167 1767 1284 1789 versus
1302 1756 1439 1788 ordinat
1455 1760 1492 1786 nt
1510 1755 1543 1785 in
1560 1754 1640 1785 Ms.'
1660 1756 1780 1787 Bruns.

324 1809 410 1838 -23
435 1806 488 1837 Sis
505 1815 564 1846 pro
580 1806 651 1836 sies.
676 1805 778 1836 Bent.
824 1803 926 1834 Both.
941 1802 1035 1833 Peri.
1053 1801 1267 1842 Delph.—24
1290 1799 1365 1831 EA.
1384 1804 1420 1830 et
1438 1798 1505 1830 ET.
1522 1798 1655 1838 loquere.
1671 1798 1779 1829 West.

325 1849 367 1880 In
385 1847 501 1881 Guelf.
518 1851 548 1879 3.
573 1848 607 1878 hi
631 1857 697 1878 vss,
713 1847 832 1878 ordine
850 1848 1039 1884 sequuntur
1055 1844 1128 1883 hoe,
1149 1845 1211 1874 SY.
1239 1844 1309 1878 Qua
1325 1851 1417 1874 causa
1431 1841 1494 1874 obs.
1510 1840 1543 1872 in
1558 1841 1581 1872 l.
1623 1840 1693 1873 CR.
1718 1840 1780 1871 Nae

327 1902 384 1932 ego
400 1893 433 1924 h.
449 1902 474 1924 s.
490 1891 573 1929 fort.
590 1893 622 1923 d.
638 1893 670 1922 te
686 1890 762 1931 Syr.
805 1889 868 1921 ΞΥ.
891 1888 953 1920 Sed
965 1890 1031 1928 pat.
1047 1896 1114 1927 egr.
1129 1896 1156 1917 c.
1173 1897 1204 1927 q.
1218 1887 1303 1918 adm.
1316 1895 1342 1918 s.

690 2211 892 2254 ACTUS
927 2210 1012 2252 IV.
1074 2207 1275 2251 SCENA
1313 2208 1424 2250 VII.

686 2342 937 2374 CHREMES.
970 2340 1222 2371 CLITIPHO.
1255 2338 1432 2371 SYRUS.

332 2427 420 2468 Cn.
454 2424 546 2466 Uni
567 2422 765 2475 Clitipho
783 2434 896 2462 nunc
913 2420 1013 2461 cst?
1074 2418 1158 2459 SY.
1189 2417 1356 2459 Eccum
1373 2416 1468 2459 me!
1496 2414 1640 2469 inque.
1700 2412 1783 2454 Cr..

504 2492 670 2532 Eccum
691 2490 762 2530 hic
785 2489 865 2530 tibi
888 2489 897 2529 !

374 2607 443 2638 Cu.
472 2603 626 2635 Ubinunc
641 2606 686 2634 est
705 2600 866 2642 Clitipho?
908 2600 970 2631 SY.
997 2597 1148 2639 Clitipho,
1169 2597 1232 2638 dic,
1256 2596 1377 2628 adsum.
1421 2594 1484 2628 Cr„
1509 2592 1575 2625 Hic
1589 2593 1711 2632 adsum,
1728 2592 1786 2623 tibi

943 2696 1183 2710 eeeeeeeeeeee

379 2768 419 2799 In
449 2767 525 2807 Bip.
555 2764 655 2796 130111.
684 2762 762 2796 Aet.
790 2772 839 2793 ιν.
865 2762 919 2793 Sc.
944 2764 1036 2793 3.-1
1061 2759 1194 2801 Scribe,
1222 2758 1286 2791 Ubi
1305 2758 1343 2790 C.
1360 2759 1458 2789 nunc?
1482 2758 1521 2788 ut
1547 2755 1702 2788 deleatur
1729 2758 1787 2786 est.
