1966 3302
274 189 360 231 522
768 203 808 234 Ρ.
840 204 1080 235 ΤΕκΕΝΤιι
1114 205 1231 238 Arm

275 297 392 340 Mihi
407 301 566 352 evenit,
588 315 720 356 quam
741 302 858 356 quod
878 303 1011 344 modo
1031 317 1169 345 senex
1203 306 1316 347 intro
1337 307 1393 348 ad
1414 320 1494 349 nos
1518 309 1637 351 venit
1657 322 1722 351 er-

446 381 564 409 rans.

276 433 388 476 Mihi
410 436 520 477 solae
541 437 726 478 ridiculo
749 437 845 488 fuit,
866 453 978 493 quae,
1000 440 1107 494 quid
1129 441 1308 491 timeret,
1330 443 1541 484 sciebam.

276 501 363 543 ΡΑ.
397 502 516 554 Quid
539 505 624 546 hoc
645 511 797 547 autem
815 506 902 548 'st'?
963 507 1053 549 PY.
1087 509 1219 552 Nunc
1249 511 1295 551 id
1323 511 1506 565 prodeo,
1540 515 1585 553 ut
1614 524 1721 554 con-

447 572 622 613 veniam
645 572 976 617 Parmenonem.

276 636 366 680 Sed
387 639 477 688 ubi‚
506 640 706 689 obsecro,
739 642 777 682 is
812 644 908 684 est?
971 644 1058 685 PA.
1092 645 1216 687 Men'
1251 648 1410 702 quaerit
1442 647 1569 690 haec'?
1629 647 1721 688 ΡΥ.

446 706 595 760 Atque
616 721 769 749 eccum
791 710 945 752 video!
981 711 1145 754 Adibo.
1696 715 1725 755 5

275 774 364 815 ΡΑ.
397 774 520 825 Quid
539 781 620 825 est,
641 777 829 830 inepta?
863 779 969 832 quid
990 779 1070 820 tibi
1090 780 1193 822 vis?
1225 780 1331 834 quid
1350 781 1496 823 rides?
1527 782 1724 837 pergin’?

444 843 531 884 PY.
555 843 700 885 Perii:

275 909 467 953 Defessa
479 911 573 966 jam
594 926 692 954 sum
713 914 877 955 misera
893 917 936 955 te
957 914 1157 959 ridendo.
1217 915 1306 957 PA.
1338 915 1462 968 Quid
1479 917 1575 960 ita?
1635 919 1726 961 ΡΥ.

449 979 639 1033 Rogitas
655 982 673 1022 2

275 1045 529 1101 Nunquam,
551 1049 639 1101 pol,
660 1048 880 1091 hominem
902 1051 1146 1094 stultiorem
1167 1051 1277 1103 vidi,
1296 1064 1382 1093 nec
1402 1053 1580 1095 videbo.
1637 1054 1726 1105 Ah,

276 1113 382 1155 Non
402 1128 587 1169 possum
607 1117 721 1158 satis
742 1131 934 1170 narrare,
956 1132 1069 1174 quos
1090 1119 1222 1161 ludos
1244 1119 1488 1173 praebueris
1508 1121 1641 1163 intus.

276 1256 409 1286 unquam
424 1245 548 1286 accidit,
563 1256 652 1287 quam
667 1248 746 1287 quod
760 1249 847 1280 modo
869 1257 964 1280 senex
986 1249 1104 1280 Laches
1117 1248 1200 1279 intro
1214 1249 1335 1280 domum
1349 1250 1389 1280 aa
1403 1260 1458 1281 nos
1470 1250 1567 1291 venit,
1578 1250 1665 1289 falso
1679 1260 1732 1282 ex-

275 1289 532 1331 istimansfilium
545 1300 635 1321 suum
649 1300 714 1321 esse
727 1292 937 1322 constrictum.
982 1292 1049 1323 Soli
1064 1291 1141 1322 mihi
1155 1292 1252 1323 risum
1263 1292 1410 1333 praebuit,
1430 1305 1497 1334 quoe
1517 1304 1653 1333 causam,
1673 1303 1730 1325 cur·

275 1336 436 1371 metueret,
451 1343 604 1364 noveram.
650 1333 715 1364 ΡΑ.
742 1335 827 1370 Quid
841 1339 943 1366 autem
957 1335 1013 1366 hoc
1026 1338 1084 1373 est,
1099 1336 1176 1374 quod
1194 1335 1329 1375 quuitur
1346 1336 1480 1376 Pythias
1491 1335 1507 1368 :2
1550 1336 1618 1367 ΡΥ.
1637 1337 1730 1367 Nunc

271 1379 401 1416 propter
412 1376 446 1406 id
458 1377 572 1416 prodeo
579 1375 681 1414 foraS,
706 1380 740 1407 ut
763 1378 985 1409 Parmenonem
1009 1379 1117 1408 adeam
1140 1381 1171 1408 et
1195 1379 1358 1418 alloquar3
1379 1380 1432 1410 sed
1454 1380 1506 1411 ubi
1531 1389 1631 1420 quaeso
1656 1377 1731 1411 est?

276 1419 342 1450 ΡΑ.
367 1419 418 1450 An
444 1429 492 1450 me
518 1419 631 1459 quoerz‘t
655 1420 743 1450 hoec?
787 1421 856 1452 ΡΥ.
880 1421 983 1460 Atque
1006 1430 1072 1451 ecce
1094 1430 1162 1451 eum
1183 1421 1289 1452 video:
1313 1422 1353 1452 ad
1367 1431 1435 1453 eum
1446 1423 1507 1454 ibo.
1553 1423 1620 1454 ΡΑ.
1644 1422 1730 1457 Quid

276 1465 337 1500 est,
352 1460 487 1493 insana?
510 1462 584 1502 quid
599 1463 657 1493 tibi
670 1463 738 1493 vis?
759 1464 833 1504 quid
848 1467 913 1494 tam
927 1463 1024 1504 effuse
1037 1463 1142 1494 rides?
1159 1473 1375 1504 perseverasne
1389 1465 1512 1496 ridere?
1556 1465 1625 1496 ΡΥ.
1650 1464 1732 1496 Risu

277 1504 392 1535 morior
404 1516 414 1536 .·
437 1506 591 1536 delassata
605 1515 673 1536 sum
688 1506 798 1537 misera
805 1506 876 1544 jam
888 1510 918 1537 te
932 1507 1109 1537 deridendo.
1154 1507 1221 1537 ΡΑ.
1247 1507 1332 1542 Quid
1346 1507 1412 1538 ita?
1456 1508 1525 1540 ΡΥ.
1543 1507 1706 1543 Quaerisne
1716 1506 1732 1539 ζ’

277 1556 350 1578 num
365 1546 517 1587 ignoras?
538 1558 692 1589 nunquam
707 1550 757 1589 pol
772 1559 941 1590 quenquam
955 1549 1136 1589 ineptiorem
1157 1550 1297 1589 cog-novi,
1318 1560 1372 1581 nec
1393 1561 1590 1590 cognoscam.-
1612 1550 1663 1590 αΙι,
1679 1560 1732 1582 πε-

278 1600 352 1631 queo
375 1590 454 1622 satis
476 1591 577 1623 verbis
602 1601 750 1632 exponere
773 1602 846 1634 quos
867 1592 951 1623 risus
972 1591 1158 1624 excitat-evis
1182 1592 1267 1624 intus
1281 1593 1315 1624 in
1330 1593 1468 1625 oedibus:
1490 1595 1576 1635 atqui
1588 1593 1688 1634 primo
1702 1597 1733 1639 te

886 1704 926 1717 Ob
929 1706 1105 1718 eeeeeeeee

325 1784 344 1813 2
369 1781 471 1816 Quam
484 1790 577 1812 senex
590 1782 667 1821 quod
682 1781 768 1812 intro
780 1783 821 1813 acl
841 1792 896 1813 nos
916 1783 1004 1813 modo
1030 1783 1132 1814 Both.
1179 1782 1365 1814 Maximam
1391 1782 1644 1814 distinctionem
1668 1782 1729 1814 dat

279 1823 340 1855 Br.
356 1828 434 1865 post
457 1824 665 1855 ‘m0d0.’—3
690 1824 816 1855 Scibam
827 1825 930 1857 Bent.
947 1826 1025 1866 Bip.
1042 1826 1210 1857 Bonus—4
1234 1826 1273 1856 Id
1298 1836 1372 1857 exeo
1401 1827 1471 1857 Ms.
1501 1826 1594 1866 Lips.
1631 1826 1732 1857 West.

278 1870 341 1897 —5
373 1867 413 1897 In
443 1866 589 1907 antiquis
615 1867 708 1897 libris
735 1867 859 1907 legitur
886 1867 1101 1908 affirmative,
1126 1869 1182 1899 Me
1197 1869 1308 1908 quoerit
1324 1869 1399 1900 hoec.
1445 1870 1544 1906 Item,
1564 1869 1734 1910 Nunquam

278 1911 342 1949 pol.
373 1910 432 1940 Fa.
475 1910 531 1940 Sic
547 1915 582 1940 et
598 1910 720 1941 nostri.
743 1911 840 1941 Bent.
875 1911 909 1941 Is
923 1912 1085 1942 omittunt
1110 1912 1170 1942 ΒΓ.
1199 1912 1302 1943 Beut.
1330 1912 1371 1944 Z.
1395 1912 1496 1942 Both.
1515 1912 1643 1952 Delph.
1677 1912 1731 1943 Me

279 1952 363 1983 dant
378 1952 410 1983 hi
424 1962 551 1990 omnes,
564 1961 641 1983 cum
666 1953 758 1984 Perl-
803 1953 890 1984 Post
912 1954 1030 1985 ‘haec’
1056 1964 1124 1985 non
1151 1954 1362 1994 interrogant
1389 1955 1492 1986 Bent.
1518 1955 1621 1985 Both.
1653 1954 1732 1994 Bip.

279 1995 440 2026 Per1.-6
465 1994 569 2034 Perii]
596 1996 645 2026 M.
673 2001 708 2026 et
734 1996 856 2028 Boend.
885 2006 962 2027 cum
990 1996 1069 2028 edd.
1101 1997 1354 2036 vetustissimis,
1387 1997 1453 2037 ΑΙι,
1482 1996 1534 2036 ah,
1560 1997 1610 2037 eh,
1636 1997 1730 2037 perii.

280 2037 450 2069 Defendit
479 2037 652 2069 Adrianus
680 2038 885 2078 Bar1andus,
911 2039 1169 2080 Antesignanus
1203 2044 1350 2079 resecat,
1377 2039 1421 2070 ob
1448 2045 1607 2071 metrum.
1635 2040 1733 2071 West.

284 2081 369 2116 Quid
384 2081 443 2111 tien·
454 2080 515 2121 vis]
545 2081 648 2121 Lege,
671 2091 700 2121 q.
715 2085 740 2111 t.
757 2085 828 2112 est?
852 2082 954 2113 Bent.
1000 2083 1111 2123 Vulgo
1130 2081 1288 2121 Quidest,
1308 2082 1434 2122 inepta?
1477 2082 1546 2114 Sed
1574 2082 1658 2117 Quid
1680 2092 1732 2114 ar-

281 2123 391 2155 bitror
414 2122 518 2155 fuisse
545 2125 672 2162 001D;
698 2124 719 2154 i.
735 2134 766 2155 e.
793 2125 877 2159 Quid
891 2124 942 2156 id:
966 2130 1061 2157 certe
1078 2134 1196 2156 versus
1213 2125 1325 2166 poscit
1342 2125 1428 2160 Quid
1442 2126 1476 2156 id
1491 2128 1549 2163 est,
1566 2134 1631 2156 non
1648 2124 1734 2160 Quid

280 2169 338 2197 est.
360 2167 460 2198 Both.
506 2167 575 2206 Ha,
599 2167 652 2205 ha,
676 2166 724 2206 he,
744 2167 825 2206 perii
852 2167 969 2199 Guelf.
984 2171 1016 2199 2.
1054 2167 1195 2204 Ahaheu,
1210 2168 1291 2208 perii
1308 2171 1400 2199 1.—7
1425 2168 1532 2207 Rogas
1554 2168 1620 2199 Ms.
1638 2167 1731 2208 Lips.

287 2208 388 2240 IVesl.
418 2209 598 2240 Deridendo
615 2209 728 2240 Guelf.
745 2212 842 2240 3.-8
865 2211 996 2251 AEdepol
1011 2210 1054 2242 G.
1077 2209 1128 2250 [et
1145 2209 1260 2242 Guelf.
1276 2210 1326 2251 2.]
1355 2210 1428 2242 Vidi
1440 2214 1471 2241 te
1494 2211 1542 2241 M.
1557 2216 1593 2241 et
1608 2210 1731 2242 Boend.

286 2252 382 2282 West.
422 2251 634 2283 Stulticiorem
661 2252 787 2282 Ena—9
815 2252 888 2283 Non
915 2257 988 2293 pole
1015 2254 1093 2284 satis
1119 2263 1249 2284 narrare
1270 2254 1362 2284 alias.
1386 2253 1445 2283 Er.
1477 2253 1544 2284 Ms.
1577 2253 1667 2292 Lips.
1698 2257 1734 2284 et

279 2294 401 2326 Boend.
426 2304 502 2325 cum
532 2295 604 2326 ΕΡ.
630 2295 704 2325 Non
727 2295 805 2325 satis
827 2299 931 2335 potest
947 2297 1082 2327 narrari.
1126 2297 1207 2327 Par.
1238 2305 1281 2326 ex
1306 2295 1412 2326 tribus
1442 2295 1531 2326 Pau.
1560 2300 1595 2326 et
1624 2295 1734 2328 Paris.

280 2337 378 2377 citat,
403 2338 476 2368 Non
498 2340 598 2377 potest
624 2337 702 2368 satis
723 2339 858 2368 narrari.
904 2338 984 2378 Alii,
1009 2340 1080 2369 Non
1092 2342 1163 2379 pote
1177 2338 1256 2369 satis
1269 2338 1404 2368 narrari.
1427 2337 1533 2370 West.
1573 2339 1662 2378 Lege
1679 2347 1734 2368 or·

279 2379 359 2411 dine
375 2381 510 2421 paulum
529 2381 731 2411 immutato:
757 2380 831 2411 Non
851 2390 973 2420 possum
987 2383 1067 2411 satis
1086 2391 1214 2411 narrare
1240 2390 1314 2420 quos
1333 2380 1502 2421 praebueris
1528 2381 1614 2412 ludos
1635 2382 1729 2413 intus.

282 2423 350 2454 Sed
369 2422 458 2453 unde
475 2422 556 2453 illud
573 2423 717 2463 petitum
735 2431 801 2461 est,
826 2423 900 2453 Non
914 2433 1037 2462 possum
1053 2424 1130 2454 satis
1152 2427 1304 2454 narrare?
1347 2422 1521 2463 Siquidem
1537 2424 1642 2454 nostri
1660 2423 1733 2454 uni-

281 2465 385 2504 versi,
414 2466 486 2496 Non
513 2466 592 2496 salis
616 2468 715 2507 potest
737 2465 864 2496 narrari
890 2475 974 2505 quos.
1021 2466 1171 2498 Quarum
1195 2466 1380 2496 lectionum
1397 2475 1462 2496 non
1476 2465 1531 2507 (ut
1546 2466 1597 2496 vir
1612 2465 1733 2497 doctus

282 2507 455 2549 opinatur)
470 2512 615 2549 utraque
633 2507 811 2539 commoda
828 2512 897 2539 est:
915 2508 988 2540 haec
1002 2509 1090 2539 enim
1105 2509 1277 2549 posterior
1294 2518 1428 2539 versum
1441 2508 1602 2540 trucidat.
1633 2508 1734 2542 Quod

934 2604 1075 2636 NOTAE

323 2672 342 2700 3
367 2669 453 2700 Mihi
466 2668 552 2709 soloe]
575 2669 723 2700 Vetuste
740 2678 815 2709 pro,
831 2668 904 2700 soli.
1032 2677 1115 2709 pere
1130 2668 1164 2700 in
1180 2668 1296 2709 risum,
1312 2668 1398 2700 adeo
1413 2672 1450 2701 ut
1461 2667 1525 2700 sibi
1541 2670 1734 2710 temperare

324 2723 345 2751 6
371 2721 456 2756 Quid
481 2723 540 2759 est,
565 2717 694 2762 inepta?
719 2720 793 2760 quid
827 2719 886 2750 tibi
915 2719 980 2759 vis]
1035 2727 1101 2750 non
1118 2723 1244 2760 posset.

284 2772 477 2812 Conspectu
499 2779 596 2802 servo
612 2769 717 2810 coepit
737 2769 857 2802 anciila
873 2778 980 2801 erum-
