1966 3302
276 246 363 287 ’758
772 258 813 287 P.
847 255 1091 286 TEREN'rn
1126 255 1244 286 ΑΒΜ

280 351 510 405 Numquid
530 352 884 404 circumspexti‘!
917 355 995 393 aut
1014 351 1227 404 numquid
1248 354 1336 392 tute
1358 351 1588 405 prospexti
1611 351 1706 401 tihi,

280 419 402 469 Quid
425 420 562 477 fieret,
585 433 673 472 qua
695 419 844 459 fieret?
877 419 915 460 si
937 425 981 460 te
1002 419 1147 472 ipsum
1170 418 1277 458 mihi
1299 419 1455 472 puduit
1477 419 1635 469 dicere,
1680 419 1737 458 56

281 486 384 537 Qua
406 488 688 528 resciscerem
704 476 851 527 ‘ffiaec
882 486 983 527 dum
1007 486 1199 537 dubitas,
1231 499 1405 528 menses
1436 487 1635 528 abierunt
1663 487 1739 528 de-

451 568 560 596 cem.

281 623 526 665 Prodidisti
548 626 592 664 et
612 628 669 673 te,
693 627 736 664 et
756 623 878 665 illam
899 623 1121 672 miseram,
1142 627 1185 664 et
1205 627 1401 676 gnatum,
1422 622 1540 692 ‘33⁰⁶
1563 622 1739 676 quidem

451 692 494 732 in
516 696 558 732 te
578 691 677 732 fuit.
1145 721 1153 727 -

281 757 401 808 Quid
419 759 437 798 'l
471 759 697 808 credebas,
717 758 951 799 dormienti
972 757 1067 799 haec
1089 758 1169 798 tibi
1192 757 1470 799 confecturos
1494 759 1632 807 Deos,

280 826 337 867 Et
357 827 477 868 illam
500 827 598 868 sine
619 831 695 868 tua
716 840 848 880 opera
870 827 912 867 in
933 827 1183 867 cubiculum
1206 826 1259 866 iri
1273 826 1507 867 deductum
1530 827 1736 869 domum?

280 892 433 953 Nolim
456 899 695 935 ceterarum
716 907 855 935 rerum
874 891 920 935 ie
941 893 1170 934 socordem
1192 894 1350 934 eodem
1372 894 1517 935 modo.
1681 895 1737 937 61

282 960 414 1002 Bono
452 961 600 1002 animo
637 974 714 1002 es:
746 961 884 1002 duces
917 974 1105 1002 uxorem
1133 961 1257 1002 hanc.
1317 962 1419 1002 AES.
1451 962 1592 1004 Hem!
1654 961 1742 1002 ΜΙ.

454 1030 583 1070 Bono
605 1030 751 1071 animo
773 1042 838 1079 es,
858 1029 1048 1083 inquam.
1109 1029 1209 1070 AEs.
1241 1028 1392 1079 Pater,

283 1094 502 1145 Obsecro,
540 1110 629 1137 non
665 1095 783 1137 ludis
820 1101 868 1137 tu
901 1110 1017 1138 nunc
1053 1098 1157 1138 me?
1234 1097 1321 1137 M1.
1353 1096 1450 1150 Ego
1487 1099 1554 1138 te!
1587 1111 1740 1151 quam-

454 1165 634 1205 obrem?
696 1165 794 1205 AES.
827 1163 1020 1215 Nesci03

284 1230 387 1272 Nisi
408 1232 514 1285 quia
536 1235 626 1273 tam
649 1232 804 1273 misere
832 1231 916 1272 hoc
938 1244 1037 1272 esse
1060 1231 1194 1285 cupio
1214 1244 1379 1283 verum,
1402 1245 1455 1273 eo
1476 1244 1629 1274 vereor
1648 1245 1741 1279 ma-

457 1312 536 1352 g1s.

283 1410 441 1441 attulisti?
487 1410 645 1451 Numquid
659 1414 692 1441 tu
707 1410 771 1450 ipse
797 1410 961 1451 providisti
986 1411 1075 1442 rebus
1090 1410 1175 1442 iuis?
1205 1410 1280 1451 quid
1291 1410 1474 1447 faciendam
1483 1408 1571 1447 soret
1585 1408 1601 1442 ί)
1623 1413 1653 1440 et
1669 1419 1743 1450 qno-

283 1455 371 1484 modo
383 1453 478 1494 fieret
492 1451 508 1485 ?
551 1455 618 1485 Aut
634 1454 662 1483 si
677 1455 790 1493 pudore
806 1454 972 1494 impeditus
980 1454 1077 1492 fuisti
1091 1454 1252 1494 quominus
1264 1454 1297 1484 id
1312 1453 1389 1485 mihi
1405 1456 1470 1483 tute
1484 1452 1548 1493 ipse
1562 1453 1746 1492 declarares,

283 1506 324 1526 an
332 1496 440 1534 fecisti
454 1500 488 1527 ut
504 1506 559 1537 per
573 1497 650 1527 alios
664 1497 696 1526 id
712 1497 886 1528 inaudirem
899 1496 914 1528 ?
935 1499 1007 1528 dum
1023 1497 1135 1528 dubius
1151 1497 1261 1537 animi,
1275 1497 1349 1537 quid
1361 1505 1454 1535 agere
1467 1495 1619 1534 debueris,
1635 1495 1744 1534 hoeres,

283 1549 403 1570 menses
417 1540 513 1580 elapsi
527 1543 599 1570 sunt
614 1540 727 1570 decem.
775 1539 926 1578 Objecistz·
941 1541 1026 1571 illam
1049 1543 1134 1570 tuam
1147 1540 1289 1579 amicam,
1305 1543 1335 1571 et
1349 1539 1503 1577 infantem
1516 1548 1556 1569 ex
1573 1548 1609 1569 ea
1623 1547 1745 1578 suscep-

283 1585 361 1622 tum,
385 1585 474 1622 teque
495 1583 596 1622 ipsum
622 1582 743 1621 magnis
766 1582 915 1622 periculis
932 1587 961 1614 et
977 1583 1121 1620 miseriis,
1138 1585 1285 1622 quantum
1300 1582 1332 1613 in
1347 1585 1379 1613 te
1391 1581 1525 1623 positum
1530 1581 1612 1619 suit.
1659 1580 1744 1616 Quid

285 1624 345 1655 lib-12
357 1625 565 1664 persuadebas
576 1628 754 1656 eventurum
771 1626 816 1656 ita
831 1627 975 1656 cessando
987 1629 1000 1656 ,Φ
1022 1626 1079 1657 tibi
1097 1625 1263 1663 desidenti,
1288 1629 1319 1657 et
1333 1625 1491 1663 stertenti,
1513 1634 1564 1655 res
1580 1627 1649 1654 tuas
1663 1623 1749 1655 Deos

283 1671 483 1706 peracturos?
506 1672 535 1698 et
548 1668 666 1706 amicae,
681 1672 711 1699 te
727 1668 836 1707 otioso,
854 1672 884 1699 et
900 1669 1072 1699 nullomodo
1088 1668 1289 1707 allaborante,
1302 1667 1514 1699 deductionem
1529 1668 1569 1697 ad
1584 1667 1665 1697 aecles
1677 1669 1747 1697 tuas

278 1709 403 1747 sactum
418 1711 460 1741 iri
472 1710 488 1743 ?
512 1712 610 1750 AEgre
626 1711 751 1742 tulerim
764 1712 792 1741 si
807 1711 840 1741 in
855 1712 970 1742 celeris
984 1714 1047 1742 tuis
1061 1712 1152 1743 rebus
1177 1712 1224 1742 ita
1247 1711 1409 1750 negligens
1426 1709 1552 1748 fueris:
1573 1710 1627 1740 sed
1653 1708 1748 1739 hilari

287 1757 349 1784 esto
365 1753 480 1792 animo,
495 1754 580 1784 illam
591 1754 623 1784 in
640 1764 768 1785 uxorem
783 1754 926 1794 accipies.
960 1754 1028 1786 AEs.
1058 1754 1166 1785 Hem!
1212 1754 1277 1784 M1.
1300 1754 1410 1784 Laetus
1423 1752 1645 1792 estofl'nquam.
1675 1750 1745 1783 ΖΕΒ.

287 1796 397 1836 Pater,
413 1797 463 1827 dic
475 1797 565 1833 mihi,
581 1801 702 1836 quaeso?
724 1807 763 1827 cm
779 1807 838 1827 non
854 1807 901 1828 me
916 1797 1107 1839 ludificaris?
1127 1798 1206 1828 ’ΜΙ.
1232 1797 1302 1836 Ego
1319 1801 1349 1826 te
1361 1795 1519 1837 ludificer?
1534 1793 1724 1835 quamobrem
1735 1797 1748 1824 ?

286 1838 356 1870 AEs.
391 1839 515 1880 Nescio,
530 1839 591 1870 nisi
615 1840 687 1880 quia
703 1843 863 1881 tantopere
879 1840 934 1871 hoc
950 1842 996 1870 ita
1013 1850 1078 1871 esse
1093 1840 1192 1880 cupio,
1206 1849 1239 1871 eo
1258 1839 1469 1870 vehementius
1483 1840 1582 1868 metuo
1598 1840 1631 1868 ut
1646 1846 1747 1868 succe-

896 1936 1134 1947 eeeeeeeeeeee

287 2006 320 2033 at
332 2002 419 2032 hest
431 2005 555 2033 tamen.-
578 2001 649 2032 boni
668 2000 672 2042 Ι
696 2000 850 2033 Fecerunt
862 2001 936 2033 item
946 2001 1003 2032 aliz·
1015 2011 1106 2041 serpe.
1125 2001 1331 2041 At‚85c.—55
1360 1998 1616 2039 Circumspexisti
1628 1996 1745 2029 Guelf.

287 2048 319 2077 3.
350 2045 547 2084 Prospexisti
563 2047 681 2075 2.—56
707 2044 835 2084 Quaf.]
860 2045 910 2078 M.
927 2044 1110 2084 quomodos.
1126 2044 1198 2075 ΕΡ.
1214 2045 1291 2074 mihi
1305 2045 1416 2083 ipsum.
1441 2042 1546 2073 West.
1585 2041 1676 2081 Lege
1701 2049 1745 2071 ex

288 2088 414 2119 nostris
430 2087 504 2119 fere
526 2087 682 2118 omnibus
705 2088 782 2118 mihi
797 2088 906 2128 ipsum.
931 2089 1033 2118 Bent.
1063 2088 1148 2122 Quid
1160 2087 1254 2129 fieret
1266 2086 1293 2126 ?]
1317 2087 1383 2118 Ms.
1401 2087 1482 2117 Par.
1501 2088 1542 2116 et.
1562 2084 1654 2115 Perl.
1692 2083 1746 2123 Ip-

287 2141 356 2162 sum
371 2131 449 2161 mihi
463 2134 688 2169 transponunt
706 2130 783 2171 Bip.
802 2131 990 2161 Boin—57
1016 2130 1181 2161 Distinet.
1199 2135 1276 2170 post
1291 2131 1301 2146 ⁴
1319 2130 1412 2160 haec'
1426 2129 1459 2159 in
1476 2125 1594 2158 Guelf.
1611 2129 1643 2157 2.
1657 2125 1746 2157 Perl.

286 2176 371 2204 —58
396 2174 493 2205 Glar.
510 2174 596 2204 bunc
624 2183 756 2204 versum
779 2173 885 2213 legit:
910 2173 1088 2204 Prodidisti
1115 2176 1144 2204 le
1160 2176 1250 2213 atque
1273 2173 1359 2203 illam
1381 2171 1534 2209 miseram,
1548 2173 1580 2201 et
1603 2171 1746 2208 gnatum,

287 2217 366 2256 quod
382 2217 415 2247 in
431 2220 460 2247 te
469 2216 550 2254 suit.
574 2216 685 2247 West.
724 2215 835 2247 Abest
849 2219 879 2247 et
895 2217 1039 2256 primum
1055 2226 1073 2246 a
1091 2215 1205 2247 Guelf.
1221 2218 1253 2246 3.
1273 2216 1358 2246 Perl.
1386 2215 1430 2245 Et
1454 2223 1473 2244 a
1489 2213 1549 2243 ΒΓ.
1566 2215 1602 2242 et
1620 2211 1744 2251 Delpb.

293 2261 333 2290 Et
349 2263 379 2290 te
396 2259 490 2290 delet
507 2258 695 2290 Rom-59
719 2258 831 2290 Abest
846 2259 912 2289 haec
940 2269 959 2290 a
976 2258 1090 2290 Guelf.
1106 2262 1137 2290 2.
1166 2259 1253 2290 Perl.
1294 2258 1378 2294 Quid
1393 2256 1557 2287 credebas?
1578 2255 1677 2285 dorm.
1694 2256 1746 2294 &a

288 2303 349 2333 Br.
376 2303 477 2333 Bent.
505 2301 605 2332 Lind.
636 2302 861 2333 Consecuturos
886 2302 1036 2333 Br.-60
1058 2302 1159 2342 Vulg.
1175 2303 1317 2332 domum.-
1338 2300 1433 2342 quasi
1458 2299 1534 2338 ipsa
1560 2297 1651 2328 domi
1666 2306 1745 2345 *su-«e

288 2345 478 2376 cubiculum
509 2345 603 2384 virgo
633 2354 700 2376 non
727 2345 911 2375 habuisset.
943 2345 1037 2376 Both.
1057 2344 1111 2386 qui
1141 2345 1200 2375 dat
1226 2348 1323 2375 tuum.
1363 2343 1439 2374 Sine
1462 2345 1516 2372 tun
1541 2349 1633 2380 opera
1661 2340 1749 2370 illam

287 2388 503 2428 Deum—61
531 2388 608 2418 Noli
623 2391 654 2417 te
672 2391 706 2418 et
721 2398 783 2418 soc.
800 2397 865 2419 esse
881 2387 995 2418 Guelf.
1011 2390 1130 2418 ’2.-62
1155 2386 1278 2426 Hemlj
1302 2386 1393 2426 Guy.
1418 2385 1526 2420 Hanc,
1542 2392 1618 2414 cum
1643 2383 1748 2413 inter·

290 2431 477 2468 rogatione.
507 2430 607 2461 West.
637 2430 773 2461 Uxorem
793 2430 886 2470 lianc]
910 2431 1038 2461 Versus
1054 2430 1150 2470 justo
1174 2430 1305 2469 longior
1321 2433 1385 2460 est.
1428 2427 1525 2458 Tolle
1549 2425 1639 2463 hanc,
1655 2423 1747 2466 quod

289 2478 356 2504 non
370 2472 523 2514 agnoscit
539 2473 605 2504 Do.
649 2473 739 2504 Satis
752 2474 933 2504 constabat
947 2483 1047 2513 quam
1061 2482 1200 2503 uxorem
1218 2472 1438 2512 intelligeret.
1461 2470 1558 2500 Bent.
1595 2466 1746 2507 Uxorem]

287 2516 347 2548 Al.
375 2520 452 2556 post
483 2515 492 2531 ‘
522 2515 589 2546 ux.'
617 2514 799 2547 intrudunt
827 2516 916 2547 hanc.
949 2516 1027 2557 Bip.
1062 2516 1174 2556 Vulgo
1205 2515 1371 2555 impedito
1401 2521 1521 2544 versu:
1553 2520 1629 2541 nam
1657 2510 1750 2548 hanc,

289 2559 404 2599 magni
431 2557 593 2589 momenti
619 2558 773 2597 verbnm,
795 2558 914 2598 deleri,
941 2569 1016 2599 quae
1046 2558 1196 2590 Bentleii
1225 2558 1312 2588 ratio
1341 2560 1408 2594 est,
1435 2555 1568 2587 cuinam
1592 2553 1750 2601 placeat}

289 2603 355 2633 Rei
384 2600 599 2632 convii-sioni
639 2602 850 2640 gravissimae
888 2607 1030 2632 metrum
1075 2600 1310 2641 gravissimum
1348 2597 1518 2631 convenit.
1557 2596 1653 2627 Both.
1691 2604 1748 2636 qui

291 2645 350 2675 dat
373 2653 427 2674 ux.
454 2644 532 2673 hunc
556 2644 657 2673 daces.
705 2644 825 2674 Aison.
853 2645 947 2682 Hem,
971 2648 1061 2685 paler
1077 2667 1085 2675 .
1101 2668 1128 2675 ..
1143 2666 1151 2674 .
1177 2644 1240 2674 Mi.
1265 2643 1354 2673 Bono
1378 2641 1479 2671 animo
1505 2649 1547 2679 es,
1570 2637 1731 2679 inquam}

290 2687 411 2718 AEscn.
439 2686 583 2723 Obsecro,
609 2695 681 2715 num
709 2687 800 2723 ludis,
829 2688 969 2725 δεμ-63
1005 2688 1091 2718 Num
1115 2687 1197 2717 luctis
1231 2686 1299 2716 alii.
1344 2685 1443 2716 West.
1487 2682 1556 2712 Pro
1585 2691 1646 2712 non
1676 2689 1750 2711 ree-

291 2730 358 2760 tius
399 2729 499 2759 Beut.
538 2737 613 2758 cum
649 2728 710 2759 Fa.
751 2729 859 2759 edidit
895 2740 979 2760 num.
1019 2730 1124 2760 Zeun.
1184 2729 1380 2767 lutei-rogat
1417 2725 1501 2756 edit.
1538 2729 1615 2771 P⁰S.t
1663 2724 1671 2740 ‘
1690 2722 1750 2754 tel

292 2773 412 2803 Brutis.
459 2772 546 2802 Nam
566 2771 624 2801 Br.
640 2770 699 2800 dat
720 2771 793 2809 Ego
809 2775 839 2801 le
854 2773 1069 2811 quamohrem?
1095 2773 1180 2803 Num
1195 2772 1320 2801 hubent
1337 2771 1395 2800 ΒΓ.
1422 2768 1544 2807 Delph.
1562 2767 1639 2806 Bip.
1656 2765 1751 2797 Perl.

293 2817 375 2846 —64
402 2814 444 2845 Et
461 2813 646 2845 dictionem
666 2814 740 2844 Nisi
759 2815 889 2854 respuit
918 2825 1052 2846 versus:
1079 2824 1141 2846 uec
1165 2824 1238 2845 eain
1263 2814 1366 2845 babet
1385 2813 1556 2849 Donatus,
1579 2818 1642 2842 nec
1667 2808 1751 2840 ullus
