1966 3302
563 213 874 245 Pnoumoms
907 214 1015 246 Ac'r.
1048 215 1079 243 1.
1111 215 1178 245 sc.
1205 214 1266 243 iv.
1554 206 1639 246 9323

187 307 259 348 Ita
279 319 394 347 nunc
416 306 679 359 imparatum
702 307 848 348 subito
870 311 991 348 tanta
1013 311 1054 348 te
1078 307 1330 362 impendent
1352 308 1482 358 mala,

186 372 304 424 Quae
324 385 466 426 neque
489 374 550 414 uti
572 373 761 414 devitem
783 375 891 424 scio,
910 387 1053 427 neque
1075 388 1163 428 quo
1185 375 1316 417 modo
1338 388 1407 416 me
1428 375 1529 417 inde
1554 388 1633 417 ex-

358 440 552 480 traham:

187 503 306 546 Nam
320 518 408 546 non
427 510 574 559 potest
594 506 726 547 celari
746 511 894 548 nostra
914 507 1079 548 diutius
1095 508 1191 561 jam
1213 509 1403 550 audacia
1422 523 1432 560 3

185 571 316 622 Quae,
339 574 483 614 sinon
505 576 606 615 astu
625 574 923 628 providentur,
952 587 1023 615 me
1061 581 1139 617 aut
1168 576 1321 616 herum
1353 589 1533 630 pessum
1562 576 1639 618 da-

360 641 483 680 bunt.
1615 645 1643 684 5

188 705 284 747 ΑΝ.
315 703 540 756 Quidnam
561 706 637 748 ille
656 713 902 748 commotus
925 708 1074 749 venit?

189 771 279 815 Ga.
311 773 442 824 Tum,
465 775 675 828 temporis
696 774 802 815 mihi
826 780 1035 828 punctum
1054 776 1108 816 ad
1129 776 1242 818 hanc
1271 790 1362 818 rem
1391 780 1481 818 est:
1512 777 1642 818 herus

359 840 502 881 adest.
562 840 655 882 AN.
688 841 811 892 Quid
834 843 951 884 istuc
978 844 1083 884 mali
1103 844 1189 885 'st'?

189 905 278 949 GE.
311 907 449 958 Quod
482 922 583 949 cum
617 909 822 961 audierit,
861 910 978 963 quod
1015 912 1111 966 ejus
1148 913 1392 953 remedium
1424 912 1643 955 inveniam

360 975 638 1017 iracundiae?

184 1121 375 1161 providenti,
388 1133 442 1154 nec
457 1125 643 1165 expectanti,
658 1130 748 1158 tantu
768 1127 887 1159 instant
900 1128 1049 1169 pericula,
1063 1138 1131 1169 quae
1152 1139 1211 1169 qua
1225 1130 1346 1160 ratione
1359 1129 1507 1160 declinem
1521 1129 1646 1168 ignoro,

189 1172 286 1203 neque
307 1167 453 1213 quomodo
468 1168 538 1198 inde
553 1179 600 1199 me
615 1171 778 1209 expediczm
791 1181 800 1201 .·
823 1181 919 1211 neque
938 1172 1020 1202 enim
1034 1172 1154 1202 diutius
1167 1176 1273 1203 nostru
1289 1174 1447 1203 temeritas
1460 1172 1530 1211 jum
1544 1174 1646 1211 potest

187 1206 355 1239 occultarz:
377 1218 444 1248 quae
459 1211 561 1241 sinon
576 1214 676 1242 astute
690 1216 869 1252 caveantur,
894 1224 939 1244 me
960 1218 1015 1245 aut
1033 1214 1139 1244 herum
1160 1215 1345 1255 oppriment.
1391 1214 1462 1245 AN.
1488 1214 1646 1249 Quidnam

188 1251 236 1277 est
249 1250 329 1296 quod
345 1253 409 1281 tam
422 1253 621 1291 perturbatus
633 1255 754 1285 currit?
792 1255 857 1287 GE.
885 1257 972 1296 Tum,
987 1257 1082 1287 solum
1098 1257 1175 1287 mihi
1191 1260 1374 1288 momentum
1389 1257 1533 1297 temporis
1547 1259 1646 1287 restat

190 1290 232 1319 ad
246 1291 473 1324 delzberandum
493 1296 531 1325 de
553 1296 610 1326 huc
632 1306 678 1327 re.
723 1298 805 1328 Ecce
827 1298 946 1330 herum.
992 1298 1060 1330 ΑΝ.
1088 1300 1251 1334 Quodnam
1264 1300 1320 1330 hoc
1334 1301 1446 1330 malum
1462 1302 1531 1330 est?
1576 1299 1645 1329 GE.

192 1331 295 1366 Quam
315 1343 381 1366 rem
401 1345 470 1367 cum
483 1337 770 1381 resciverit,flliu1n
784 1341 994 1381 Antiphonem
1007 1342 1134 1373 duxisse
1148 1352 1288 1382 uxorem,
1312 1344 1461 1383 quodnam
1481 1340 1649 1373 remedium

815 1458 1052 1470 eeeeeeeeeee

192 1542 358 1582 Repereris
372 1542 432 1573 Br.
477 1542 620 1574 Bothius
637 1544 719 1585 legit
742 1545 869 1585 Nullus,
888 1546 982 1585 Geta,
998 1546 1061 1576 nisi
1075 1547 1198 1587 aliquod
1214 1547 1285 1586 jam
1307 1545 1364 1578 tibi
1384 1547 1480 1577 celere
1499 1545 1649 1586 repereris

188 1585 361 1615 consitium.
410 1584 595 1626 Reppereris
611 1587 648 1618 Z.
693 1587 733 1617 In
749 1594 817 1618 vet.
833 1588 910 1619 cod.
928 1598 983 1628 ap.
1005 1589 1098 1619 Lind.
1116 1589 1173 1620 tibi
1190 1590 1298 1620 deest.
1346 1589 1421 1619 Nisi
1436 1590 1560 1628 aliquod
1577 1587 1648 1625 jam

189 1627 351 1659 consilium
364 1628 460 1658 celere
474 1629 611 1668 repperis
628 1630 718 1660 Perl.
766 1630 842 1661 Nisi
860 1631 931 1669 jam
955 1631 1091 1671 aliquod,
1110 1633 1161 1670 δι’.
1197 1632 1253 1663 Sic
1271 1633 1330 1662 Fa.
1348 1641 1391 1662 ex
1414 1632 1512 1661 codd.
1528 1631 1595 1660 suis
1613 1634 1649 1660 et

191 1669 261 1700 Do.
279 1670 441 1708 correxit,
456 1671 636 1703 ordinavit.
679 1672 824 1703 Variant
840 1672 940 1704 codd.
959 1679 994 1704 et
1011 1674 1087 1705 edd.
1103 1674 1161 1704 sed
1183 1683 1281 1705 nemo
1299 1680 1428 1714 praeter
1444 1674 1545 1704 Bent.
1565 1672 1647 1703 omi-

190 1711 236 1742 sit
251 1711 321 1742 tibi.
366 1712 478 1742 Multa
494 1713 521 1743 is
538 1713 685 1753 refingit,
704 1724 780 1755 quae
797 1715 934 1746 mittere
949 1717 1124 1746 malumus.
1148 1717 1292 1757 Rip-2
1318 1718 1420 1747 Tanta
1436 1719 1465 1746 te
1483 1715 1647 1755 inpendent

188 1754 285 1794 mala]
310 1754 489 1786 Donatus:
525 1758 533 1773 ‘
561 1756 660 1787 Tanta
681 1760 711 1787 te
732 1757 899 1797 inpendent
925 1758 1020 1798 mala]
1054 1758 1260 1789 Accusativo
1284 1769 1363 1789 casu
1391 1757 1647 1798 ‘impendentz'

188 1801 249 1828 aut
263 1797 455 1838 ἀναστροφῇ,
477 1797 487 1814 ‘
504 1797 536 1828 in
554 1802 588 1829 te
603 1799 780 1838 pendent.’
825 1800 910 1831 Cum
926 1810 1039 1840 supra,
1056 1803 1066 1818 ‘
1087 1801 1209 1832 Nulius
1227 1811 1262 1832 es
1280 1800 1396 1838 Geta:
1419 1800 1566 1830 dixerit:
1593 1799 1649 1830 hic

190 1839 371 1870 transitum
387 1838 472 1871 fecit
495 1840 534 1871 ad
555 1842 697 1881 primam
724 1843 926 1882 personam!
970 1844 1062 1874 Satis
1076 1843 1154 1874 hinc
1171 1848 1320 1882 constat,
1341 1846 1514 1874 Donatum
1533 1851 1579 1872 me
1595 1841 1649 1872 hic

189 1881 327 1922 legisse,
342 1891 408 1912 non
425 1885 478 1918 te,·
514 1884 610 1915 etsie
627 1884 737 1914 codex
754 1884 980 1916 Academicus
997 1896 1043 1917 me
1069 1886 1102 1916 in
1127 1891 1240 1925 textu,
1257 1890 1286 1917 te
1312 1896 1373 1926 pro
1390 1886 1482 1916 varia
1499 1885 1648 1915 lectione

190 1924 417 1956 interlineas.
462 1925 616 1966 Repone‚
638 1927 691 1957 Ita
712 1936 794 1958 nunc
819 1927 997 1968 inparatum
1010 1928 1110 1959 subito
1126 1931 1214 1959 tantu
1240 1929 1273 1959 in
1298 1939 1344 1959 me
1369 1929 1532 1968 inpendent
1556 1927 1649 1958 muca.

190 1966 280 1998 Sane
296 1966 502 1998 commodius
518 1973 570 1999 est
582 1978 652 2005 nw;
675 1979 753 2000 cum
767 1979 846 2000 mox
867 1976 1033 2011 sequatur
1047 1971 1192 2010 devitem,
1209 1981 1275 2002 uon
1291 1972 1420 2002 devites.
1467 1971 1506 2000 In
1522 1979 1568 2000 me
1583 1970 1649 2000 huc

192 2009 367 2048 adscisco3
389 2019 466 2040 cum
482 2020 644 2051 nusquam
667 2012 750 2042 alibi
774 2012 1017 2053 ‘impendere’
1044 2015 1217 2054 reperias3
1240 2015 1303 2044 nisi
1322 2019 1381 2044 aut
1403 2013 1531 2044 Dativo
1550 2012 1649 2052 junc-

192 2056 278 2091 tum,
296 2056 354 2082 aut
369 2061 444 2082 cum
463 2054 705 2092 praepositione
721 2053 945 2087 Accusativo.
989 2056 1134 2087 Plautus
1157 2056 1302 2096 Epidico
1330 2065 1353 2087 1.
1376 2059 1406 2086 l.
1423 2058 1476 2086 77.
1499 2055 1508 2072 ‘
1527 2055 1649 2085 Tantae

191 2093 226 2125 in
241 2098 276 2126 te
289 2093 477 2134 inpendent
494 2095 622 2127 ruinae.'
647 2097 744 2127 Bent.
789 2097 841 2128 Ila
856 2098 956 2128 subito
971 2109 1050 2129 nunc
1066 2099 1145 2138 Bip.
1178 2099 1234 2129 Me
1250 2099 1424 2138 impendent
1442 2097 1575 2129 Ruhnk.
1608 2096 1650 2127 Te

192 2136 346 2168 defendit
361 2136 439 2176 Bip.
485 2137 525 2168 In
549 2148 597 2168 me
622 2138 718 2171 Perl.
763 2139 805 2169 Te
820 2140 992 2180 impediunt
1008 2140 1126 2172 Guelf.
1143 2143 1172 2172 1.
1218 2141 1404 2181 Impendant
1417 2142 1516 2172 2.—3
1541 2139 1583 2170 G.
1600 2139 1651 2169 ab·

191 2179 341 2210 seranum.
366 2179 426 2209 ΒΓ.
442 2189 496 2210 nec
510 2181 658 2220 quomodo
671 2191 712 2212 m.
727 2181 748 2212 i.
764 2181 1018 2214 abstraham.-4
1041 2183 1142 2223 Vulg.
1158 2187 1272 2222 potest,
1287 2188 1325 2214 ut
1341 2184 1394 2214 hic
1413 2183 1457 2213 sit
1474 2182 1651 2219 iambicus,

190 2222 294 2253 male.
318 2221 416 2252 Both.
439 2222 496 2262 qui
512 2224 586 2262 ipse
602 2222 661 2254 dat
674 2227 757 2264 pote.
803 2224 918 2255 Guelf.
934 2228 963 2256 3.
981 2226 1141 2265 collocat,
1158 2226 1278 2256 diutius
1296 2225 1363 2264 J'am
1387 2229 1495 2256 nostra
1520 2224 1650 2255 audacia

190 2264 361 2295 cetura—5
386 2263 483 2294 Idem
502 2274 552 2296 v-s.
567 2266 717 2296 occurrit
737 2265 830 2298 And.
845 2276 869 2298 1.
887 2270 918 2298 3.
934 2270 966 2298 3.
1012 2268 1136 2298 Parnm
1167 2273 1280 2298 autem
1305 2267 1424 2306 refert,
1441 2266 1650 2307 conjunctim

190 2307 336 2346 legatur,
358 2307 611 2346 pessumdabant‚
628 2317 669 2338 an
693 2318 812 2348 pessum
833 2309 962 2348 dabunt,
977 2310 1041 2340 nisi
1068 2310 1156 2350 quod
1177 2310 1346 2350 posterius
1362 2310 1467 2349 magis
1485 2309 1650 2340 comicum

191 2349 340 2380 videtur.
371 2348 471 2381 West.
518 2350 645 2380 Versus
661 2351 715 2381 hic
730 2351 893 2382 insititius
911 2358 978 2390 est,
1005 2361 1048 2383 ex
1074 2353 1182 2383 Andr.
1207 2362 1231 2384 1.
1247 2355 1279 2385 3.
1296 2355 1325 2384 3.
1350 2353 1484 2391 integer
1501 2352 1564 2382 huc
1583 2356 1650 2382 tra-

191 2391 328 2423 ductus.
371 2390 480 2432 Atqui
496 2391 542 2422 ibi
559 2393 728 2433 aptissime
746 2393 838 2425 veuit
853 2404 861 2432 3
886 2395 895 2411 ⁶
911 2394 996 2426 Quae
1019 2396 1146 2434 nuptiae
1167 2395 1195 2426 si
1211 2404 1276 2426 non
1293 2399 1370 2426 astu
1395 2394 1618 2434 providentur
1631 2393 1652 2433 ;’

192 2437 372 2472 caventur,
396 2433 568 2472 vitantur;
602 2435 654 2466 hic
670 2444 750 2466 vero
767 2437 846 2477 quid
861 2435 965 2467 facit?
1000 2437 1093 2468 Nihil
1122 2441 1186 2476 est,
1208 2447 1274 2478 quo
1297 2437 1490 2474 reseratum
1513 2440 1652 2467 senten-

192 2476 275 2508 tiam
290 2480 386 2508 certe
404 2476 609 2516 pessumdat.
660 2477 771 2509 Abest
785 2478 826 2509 ab
844 2488 909 2509 uno
927 2480 1109 2510 veterrimo
1125 2484 1262 2511 nostro:
1288 2480 1321 2510 in
1341 2489 1406 2510 uno
1425 2479 1530 2517 Regio
1547 2479 1651 2509 larem

190 2524 316 2554 mutat,
332 2522 368 2549 et
383 2523 463 2549 ante
488 2528 536 2550 vs.
554 2524 713 2560 quartum
730 2522 835 2552 venit.
859 2522 954 2552 Bent.
998 2522 1245 2555 Pessmndubunt
1266 2522 1324 2554 ΒΓ.
1371 2523 1429 2553 Vs.
1446 2521 1580 2552 omnino
1595 2522 1653 2552 ab·

192 2566 247 2593 est
263 2561 365 2591 Both.
382 2566 417 2591 et
434 2560 510 2601 Bip.
558 2562 760 2593 Parenthesi
776 2563 914 2594 inclusit
930 2563 970 2594 Z.
1016 2564 1094 2605 Rip.
1112 2565 1155 2595 ad
1182 2575 1228 2596 vs.
1248 2565 1387 2596 tertium
1409 2570 1519 2599 notat,
1541 2567 1550 2581 ‘
1564 2564 1652 2594 Ver-

193 2605 246 2634 sui
270 2603 349 2633 huic
375 2603 476 2643 vulgo
493 2603 676 2643 subjicitur
700 2606 795 2645 atius,
812 2615 910 2646 quem
928 2616 1003 2637 cum
1020 2616 1063 2637 ex
1080 2605 1188 2637 Andr.
1206 2616 1231 2638 1.
1247 2610 1277 2638 3.
1293 2610 1324 2638 3.
1347 2607 1493 2647 primum
1509 2606 1651 2646 margini

191 2646 392 2685 ascriptum,
416 2646 495 2676 dein
521 2647 633 2677 textui
659 2648 745 2677 male
774 2648 942 2687 ingestum
971 2648 1096 2680 viderit
1122 2649 1264 2690 quisque
1289 2650 1490 2688 sapientior,
1517 2649 1653 2679 tandem

192 2688 377 2718 omittimus
392 2698 400 2717 :
428 2688 507 2723 Quoe
518 2689 546 2718 si
562 2698 634 2728 non,
649 2689 778 2728 ὅκκ’-7
805 2690 890 2726 Quid
906 2690 985 2721 illud
1000 2692 1058 2722 Br.
1083 2690 1241 2723 Punctum
1257 2692 1299 2722 mi
1315 2692 1418 2723 Both.
1450 2693 1559 2722 Abest
1575 2692 1650 2721 muli

193 2729 310 2762 Guelf.
327 2733 354 2761 l.
401 2730 485 2766 Quid
500 2731 571 2762 illuc
587 2734 684 2763 2.—8
708 2732 758 2765 M.
776 2733 919 2768 Quicum
931 2734 1089 2766 audierit.-
1112 2737 1201 2775 quod.
1223 2735 1331 2766 West.
1375 2734 1410 2767 J.
1426 2735 1553 2766 omittit
1568 2736 1646 2774 quod
