1966 3302
339 244 424 286 980
836 257 876 285 P.
909 254 1150 285 TERENTH
1184 255 1302 287 Arm

339 352 435 394 AN.
470 351 603 393 Pater
623 351 754 394 adest
773 351 861 394 hic.
922 352 1014 394 GE.
1035 351 1167 406 Scio;
1190 353 1268 395 sed
1291 353 1399 408 quid
1421 356 1512 396 tum
1527 356 1546 395 ‘t
1589 351 1683 397 AN.
1702 354 1798 399 Ah!

295 430 303 439 ·
511 421 679 461 dictum
701 420 889 474 sapienti
911 424 979 461 sat
1000 424 1078 461 est.

339 487 427 530 GE.
459 488 618 529 Itane?
679 486 775 529 AN.
808 488 892 529 Ita.
954 487 1045 529 GE.
1077 488 1193 529 Sane
1211 488 1358 530 hercle
1391 489 1574 543 pulchre
1607 491 1795 534 suades:

508 555 641 596 etiam
662 560 713 596 tu
734 556 834 597 hinc
856 556 991 597 abis?

337 623 441 665 Non
463 623 698 677 triumpho,
718 637 777 665 ex
796 625 966 678 nuptiis
987 624 1076 665 tuis
1097 624 1135 665 si
1156 624 1262 666 nihil
1284 626 1521 668 nanciscor
1540 627 1646 668 mali
1666 641 1678 679 3
1739 627 1796 668 10

338 691 400 732 Ni
421 691 554 732 etiam
586 704 699 733 nunc
731 706 802 733 me
834 693 964 748 hujus
1000 705 1138 734 causa
1174 706 1367 747 quaerere
1400 694 1448 735 in
1482 695 1600 736 malo
1629 694 1796 750 jubeas

509 771 683 800 erucem
699 761 718 800 ’ἰ

336 826 432 868 ΑΝ.
463 825 630 868 Verum
651 827 723 868 hic
742 827 861 869 dicit.
923 828 1059 869 PHAE.
1081 827 1202 879 Quid
1217 829 1234 869 ’.Ρ
1268 842 1350 882 ego
1370 829 1514 879 vobiS‚
1536 828 1668 881 Geta,
1690 831 1796 872 alie-

507 908 591 936 nus
614 897 741 936 sum‘?
803 895 894 937 GE.
928 896 1069 937 Haud
1093 900 1214 949 puto.

336 962 426 1004 Sed
457 975 670 1016 parumne
707 967 791 1014 est,
829 963 949 1016 quod
982 964 1188 1004 omnibus
1234 976 1347 1005 nunc
1394 965 1521 1006 nobis
1558 968 1789 1006 succenset

508 1043 660 1081 senex,

334 1096 398 1138 Ni
419 1099 678 1152 instigemus
700 1099 849 1149 etiam,
871 1101 919 1138 ut
939 1098 1088 1139 nullus
1110 1098 1234 1140 locus
1257 1098 1531 1153 relinquatur
1551 1098 1706 1153 preci?

332 1167 468 1209 PHAE.
500 1166 630 1209 Alius
663 1169 719 1210 ab
742 1167 885 1208 oculis
906 1167 1016 1208 meis
1038 1167 1159 1208 illam
1182 1168 1227 1208 in
1248 1168 1441 1221 ignotum
1471 1167 1572 1209 hinc
1605 1166 1795 1208 abducet

505 1236 684 1277 locum?
716 1236 844 1276 hem!
1737 1235 1794 1276 15

331 1303 447 1344 Tum
483 1304 615 1358 igitur
651 1304 754 1344 dum
786 1303 907 1353 licet,
930 1301 1124 1357 dumque
1146 1302 1319 1353 adsum,
1349 1302 1581 1357 loquimini
1601 1316 1791 1355 mecum,

506 1371 735 1426 Antiph03
1417 1384 1421 1388 ⁴

331 1500 493 1542 accipiam,
508 1501 625 1532 indica.
670 1500 741 1532 AN.
768 1501 866 1532 Pater
872 1499 943 1540 jam
959 1501 1008 1532 hic
1022 1502 1120 1531 adest.
1157 1501 1226 1532 GE.
1251 1499 1336 1536 Scio,
1352 1500 1406 1531 sed
1420 1500 1494 1540 quid
1509 1498 1684 1537 hocjumt?
1720 1497 1791 1531 ΑΝ.

330 1545 397 1582 ΑΙι,
413 1555 453 1575 ex
467 1555 526 1574 uno
541 1544 632 1575 verbo
647 1545 697 1575 vir
719 1544 842 1584 sapiens
858 1544 957 1582 facile
982 1554 1048 1575 rem
1065 1547 1162 1575 totam.
1177 1544 1338 1582 intelligit.
1385 1543 1452 1574 GE.
1477 1542 1591 1573 Itane?
1635 1542 1704 1573 Α-Ν.
1729 1542 1793 1574 Ita.

331 1587 399 1618 GE.
427 1587 520 1618 Certe
533 1597 588 1627 per
603 1587 769 1618 Herculem
783 1588 908 1626 egregie
923 1597 1026 1618 mones
1036 1588 1167 1621 scilicet,
1182 1596 1283 1617 annon
1299 1586 1393 1617 etiam
1406 1589 1440 1616 tu
1456 1585 1528 1616 hinc
1543 1596 1562 1616 a
1573 1595 1620 1616 me
1632 1585 1794 1616 abscedes?

330 1640 370 1660 un
385 1630 537 1671 sufficiens
551 1630 628 1660 mihi
643 1631 775 1661 materia
790 1630 942 1670 triumphi
954 1640 1015 1660 non
1033 1634 1092 1667 est,
1107 1631 1186 1670 quod
1197 1633 1321 1670 propter
1335 1629 1565 1660 matrimonium
1580 1631 1666 1658 tuum
1678 1628 1795 1658 mellum

327 1673 432 1713 patior
447 1674 573 1712 mulum,
589 1672 652 1703 m'sz·
675 1673 769 1703 etiam
785 1683 876 1713 mmo,
890 1683 1013 1712 operam
1027 1674 1128 1703 dando
1149 1672 1319 1711 Phoedrioe,
1335 1672 1369 1702 in
1391 1681 1504 1710 magno
1519 1671 1656 1711 periculo
1676 1674 1794 1701 certam

330 1725 449 1746 crucem
461 1716 601 1747 invenire
611 1715 794 1753 mejubeas?
811 1715 881 1747 AN.
897 1716 1011 1747 Verum
1020 1717 1167 1756 est,quod
1179 1716 1225 1745 ait
1240 1716 1334 1746 Geta.
1357 1715 1430 1746 Pu.
1448 1714 1543 1752 Quid,
1556 1714 1794 1745 Geta?‹m‹1lie-

328 1768 401 1789 mmn
413 1768 465 1789 vos
475 1768 538 1790 esse
550 1769 597 1790 me
608 1759 759 1789 censetis?
778 1759 865 1789 etsie
877 1769 922 1790 me
934 1758 1120 1798 negligitis?
1157 1758 1224 1789 GE.
1243 1758 1314 1788 Non
1326 1757 1372 1789 sie
1385 1758 1503 1788 (estimo
1514 1768 1527 1794 ,·
1542 1758 1596 1788 sed
1610 1767 1651 1788 un
1673 1756 1796 1786 minimi

320 1801 504 1838 faciendum
513 1802 598 1832 istud
606 1805 662 1840 est,
671 1803 748 1841 quod
755 1803 786 1832 in
798 1812 853 1833 nos
864 1811 965 1832 omues
977 1802 1023 1832 ira
1034 1804 1200 1833 commotus
1210 1805 1267 1836 est,
1275 1804 1305 1832 et
1317 1801 1527 1832 stomachatus
1537 1809 1642 1837 senex,
1653 1799 1714 1830 nisi
1726 1808 1795 1829 eum

329 1845 432 1875 uerius
455 1845 658 1883 stimulemus,
683 1847 759 1875 adeo
782 1848 816 1874 ut
841 1846 927 1875 nullu
949 1854 1040 1884 prece
1066 1847 1173 1885 postea
1180 1844 1284 1885 flecti,
1298 1847 1329 1874 et
1344 1843 1469 1874 exorari
1480 1843 1576 1883 possit
1589 1846 1602 1873 ‚⁹
1646 1842 1717 1872 PH.
1740 1840 1793 1872 Au

328 1888 409 1918 alius
421 1897 439 1917 α
452 1891 614 1927 conspectu
625 1897 689 1918 meo
702 1887 788 1918 illam
799 1887 977 1928 exportabit
991 1888 1062 1918 hinc
1074 1888 1104 1918 in
1121 1891 1281 1922 remotam,
1294 1890 1322 1917 et
1339 1886 1538 1925 longinquum
1551 1888 1667 1916 terram
1677 1884 1692 1915 Ι
1708 1884 1795 1916 Dum

329 1931 428 1970 igitur
452 1931 530 1972 fieri
560 1933 675 1972 potest,
701 1931 831 1971 dumque
864 1931 998 1961 nondum
1029 1929 1169 1967 discessi,
1198 1929 1360 1969 loquimini
1389 1937 1506 1960 mecum
1539 1929 1686 1967 tanquam
1712 1936 1794 1957 nuuc

936 2024 1179 2037 ‘reema-m

328 2095 391 2123 -8
415 2091 526 2123 Abest
553 2092 603 2123 hic
627 2093 758 2123 a2.—9
782 2091 883 2123 Itane.
906 2091 970 2123 Ita.
1016 2091 1109 2122 Itane
1135 2100 1199 2121 non
1225 2093 1340 2130 potest
1366 2089 1488 2129 pedem
1507 2088 1563 2122 hie
1586 2093 1793 2121 sustentare.

329 2135 447 2166 Codex
479 2135 630 2175 Regius:
656 2135 748 2165 Itane
772 2134 872 2165 dicis?
907 2134 970 2166 Itu.
1018 2135 1131 2174 Lege:
1159 2134 1234 2164 Itan
1259 2133 1327 2164 ais?
1358 2133 1421 2164 Ita.
1457 2132 1646 2164 Bent.-—10
1670 2133 1724 2163 Al.
1752 2143 1792 2164 ex

328 2179 391 2209 tuis
413 2178 544 2218 nuptiis.
566 2177 669 2208 Both.
693 2187 733 2207 ex
755 2177 874 2217 nuptiis
900 2177 927 2207 si
949 2177 995 2208 nil
1011 2177 1084 2208 tuis.
1130 2175 1246 2207 Guelf.
1265 2178 1296 2208 3.
1319 2176 1348 2206 si
1362 2177 1399 2206 de
1422 2176 1635 2215 nuptiis—ll
1660 2175 1729 2207 Do.
1747 2176 1790 2206 ad

326 2222 462 2252 locum:
487 2222 496 2238 ⁴
514 2221 547 2251 iu
565 2221 651 2251 malo
681 2220 772 2250 aliud
798 2219 946 2251 malum?
994 2219 1149 2260 Legebat
1175 2224 1286 2258 certe,
1300 2228 1437 2258 quoercre
1450 2218 1484 2249 z'n
1507 2218 1586 2249 malo
1599 2217 1713 2256 jubeas
1729 2229 1794 2249 ma-

327 2264 400 2295 lum.
425 2264 527 2295 Bent.
575 2264 626 2294 Ne
642 2262 732 2302 hujus
755 2273 801 2294 me
816 2263 912 2293 etium
936 2272 1029 2293 causa
1056 2263 1157 2293 Both.
1203 2263 1249 2293 Ni
1278 2262 1373 2293 etiam
1389 2262 1468 2293 hunc
1482 2271 1529 2292 me
1555 2261 1645 2300 hujus
1660 2261 1719 2291 ΒΓ.
1735 2261 1792 2302 qui

328 2308 432 2338 etiam
449 2316 516 2337 non
534 2306 722 2345 interrogat
739 2310 814 2345 post
835 2315 962 2336 crucem.
1008 2305 1127 2337 Juheas
1150 2305 1263 2335 malum
1280 2305 1373 2335 Perl.
1422 2304 1468 2335 Tu
1484 2314 1545 2344 pro
1563 2304 1611 2334 Ni
1627 2302 1744 2335 Guelf.
1758 2307 1790 2334 3.

326 2353 410 2380 —12
434 2349 463 2380 A
480 2349 563 2380 vobis
579 2351 696 2380 2.-13
721 2348 783 2379 Scd
807 2358 918 2388 parum
940 2351 984 2379 est
1008 2349 1199 2380 notu-14
1223 2348 1325 2378 Bodl.
1354 2352 1388 2378 et
1415 2347 1489 2378 ΕΡ.
1522 2347 1571 2377 Ne
1592 2346 1790 2385 instigemus.

327 2392 381 2422 Ita
398 2398 432 2422 et
459 2392 542 2423 GM.
560 2392 706 2422 Biz—15
730 2390 772 2421 Τὸ
795 2392 866 2421 hinc
893 2401 958 2422 non
976 2396 1029 2422 est
1052 2392 1084 2421 in
1108 2392 1203 2421 Rem.
1233 2400 1295 2421 nec
1324 2390 1373 2421 Vi.
1391 2399 1458 2430 qua
1485 2389 1600 2421 demta
1625 2389 1790 2427 dictione,

328 2440 394 2465 stat
421 2435 627 2470 trochaicus,
644 2435 745 2465 aliter
770 2434 965 2474 impeditus
992 2435 1052 2466 Fa.
1100 2433 1212 2464 Abest
1234 2443 1253 2464 a
1270 2433 1402 2464 duobus
1423 2432 1560 2465 nostris.
1584 2432 1683 2463 Bent.
1723 2433 1788 2462 Bo-

328 2478 416 2508 thius
434 2478 530 2518 legit,
543 2478 635 2508 Alius
661 2477 737 2508 meis
752 2476 790 2507 ab
818 2477 915 2508 oculis
937 2477 1023 2507 illam
1051 2477 1121 2507 hinc
1146 2478 1288 2515 ignotum
1312 2485 1341 2506 a.
1357 2476 1376 2506 l.
1391 2475 1422 2507 h.
1469 2476 1478 2492 ‘
1507 2474 1576 2506 Alii
1598 2474 1686 2506 haud
1706 2474 1791 2505 bene

327 2521 491 2551 omittunt
512 2520 599 2551 hem!
624 2520 702 2559 Rip.
720 2529 795 2561 quae
823 2520 925 2550 etiam
952 2519 989 2549 τὸ
1016 2519 1088 2549 hinc
1121 2529 1187 2550 non
1216 2519 1330 2549 habet.
1375 2518 1405 2549 A
1426 2517 1543 2550 Guelf.
1569 2520 1600 2549 2.
1625 2517 1722 2548 abest
1744 2516 1790 2549 in.

326 2563 465 2594 Abducit
483 2563 542 2594 dat
559 2566 676 2594 1.-16
698 2562 837 2593 Servius
854 2562 893 2592 ad
909 2562 1003 2602 Virg.
1027 2562 1101 2592 AEu.
1120 2571 1174 2592 rx.
1188 2564 1263 2593 484.
1288 2562 1335 2591 ita
1351 2561 1434 2591 citat
1449 2561 1616 2600 integrum
1634 2568 1789 2591 versum:

329 2606 412 2639 Quin
429 2606 541 2643 igitur,
556 2607 627 2636 dum
644 2606 726 2645 licet,
752 2605 913 2645 loquimini
929 2615 1057 2644 mecum,
1072 2604 1219 2644 Antipho.
1243 2605 1315 2635 ΕΡ.
1340 2603 1428 2635 Dum
1454 2604 1556 2642 igitur
1575 2604 1656 2634 licet.
1679 2602 1789 2633 West.

329 2648 413 2678 Dum
430 2648 529 2687 igitur
552 2649 633 2679 diem
649 2648 731 2686 licet,
746 2649 875 2688 dumque
901 2649 1027 2678 adsum*
1066 2648 1164 2678 Hanc
1181 2647 1365 2678 lectionem
1391 2647 1422 2676 in
1438 2646 1531 2677 nullo
1547 2645 1685 2686 repperi
1703 2645 1789 2676 libro

329 2696 483 2730 scr-14³103
508 2700 622 2721 omnes
647 2691 736 2721 euim
763 2691 809 2721 ita
837 2691 975 2729 habent,
999 2691 1083 2720 Dum
1106 2690 1208 2729 igitur
1234 2690 1306 2720 licet
1332 2690 1464 2729 dumque
1488 2689 1608 2724 adsum,
1633 2688 1790 2727 exceptis

330 2733 509 2770 Berubhro,
527 2733 736 2768 victoriano,
755 2734 811 2774 qui
840 2734 899 2771 ita,
921 2733 997 2763 Tum
1026 2733 1127 2772 igitur
1150 2734 1221 2763 (lum
1239 2733 1322 2770 licet,
1337 2741 1438 2772 quam
1467 2740 1526 2761 nos
1543 2731 1737 2768 lectionem,
1752 2735 1790 2760 ut

329 2781 360 2805 ct
380 2775 661 2815 antiquissimam,
678 2781 711 2806 et
741 2777 852 2807 versui
870 2775 1093 2812 commodam,
1109 2776 1156 2806 ita
1181 2775 1379 2814 recipimus,
1395 2778 1432 2804 ut
1458 2779 1567 2804 tamen
1583 2774 1712 2812 dumque
1734 2775 1789 2803 ud-

327 2829 392 2848 sum
420 2818 566 2858 legamus
584 2827 623 2847 ex
646 2818 854 2857 victoriano,
880 2823 913 2849 et
939 2819 1078 2857 ceteris,
1101 2823 1227 2858 praeter
1250 2817 1464 2856 Bembinum,
1479 2816 1534 2857 qui
1551 2815 1705 2857 copulam
1723 2823 1789 2846 non
