1966 3302
345 247 430 289 644
844 259 885 289 P.
918 259 946 288 'r
956 258 1160 289 EREN'rn
1194 261 1309 291 Arm

344 353 430 395 Est
449 353 555 394 mihi
576 353 621 394 in
642 353 805 395 ultimis
825 354 1038 397 conclave
1057 356 1231 398 aedibus
1253 356 1490 411 quoddam,
1510 361 1626 399 retro
1642 355 1670 400 ε’

344 422 450 463 Huc
470 426 538 463 est
558 423 670 463 intro
691 422 809 462 latus
829 422 997 474 lectus;
1030 425 1297 466 vestimentis
1319 430 1482 466 stratus
1502 429 1583 466 est.
1742 426 1799 467 30

345 490 434 531 CH.
466 489 603 540 Quid,
634 493 870 543 postquam
900 489 987 532 hoc
1019 495 1087 533 est
1115 491 1315 533 sactum?
1377 492 1473 533 ΜΕ.
1505 492 1688 534 Dictum
1708 493 1800 535 fac-

515 562 619 608 tum,
639 558 726 599 huc
750 558 862 600 abiit
884 558 1092 613 Clitipho.

342 625 431 667 CH.
463 625 625 667 Solus?
687 625 784 666 ΜΕ.
816 625 965 668 Solus.
1026 626 1113 669 CH.
1134 627 1303 670 Timeo.
1365 628 1462 669 ΜΕ.
1485 628 1679 670 Bacchis
1696 641 1799 671 con-

515 698 676 735 secuta
696 692 750 735 'st
771 693 906 736 illico.

343 761 432 803 CH.
463 761 602 802 Sola'?
666 762 763 802 ΜΕ.
787 762 909 803 Sola.
968 762 1056 804 CH.
1078 762 1229 805 Perii!
1290 764 1386 805 ME.
1408 763 1498 805 Ubi
1515 764 1658 805 abiere
1674 764 1799 814 intro,

517 842 727 883 operuere
749 829 926 871 ostium.
987 829 1075 871 CH.
1108 830 1227 872 Hem
1245 831 1254 871 !

342 897 488 939 Clinia
504 898 601 939 haec
621 897 716 939 fieri
739 898 951 939 videbat?
996 898 1092 939 ME.
1125 897 1291 949 Quidni
1307 900 1326 939 ‘l
1349 911 1520 940 mecum
1539 912 1627 941 una
1648 899 1796 941 simul.

343 966 433 1007 Cu.
466 966 555 1008 Fili
572 969 636 1007 est
658 967 800 1007 amica
821 966 1028 1015 Bacchis,
1050 965 1324 1007 Menedeme.
1385 966 1544 1008 Occidi
1566 967 1575 1008 !
1740 967 1800 1009 35

342 1034 441 1075 ΜΕ.
474 1033 808 1085 Quamobrem?
873 1032 958 1074 CH.
992 1033 1164 1075 Decem
1195 1033 1359 1075 dierum
1389 1034 1469 1076 vix
1501 1035 1608 1075 mibi
1633 1039 1703 1076 est
1731 1035 1798 1076 fa-

513 1102 654 1142 milia.

342 1170 440 1212 ΜΕ.
487 1169 640 1220 Quid?
672 1170 784 1210 istuc
807 1169 949 1218 times,
973 1169 1093 1223 quod
1117 1169 1193 1210 ille
1216 1181 1392 1223 operam
1414 1169 1558 1210 amico
1581 1169 1657 1211 dat
1676 1184 1757 1212 suo
1776 1173 1795 1212 'l

342 1239 431 1281 CH.
462 1238 604 1279 Immo
644 1236 765 1292 quod
801 1236 972 1278 amicae.
1035 1237 1131 1278 ΜΕ.
1164 1237 1212 1278 Si
1244 1237 1336 1278 dat.
1397 1236 1486 1279 CH.
1519 1236 1591 1278 An
1619 1237 1795 1280 dubium

511 1304 556 1345 id
577 1305 657 1345 tibi
681 1305 782 1345 est?

342 1427 412 1458 CH.
440 1428 525 1464 Quid
542 1430 609 1459 est?
652 1428 727 1459 ΜΕ.
752 1427 902 1459 Ausculta
919 1437 998 1458 nuuc
1013 1426 1100 1458 mihi.
1149 1428 1209 1458 Est
1225 1428 1375 1468 quoddam
1393 1427 1564 1459 cubiculum
1587 1428 1738 1459 secretum
1762 1427 1796 1458 in

339 1469 486 1502 interiori
500 1474 591 1511 parte
617 1471 723 1501 domus
745 1480 842 1502 meoe:
863 1472 957 1501 lectus
978 1474 1123 1511 portatus
1149 1474 1194 1501 est
1210 1471 1293 1502 intro
1309 1471 1341 1501 iu
1357 1473 1442 1502 istud
1455 1471 1624 1503 cubiculum
1638 1482 1648 1502 .·
1667 1473 1798 1512 paratus

337 1517 383 1543 est
407 1517 436 1545 et
452 1517 579 1545 ornatus
594 1517 640 1544 est
663 1514 828 1553 stragulis.
877 1513 944 1544 CH·
972 1514 1140 1554 Postquam
1162 1514 1217 1544 Ιιοι·
1234 1514 1360 1552 factum
1388 1517 1445 1550 est,
1475 1514 1550 1554 quid
1576 1517 1769 1545 consecutum
1784 1516 1798 1543 ,⁹

340 1556 414 1587 ΜΕ.
439 1557 535 1587 Dicto
564 1557 669 1596 citius,
700 1557 838 1597 Clitipho
866 1556 899 1587 in
928 1557 1067 1588 conclave
1096 1566 1129 1588 se
1156 1556 1296 1596 conjecit.
1342 1557 1410 1588 CH.
1433 1557 1551 1588 Solus?
1595 1558 1668 1588 ΜΕ.
1693 1556 1795 1588 Solus.

340 1598 477 1630 Bacchis
501 1600 583 1631 illico
610 1602 714 1631 eodem
739 1599 818 1630 abiit
846 1602 914 1640 post
939 1599 1038 1630 illum.
1085 1599 1153 1630 Cn.
1178 1599 1277 1631 Sola?
1322 1600 1394 1632 ΜΕ.
1417 1600 1502 1632 Solu.
1549 1600 1618 1631 Cn.
1645 1599 1796 1630 Per-clitus

338 1651 417 1672 sum.
464 1643 537 1674 ΜΕ.
564 1643 734 1683 Postquam
760 1642 959 1681 introierunt,
984 1643 1157 1674 clauserunt
1169 1643 1313 1681 januam.
1359 1644 1425 1676 CH.
1463 1643 1569 1674 Hem!
1601 1643 1706 1674 Clinia
1730 1642 1797 1672 hoec

339 1685 540 1717 intuebatur?
586 1687 659 1717 ΜΕ.
688 1686 823 1717 Currum
839 1686 972 1716 intuitus
987 1683 1092 1717 esset?
1115 1696 1230 1717 mecum
1243 1687 1337 1718 simul
1351 1696 1413 1718 una
1437 1685 1624 1717 intuebatur.
1669 1685 1738 1717 CH.
1766 1686 1796 1715 0

342 1729 534 1767 Menecleme,
552 1729 686 1760 Bacchis
701 1733 745 1760 est
774 1729 874 1760 amica
889 1729 959 1769 filii
987 1729 1197 1769 Clitiphonis;
1216 1729 1309 1770 perii.
1357 1729 1429 1760 ΜΕ.
1455 1729 1680 1764 Quamobrem?
1724 1730 1795 1759 CH.

347 1771 409 1802 Vix
424 1772 518 1802 liabeo
534 1782 599 1803 rem
605 1772 800 1810 fimuiliarem
816 1773 857 1802 ad
872 1773 974 1803 decem
984 1772 1062 1802 dies.
1109 1772 1185 1803 ΜΕ.
1211 1772 1315 1807 Quid?
1336 1783 1377 1803 an
1393 1773 1483 1803 times
1495 1773 1590 1811 istud,
1602 1773 1682 1812 quod
1696 1771 1796 1802 inser-

339 1815 386 1844 vit
402 1815 515 1846 Clinia>
530 1814 655 1847 amico?
700 1815 769 1846 CH.
796 1815 879 1850 Quin
890 1814 995 1855 potius
1012 1816 1104 1846 timeo
1119 1816 1198 1855 quod
1212 1815 1319 1846 umicae
1341 1815 1482 1846 inservit.
1529 1815 1603 1846 ME.
1626 1814 1665 1845 Si
1688 1824 1795 1845 verum

339 1861 386 1888 est
405 1860 486 1898 quod
512 1859 619 1889 amicoe
632 1858 773 1890 inservit.
819 1858 888 1889 CH.
911 1857 966 1888 An
979 1859 1015 1888 de
1027 1857 1082 1888 hoc
1096 1857 1220 1889 dubitas
1230 1862 1243 1889 ‚⁹
1265 1858 1432 1899 aliquemne
1445 1862 1538 1899 putas
1553 1867 1616 1889 esse
1630 1858 1733 1889 ‹mimo
1748 1858 1795 1888 ita

949 1973 1186 1987 eeeeeeeeeeee

339 2051 409 2082 CH.
437 2052 523 2087 Quid
547 2050 620 2083 est?
666 2052 738 2083 ΜΕ.
762 2052 851 2083 Audi
875 2053 973 2084 modo.
1019 2053 1108 2085 Haec
1130 2053 1335 2084 Menedemo
1361 2053 1482 2084 tribuit
1507 2053 1597 2093 Guy.
1622 2056 1658 2083 et
1683 2052 1791 2093 legit:

337 2094 414 2125 ΜΕ.
445 2093 538 2126 Vah!
561 2095 716 2134 quidest?
739 2096 813 2126 audi
829 2097 925 2127 modo.
971 2096 1149 2136 Improbat
1165 2097 1363 2127 West.—29
1388 2097 1480 2137 Guy.
1496 2096 1540 2127 ob
1566 2105 1710 2133 versum,
1724 2105 1792 2126 con-

336 2137 445 2168 clavis.
492 2139 536 2168 Et
553 2148 629 2168 mox
646 2140 807 2178 quoedam:
831 2139 934 2179 idque
961 2139 1111 2179 pluribus
1139 2139 1242 2170 etiam
1268 2140 1391 2170 astruit
1418 2140 1537 2170 tamin
1552 2139 1694 2170 Scholiis
1709 2138 1793 2169 Mss.

338 2190 436 2220 quain
455 2181 567 2211 editis.
598 2181 698 2212 West.
745 2183 804 2212 Est
821 2182 898 2212 milii
912 2182 1031 2213 ultimis
1045 2183 1183 2213 conclave
1199 2183 1232 2214 in
1247 2183 1374 2214 cedibus.
1400 2183 1496 2214 Bem.
1521 2188 1557 2212 et
1580 2191 1696 2213 omnes
1720 2180 1793 2212 fere

338 2223 406 2261 alii,
420 2224 522 2254 etiam
540 2233 582 2254 ex
599 2224 759 2264 antiquiS‚
774 2225 821 2256 ita
834 2225 1015 2264 collocant,
1031 2226 1092 2256 Est
1106 2226 1181 2256 milii
1203 2226 1237 2256 in
1253 2225 1389 2258 ultimis.-
1413 2225 1577 2266 procedet
1593 2234 1720 2260 versus,
1739 2225 1794 2255 vel

338 2266 478 2297 vitando
495 2267 740 2307 synaloepham,
769 2268 821 2299 vel
846 2267 1071 2308 disjungendo
1098 2269 1343 2310 diphthongum
1369 2269 1400 2298 in
1418 2278 1500 2299 voce
1524 2267 1710 2299 ‘aedibus.’
1733 2267 1793 2297 Fa.

338 2308 447 2349 Atqui
476 2319 517 2340 ea
544 2310 647 2340 lectio
674 2311 744 2341 sola
771 2320 852 2342 vera
879 2316 944 2350 eat,
970 2312 1030 2342 Est
1056 2312 1133 2342 milii
1157 2312 1285 2342 ultimis.
1334 2311 1455 2352 Neque
1482 2311 1570 2341 enim
1598 2310 1793 2351 synaloepha

338 2352 462 2391 omitti,
478 2362 541 2383 nec
558 2352 697 2383 dissolvi
715 2353 944 2395 diphthongus
967 2355 1032 2386 iste
1049 2360 1175 2395 potest.
1200 2355 1296 2385 Bent.
1341 2355 1442 2385 Both.
1470 2353 1600 2385 Ultimis
1613 2357 1660 2384 est
1674 2353 1751 2383 mihi
1765 2363 1792 2383 c.

336 2395 370 2425 in
386 2396 513 2427 cedibus.
546 2396 585 2426 Z.
612 2397 671 2426 Est
693 2396 771 2427 mihi
794 2397 827 2427 in
850 2406 880 2427 u.
906 2407 932 2428 c.
954 2397 987 2428 in
1003 2398 1146 2428 (ἰώ-31
1175 2397 1260 2432 Quid
1271 2397 1398 2438 posthac
1413 2395 1530 2429 Guelf.
1547 2399 1577 2428 3.
1604 2395 1692 2427 Ibid.
1709 2399 1746 2426 et
1760 2397 1794 2426 2.

336 2438 427 2468 Dict.
449 2449 485 2470 uc
498 2439 635 2477 ficetum.
681 2439 735 2470 Ita
751 2446 787 2470 et
804 2440 922 2478 Calph.
940 2440 1000 2471 ΒΓ.
1017 2439 1089 2471 EA.
1105 2441 1265 2471 EP.—34
1288 2438 1402 2471 Guelf.
1419 2442 1451 2471 2.
1475 2440 1540 2470 hoc.
1564 2439 1646 2470 Mss.
1660 2443 1696 2469 et
1712 2437 1790 2469 edd.

337 2481 472 2520 quidam
489 2492 548 2512 unu
564 2485 776 2513 mecum—37
800 2483 904 2513 Both.
933 2484 996 2519 Qui
1013 2484 1091 2514 istuc
1114 2483 1216 2520 tima,
1240 2484 1319 2523 quod
1341 2492 1462 2522 operam
1481 2492 1511 2513 α.
1527 2483 1558 2514 d.
1574 2479 1652 2513 suo?
1679 2481 1792 2512 Etiam

338 2524 397 2555 ΒΓ.
416 2534 483 2555 non
509 2525 698 2565 interrogat
725 2531 801 2565 post
828 2525 1010 2561 Quid.—38
1036 2526 1133 2557 Immo
1149 2527 1265 2557 mnicoe.
1312 2526 1349 2557 L.
1367 2536 1394 2557 s.
1412 2525 1484 2556 fere
1503 2536 1534 2556 o.
1556 2525 1651 2556 Immo
1666 2524 1746 2565 quod
1761 2534 1791 2554 a.

336 2576 412 2607 quae
443 2567 612 2607 particula
639 2568 808 2608 explendo
834 2574 869 2600 et
887 2569 1035 2600 sermoni
1062 2575 1098 2599 et
1124 2569 1235 2600 versui
1261 2569 1453 2599 necessaria
1481 2573 1545 2599 est.
1573 2569 1629 2599 Fa.
1672 2568 1728 2598 sic
1755 2571 1790 2597 et

336 2610 441 2640 nostri
459 2620 584 2641 omnes.
609 2611 704 2642 Beut.
749 2611 857 2643 Abest
872 2613 950 2652 quod
967 2610 1081 2643 Guelf.
1098 2614 1128 2643 2.
1173 2611 1370 2653 Interrogat
1394 2612 1454 2642 ΒΥ.
1479 2615 1555 2652 post
1576 2612 1727 2641 dna—39
1750 2609 1790 2639 In

994 2709 1026 2741 N
1032 2709 1133 2741 OTAE

379 2786 420 2813 28
464 2783 547 2823 Vah]
584 2782 660 2813 Hac
691 2783 928 2823 interjectione
961 2784 1033 2814 Mo-
1092 2785 1211 2826 ignota
1228 2784 1411 2816 Chremeti.

335 2836 495 2865 nedeuius
523 2834 690 2874 significat
717 2836 822 2865 inulto
850 2836 946 2874 plura
962 2844 1035 2865 esse
