1966 3302
320 246 406 290 690
822 259 860 288 P.
895 258 1136 290 TERENTn
1170 261 1287 292 Amu

321 354 510 397 Factam
529 366 641 404 esse,
663 353 796 430 1113113
816 367 901 395 11011
920 353 1108 397 faciam:
1139 355 1266 397 crede
1287 355 1398 408 hoc;
1429 370 1511 410 ego
1531 370 1676 400 meum
1705 360 1779 415 jus

491 435 758 477 persequar3

322 488 482 542 Neque
502 494 550 530 tu
571 489 720 531 verbis
743 489 890 531 solves
910 502 1118 543 unquam,
1142 490 1259 544 quod
1279 491 1384 532 mihi
1406 505 1450 532 re
1471 492 1756 535 malefeceris.

321 556 443 598 Novi
474 571 553 610 ego
581 561 729 599 vestra
747 558 869 600 haec:
899 557 1067 599 nollem
1103 558 1300 611 factum3
1324 558 1631 613 jusjurandum
1654 561 1780 602 dabi-

491 629 576 675 tur,
598 628 641 667 te
663 638 764 666 esse
1724 629 1779 669 U

322 691 555 746 Indignum
583 693 745 747 injuria
772 693 880 744 hac3
910 692 1103 746 indignis
1131 706 1232 734 cum
1261 698 1430 747 egomet
1460 695 1544 736 sim
1566 701 1779 750 acceptus

492 760 653 801 modis.

323 827 423 869 AES.
454 826 545 868 Abi
566 840 659 881 prae
687 831 880 876 strenue,
912 840 966 869 ac
989 828 1107 881 aperi
1129 827 1264 870 fores.
1325 828 1443 870 SAN.
1475 830 1674 897 cffirqm
1697 833 1779 874 hoc

491 895 598 936 nihil
617 895 744 936 facis.
1546 893 1549 895 ’
1577 888 1609 896 '¹‘

322 963 420 1004 AES
455 962 477 1003 I
501 964 612 1003 intro
641 975 755 1004 nunc
783 962 894 1016 jam.
955 962 1075 1004 SAN.
1108 962 1170 1004 At
1200 964 1317 1005 enim
1348 977 1436 1006 non
1463 967 1616 1008 sinam.
1678 968 1781 1008 AEs.

491 1029 671 1072 Accede
691 1031 814 1080 illuc,
837 1031 1056 1073 Parmeno
1073 1045 1085 1084 3

319 1141 397 1172 mihi
412 1140 558 1179 injuriam
573 1141 728 1182 intulisse,
743 1145 773 1172 te
788 1141 934 1182 poenitere
940 1141 1038 1180 sacti,
1087 1141 1158 1172 Hoc
1172 1141 1248 1172 mihi
1269 1142 1465 1181 satisfactum
1481 1152 1541 1174 non
1563 1143 1645 1178 erit:
1666 1144 1778 1175 nihilo-

321 1185 424 1215 minus
448 1184 612 1223 actionem,
643 1195 710 1225 quae
739 1184 817 1215 mihi
845 1184 1002 1225 competit,
1030 1185 1212 1222 intendam
1238 1194 1334 1225 neque
1362 1189 1397 1216 tu
1426 1185 1502 1216 mihi
1524 1195 1657 1226 unquam
1678 1187 1780 1218 verbis

320 1227 504 1265 satisfacies,
529 1229 608 1268 quod
623 1227 713 1265 facto
733 1227 810 1258 mihi
834 1228 979 1258 damnum
995 1231 1026 1258 et
1047 1227 1195 1267 injuriam
1208 1228 1338 1265 feceris.
1383 1228 1469 1259 Mihi
1483 1231 1558 1260 nota
1571 1232 1645 1260 sunt
1672 1233 1777 1261 vestra

317 1270 510 1310 subterfugia
526 1274 556 1301 et
571 1270 706 1302 remedia
711 1270 809 1310 juris,
825 1270 973 1301 nimirum
998 1271 1084 1307 istm
1104 1271 1235 1310 poem‘tet
1255 1281 1302 1302 me
1319 1271 1448 1309 secisse,
1466 1270 1671 1312 Jurejuraudo
1690 1273 1775 1304 dices

319 1323 366 1344 me
387 1323 449 1344 non
466 1314 613 1345 meritum
637 1324 712 1352 esse,
727 1314 778 1345 cui
793 1313 858 1344 hoec
872 1313 990 1352 injuria
996 1313 1112 1355 fieret.-
1135 1313 1200 1344 haec
1221 1313 1298 1344 mihi
1312 1324 1372 1345 non
1385 1314 1462 1345 satis
1477 1317 1580 1353 erunt,
1594 1324 1663 1345 cnm
1683 1315 1777 1346 aliter

318 1359 473 1387 tractatus
477 1357 598 1395 fuerim
609 1367 644 1388 ac
655 1358 788 1388 meritus
803 1366 881 1388 sum.
928 1357 995 1387 AEs.
1019 1356 1084 1387 Abi
1098 1360 1182 1394 ante,
1199 1357 1364 1397 Parmeno,
1379 1356 1566 1398 confidenter
1576 1367 1590 1394 ,⁴
1611 1361 1641 1389 et
1644 1358 1776 1397 januam

319 1400 416 1439 aperi.
460 1400 519 1430 SA.
542 1400 640 1440 Atqui
667 1400 746 1431 nihil
775 1400 887 1440 <ffi0i⁸·›
925 1399 996 1430 AEs.
1023 1399 1082 1437 Tu,
1104 1400 1220 1439 puella,
1245 1400 1332 1430 intra
1354 1409 1434 1431 nunc
1447 1398 1519 1438 jam
1539 1400 1672 1431 domum.
1717 1401 1776 1432 SA.

319 1442 367 1473 At
380 1442 462 1474 em'm
478 1452 537 1474 non
547 1442 731 1483 permittam
745 1445 780 1474 ut
796 1443 903 1474 intret.
947 1441 1016 1473 AEs.
1043 1443 1161 1474 Accede
1175 1443 1245 1482 huc,
1270 1443 1434 1482 Parmeno,
1456 1442 1586 1474 nimium
1600 1443 1671 1475 hinc
1684 1453 1778 1475 seces-

926 1536 1166 1550 “suomet“

319 1605 398 1635 nolle
411 1604 455 1635 mz'
469 1604 547 1634 hanc
561 1603 790 1642 injuriam—9
813 1603 911 1634 Bodl.
936 1603 1026 1642 hujus
1040 1613 1096 1643 ego
1110 1613 1169 1634 non
1178 1602 1311 1642 faciam.
1357 1603 1456 1634 Crede
1478 1604 1554 1634 hoc.-
1576 1613 1625 1634 me
1633 1603 1690 1643 jus
1707 1614 1777 1645 per-

319 1657 440 1687 sequar.
488 1647 559 1678 EA.
577 1652 612 1677 et
628 1647 697 1677 ET.
713 1648 803 1678 crede
819 1647 942 1678 omisso
959 1647 1024 1679 hoc.
1048 1646 1157 1678 West.
1205 1645 1311 1684 Hujus
1325 1646 1485 1686 quisquam
1511 1646 1627 1678 Gnelf.
1645 1650 1674 1677 l.
1719 1647 1776 1678 Ab

319 1689 438 1721 eodem
456 1690 555 1721 abest
570 1699 637 1729 ego.
684 1689 789 1729 Hujus
803 1689 884 1720 m‘hil
897 1693 944 1721 est
965 1692 996 1721 3.
1042 1688 1151 1720 Abest
1166 1689 1221 1720 hoc
1236 1689 1268 1720 in
1285 1694 1448 1720 contextu
1462 1689 1579 1721 Guelf.
1595 1692 1627 1721 2.
1651 1689 1710 1720 sed
1723 1696 1777 1722 est

319 1743 393 1773 sup.
411 1733 530 1773 script.
533 1736 618 1763 ——10
644 1733 682 1763 In
698 1741 731 1763 re
748 1731 866 1765 Guelf.
885 1735 915 1764 1.
931 1736 964 1764 2.
994 1732 1029 1765 J.
1043 1731 1247 1771 malaseceris.
1275 1731 1375 1764 Both.
1398 1731 1541 1773 legitN.
1557 1735 1581 1763 t.
1597 1733 1694 1764 solves
1707 1743 1776 1764 ver-

319 1776 366 1807 bis
381 1786 516 1816 unquam
530 1786 565 1806 re
575 1775 652 1807 mihi
667 1777 747 1816 quod
761 1776 961 1813 malefeceris.
964 1778 1046 1807 ——11
1074 1775 1140 1806 Ms.
1167 1775 1258 1816 Lips.
1291 1775 1376 1806 Novi
1391 1784 1447 1814 ego
1462 1775 1527 1806 haec
1548 1778 1665 1807 vestra.
1702 1776 1777 1807 ΕΡ.

321 1820 405 1850 Rom
416 1829 472 1858 ego
482 1822 604 1850 vestra.-
628 1819 803 1850 hocnollem
811 1818 946 1856 factum
978 1819 1081 1850 Bent.
1094 1827 1210 1849 versus
1222 1819 1269 1850 sic
1281 1817 1457 1859 disponit·
1480 1820 1511 1849 te
1522 1827 1588 1849 esse
1601 1818 1654 1850 in.
1659 1818 1776 1858 ..Dig-

319 1872 391 1893 num
402 1862 520 1900 injuria
534 1864 586 1902 Esc.
632 1863 703 1893 Pro
718 1865 820 1893 vestra
833 1862 898 1892 hoec
913 1862 993 1892 Par.
1010 1862 1077 1893 Ms.
1070 1861 1162 1900 „iura
1176 1861 1257 1892 hoec:
1279 1870 1397 1900 prave,
1407 1860 1528 1900 judice
1543 1861 1638 1892 Perl.
1662 1860 1774 1892 Abest

320 1915 377 1943 ego
398 1904 516 1936 Guelfi
532 1908 650 1937 2.-12
674 1905 775 1936 Both.
795 1905 936 1944 indignis
952 1914 1013 1945 pro
1030 1905 1119 1945 vulg.
1143 1903 1261 1941 injuria
1283 1903 1350 1935 hae.
1393 1902 1510 1944 Atque
1531 1903 1581 1934 illi
1598 1904 1776 1943 assentior,

319 1949 494 1987 vulgaiem
517 1948 656 1979 lection.
680 1958 741 1988 pro
769 1949 880 1987 glossa
902 1947 1097 1978 habendum
1122 1956 1193 1976 esse
1215 1946 1388 1987 judicanti
1415 1946 1507 1977 vocis
1531 1946 1731 1986 ‘indignis’
1753 1957 1773 1978 a

319 1991 418 2021 simili
433 1997 597 2031 sequente
613 1992 683 2021 sine
701 1990 804 2021 dubio
829 1991 1001 2030 absorptae
1022 2003 1028 2020 :
1052 1989 1242 2030 praesertim
1264 1999 1340 2020 cum
1365 1990 1432 2020 Do.
1458 1989 1587 2020 comice
1611 1989 1774 2029 scriptum

318 2034 493 2072 moneat‚‘
507 2034 678 2074 indignum
704 2033 874 2073 indignis!
899 2033 987 2064 Perl.
991 2035 1074 2063 -13
1099 2032 1248 2063 Dubitat
1272 2033 1442 2070 Donatus,
1460 2032 1551 2063 itane
1578 2032 1773 2071 legendum,

318 2087 372 2115 an,
389 2076 451 2107 Abi
467 2080 667 2117 pvmoestrenue
714 2075 867 2107 Exhibeo
890 2081 1004 2107 autem
1021 2075 1376 2125 praestantissimorum
1393 2055 1556 2106 lib’rorum
1579 2075 1773 2107 lectionem.

320 2119 450 2151 Nonius
462 2120 648 2151 Marcellus
652 2123 859 2160 ‚perstrenue.
879 2119 987 2150 West.
1034 2119 1124 2159 Lege
1141 2128 1183 2149 ex
1198 2118 1323 2149 nostris
1337 2117 1550 2173 aliquot,Abi
1563 2121 1773 2158 praestrenue,

319 2168 357 2193 ut
385 2162 437 2192 ‘I
468 2173 562 2202 prae:
553 2166 573 2180 ·'
594 2172 698 2202 saepe.
745 2163 791 2194 Et
815 2163 864 2193 sic
890 2163 978 2202 apud
1003 2162 1152 2193 Nonium
1181 2166 1245 2199 est,
1274 2171 1305 2192 v.
1321 2159 1529 2202 ‘apex-tum?
1573 2161 1774 2202 Quanquam

320 2211 434 2236 autem
452 2211 487 2236 et
510 2205 573 2236 iste
597 2205 698 2236 etiam
714 2204 804 2242 sores
823 2205 960 2243 habeat,
977 2204 1158 2254 legendum
1176 2203 1301 2242 forem:
1325 2203 1368 2234 de
1383 2213 1450 2245 qua
1466 2212 1551 2234 voce
1573 2203 1644 2244 jam
1669 2213 1774 2245 supra

319 2248 447 2288 egimus
459 2248 561 2289 (Eun.
580 2257 618 2279 11.
633 2247 755 2288 251.)
778 2248 875 2279 Bent.
920 2228 990 2279 Alii
1005 2247 1254 2287 malejungunt
1268 2250 1470 2287 proestrenue.
1494 2246 1572 2287 Bip.
1620 2246 1775 2278 Distine-

320 2292 379 2322 tim
408 2290 588 2330 legendum
604 2291 666 2322 Abi
683 2300 750 2331 prce
769 2293 903 2329 strenue,
922 2296 958 2321 ut
978 2290 1012 2321 in
1033 2289 1123 2321 And.
1152 2291 1162 2307 ‘
1181 2290 1198 2320 1
1215 2299 1286 2331 prae
1304 2298 1438 2330 sequar.
1441 2288 1450 2302 ⁹
1472 2289 1512 2320 R.
1527 2289 1572 2321 D.
1618 2290 1773 2320 Proestre-

320 2333 519 2364 nuellabent
536 2333 652 2365 Guelf
669 2337 696 2364 l.
715 2334 801 2373 Eug.
819 2333 858 2364 Z.
878 2338 913 2364 et
930 2333 1032 2365 Both.
1048 2342 1105 2374 qul
1121 2332 1222 2363 etiam
1238 2332 1361 2371 forem
1355 2342 1450 2374 apen
1463 2331 1532 2363 dat
1577 2332 1675 2364 Fores
1687 2333 1775 2372 aperi

320 2377 381 2407 ΒΓ
399 2377 435 2407 Ζ.
452 2376 531 2416 ssip.
549 2377 637 2417 Delp
640 2377 673 2407 h.
686 2343 791 2407 Perl.g
784 2379 867 2408 -14
891 2376 976 2407 Mss.
994 2375 1142 2417 quidam,
1159 2375 1277 2406 liuta-0
1295 2375 1365 2413 jam
1378 2385 1459 2406 nunc
1484 2377 1529 2405 tu.
1573 2375 1630 2406 Ita
1644 2380 1681 2406 et
1696 2374 1770 2406 EA.

321 2418 392 2450 EP.
410 2419 479 2450 ET.
495 2419 581 2450 aliae.
624 2420 694 2451 Do.
709 2428 775 2450 nou
794 2419 929 2450 videtur
945 2420 1066 2457 legisse
1081 2418 1139 2449 At.
1163 2418 1274 2449 West.
1318 2418 1377 2449 Br.
1392 2416 1613 2467 Iiintrojaqn
1626 2427 1708 2449 mmo
1728 2421 1775 2449 tu.

319 2463 328 2479 ⁶
355 2461 409 2493 Al.
428 2462 590 2492 omittunt
605 2465 653 2501 tu,
669 2462 758 2503 quod
783 2462 884 2493 estin
901 2463 966 2493 Ms.
981 2463 1066 2502 Reg.
1084 2471 1139 2501 ap.
1157 2461 1255 2492 Lind.
1278 2464 1314 2491 et
1340 2460 1464 2492 rationi
1489 2460 1643 2492 metricae
1658 2470 1774 2491 versus

320 2505 505 2537 convenit!
527 2505 601 2545 Rip.
644 2486 695 2536 ’Τιι
724 2505 824 2536 habet
851 2505 952 2536 Both.
997 2505 1074 2536 Jam
1098 2507 1133 2535 tu
1156 2513 1238 2535 nunc
1263 2502 1380 2535 Guelf.
1406 2506 1438 2535 2.
1460 2502 1534 2534 Huc
1559 2513 1620 2544 pro
1641 2503 1715 2535 inne
1741 2506 1773 2534 3.

974 2590 1112 2624 NOTAE

321 2667 380 2689 ero
406 2655 536 2688 solenni
563 2654 739 2685 verborum
770 2655 1019 2692 satisfactione,
1073 2654 1218 2687 floccum
1234 2664 1335 2686 manu
1358 2652 1553 2693 ostendens,
1569 2653 1618 2684 ait
1631 2662 1667 2684 se
1685 2654 1773 2685 tanti

320 2707 463 2745 scilicet,
497 2705 654 2745 Agnosco
680 2705 818 2745 indigno
848 2716 900 2737 me
930 2707 1020 2738 intu-
1073 2715 1139 2737 non
1166 2705 1336 2737 facturum
1363 2703 1628 2735 satisfactionem
1646 2702 1774 2735 AEschi-

321 2757 398 2787 usse
415 2755 591 2796 iujuriam:
616 2754 738 2784 nollem
756 2754 897 2787 factum.
1073 2756 1138 2794 nis,
1155 2756 1272 2797 quanti
1290 2756 1394 2796 pilum
1411 2759 1470 2785 ant
1484 2752 1641 2786 floccum.

364 2810 383 2837 9
419 2806 526 2843 Hujus
556 2815 615 2835 non
645 2803 780 2844 faciam]
818 2805 928 2835 Pilum
962 2811 1018 2837 aut
