1966 3302
295 219 379 259 712
790 232 829 262 P.
862 232 1103 263 TERENTM
1138 233 1253 264 Arm

298 323 357 364 Ut
378 325 554 366 cerebro
577 324 808 386 dispergat
830 327 961 368 viam.
1175 361 1177 364 .

294 392 578 433 Adolescenti
609 392 697 445 ipsi
737 394 948 446 eriperem
985 395 1170 446 oculos3
1203 399 1304 448 post
1337 395 1432 437 haec
1467 397 1737 457 pQQessipitem

465 460 636 510 darem3
1683 466 1738 506 20

297 525 479 567 Ceteros
500 540 679 576 ruerem,
710 540 898 580 agerem,
933 542 1145 583 raperem,
1172 530 1410 581 tunderem,
1433 536 1475 574 et
1496 536 1738 586 prosterne-

327 609 329 611 ·
463 607 565 635 rem.

294 660 378 700 Sed
402 674 527 702 cesso
551 661 696 702 heram
716 662 798 702 hoc
819 664 936 703 malo
968 663 1175 717 impertiri
1204 677 1387 718 propere
1402 667 1422 706 ’.Ρ
1481 666 1559 708 So.
1593 666 1739 708 Revo-

461 742 628 770 cemus.
688 729 828 771 Geta!

292 794 379 836 GE.
413 795 554 837 Hem!
587 797 793 851 quisquis
812 811 883 851 es;
912 800 1005 840 sine
1027 813 1110 842 me.
1171 800 1248 840 So.
1281 800 1375 853 Ego
1397 813 1493 842 sum
1522 802 1739 845 Sostrata.

461 863 549 904 GE.
583 865 674 905 Ubi
692 879 748 906 ea
768 867 866 907 est?
899 872 942 907 te
963 868 1103 920 ipsam
1127 868 1338 925 quaerit&

290 931 355 972 Te
378 936 596 984 expecto:
629 933 796 986 oppido
817 939 1063 987 opportune
1086 939 1130 976 te
1151 935 1348 976 obtulisti
1368 935 1473 976 mihi
1496 937 1688 987 obviam,

292 998 427 1039 Hera.
500 999 575 1039 So.
610 998 728 1049 Quid
765 1001 863 1042 est?
908 1002 1013 1055 quid
1047 1003 1276 1056 trepidas?
1353 998 1444 1046 GE.
1479 1004 1567 1045 Hei
1603 1005 1735 1046 mihi!

462 1066 539 1107 So.
574 1066 696 1117 Quid
716 1068 916 1118 festinaS,
938 1070 997 1109 mi
1020 1069 1140 1110 Geta
1156 1071 1173 1109 ‘l
1681 1074 1738 1113 25

291 1191 412 1222 rebrum
437 1200 494 1230 per
521 1192 659 1222 ‹lin-ersus
694 1196 800 1231 partes
834 1194 896 1224 vice
919 1198 1086 1235 spargatur
1104 1207 1113 1225 .·
1149 1196 1333 1226 adolescenti
1368 1197 1428 1235 ipsi
1461 1206 1598 1228 eruerem
1626 1198 1738 1237 oculos,

287 1238 391 1274 postea
410 1234 637 1274 proecz'piturem
660 1244 699 1265 ex
712 1236 795 1266 ulto:
825 1236 960 1277 reliquos
975 1248 1014 1268 ex
1041 1238 1096 1269 illa
1126 1240 1212 1268 domo
1233 1239 1426 1278 projicerem,
1455 1239 1651 1278 impellerem,
1672 1242 1736 1271 dis-

290 1278 455 1314 trahet-em,
476 1280 677 1314 concuterent,
706 1282 734 1309 et
766 1279 800 1309 in
828 1283 943 1310 terrum
968 1280 1158 1322 affligerem;
1181 1281 1233 1311 sed
1253 1281 1405 1322 differoue
1429 1282 1513 1313 herae
1539 1283 1594 1312 lroc
1623 1284 1737 1314 malum

289 1319 349 1350 cito
376 1320 618 1350 commmzicme?
662 1321 722 1351 So.
748 1321 934 1353 Revocemus
953 1333 1020 1354 eum
1044 1327 1227 1354 currentem.
1255 1324 1349 1354 Geta.
1394 1324 1459 1355 GE.
1484 1324 1580 1361 Hem,
1603 1326 1738 1366 quicum-

293 1372 349 1402 que
370 1363 423 1401 sis,
437 1362 501 1392 sine
515 1373 562 1393 me
575 1362 744 1402 festinare,
760 1374 798 1395 ne
812 1375 858 1395 me
880 1365 989 1396 retine.
1034 1366 1092 1397 So.
1118 1367 1187 1405 Ego
1210 1376 1276 1397 sum
1303 1368 1376 1397 luera
1396 1371 1449 1397 tua
1467 1367 1622 1400 Sostrata.
1667 1368 1737 1400 GE.

301 1405 434 1435 Ubinam
461 1405 552 1437 stas?
586 1409 616 1435 te
643 1406 741 1445 ipsam
771 1406 880 1447 ubique
916 1411 1001 1448 peto,
1032 1412 1062 1439 te
1090 1412 1238 1448 expecto.-
1270 1410 1356 1440 valde
1387 1410 1562 1450 tempestive
1596 1414 1626 1442 te
1660 1411 1737 1441 mihi

291 1449 408 1478 obt-ium
437 1448 550 1478 dedisti
574 1448 659 1479 hera.
704 1449 763 1480 So.
791 1450 946 1486 Quidnam
963 1451 1022 1482 tibi
1038 1455 1103 1482 est?
1124 1453 1197 1491 quid
1212 1452 1350 1491 trepidus
1364 1456 1416 1482 es?
1462 1453 1528 1484 GE,
1553 1453 1618 1484 Hei
1634 1453 1738 1486 mihi!

896 1546 1130 1558 ccccccccccc

291 1622 494 1651 (Jorrectore
512 1630 547 1650 se
564 1624 679 1651 natum
698 1620 827 1661 prodit3
853 1623 909 1663 qui
932 1632 1007 1653 cum
1025 1623 1057 1653 id
1074 1623 1106 1653 iu
1123 1628 1265 1663 recepta
1287 1624 1446 1661 lectione,
1463 1623 1604 1654 Primum
1623 1627 1740 1656 statue-

288 1674 353 1694 rem
368 1664 468 1703 cupite
491 1664 524 1693 in
541 1668 668 1702 terrum,
685 1664 837 1705 ineptum
854 1674 927 1696 esse
942 1666 1096 1704 vidisset,
1111 1676 1187 1697 cum
1212 1671 1287 1705 post
1302 1666 1381 1697 illud
1398 1666 1531 1706 primum
1544 1667 1626 1697 nihil
1642 1667 1737 1698 deiu-

290 1716 369 1746 ccps
386 1712 560 1747 sequatur,
578 1707 660 1737 illud
673 1707 810 1747 primum
826 1709 866 1738 ad
885 1709 976 1748 prius
995 1709 1148 1739 versiculi
1165 1710 1261 1740 colon
1278 1710 1433 1740 retraxit.
1479 1709 1596 1749 Atqui,
1612 1720 1631 1740 ο
1647 1711 1736 1750 quis-

291 1750 365 1788 quis
388 1759 474 1787 eras,
490 1749 554 1780 alia
579 1749 630 1780 via
650 1750 913 1781 succurrendum
939 1755 1010 1782 erat
1031 1752 1109 1782 huic
1134 1750 1347 1782 difficultati:
1371 1752 1419 1782 sic
1435 1751 1521 1782 enim
1541 1752 1735 1793 legendum,

290 1792 459 1823 Sublimem
480 1791 611 1822 medium
624 1793 804 1832 arriperem,
819 1797 848 1824 et
864 1795 962 1835 capite
974 1804 1105 1833 pronum
1119 1795 1151 1825 in
1168 1798 1283 1825 terram
1305 1798 1476 1826 statuerem.
1499 1794 1599 1825 Bent.
1625 1796 1737 1835 Capite

287 1844 416 1875 pronum
432 1835 532 1865 Both.
550 1835 627 1874 Bip.
648 1836 737 1866 Perl.
753 1836 920 1867 Sublimem
934 1847 989 1876 per
1004 1838 1136 1868 medium
1154 1837 1213 1867 ΒΓ.
1230 1837 1397 1867 Sublimem
1414 1838 1543 1868 medium
1557 1837 1691 1877 primum
1703 1848 1734 1870 α.

289 1881 317 1908 et
334 1888 361 1908 c.
378 1878 401 1907 ι’.
417 1881 441 1907 t.
467 1877 505 1908 Z.
522 1877 648 1916 Delpli.
680 1880 688 1894 ‘
704 1878 778 1908 Pal.
792 1889 921 1919 pronum
945 1879 1095 1911 restituit
1118 1880 1256 1919 primus,
1274 1880 1361 1920 quod
1381 1889 1459 1909 vero
1478 1880 1675 1911 vocabulum
1692 1881 1736 1911 ob

291 1926 421 1951 tantam
439 1920 691 1950 similitudinem
720 1921 899 1960 scripturae
925 1921 1023 1953 facile
1047 1922 1328 1962 corrumpebatur
1351 1923 1383 1953 in
1398 1922 1542 1962 primum.
1589 1922 1628 1952 In
1652 1923 1737 1954 GM.

290 1963 424 2003 quidem
451 1963 568 2003 script.
596 1962 730 1994 invenio
753 1968 839 2004 pmii,
861 1969 897 1995 ut
923 1966 979 1995 vix
1001 1969 1148 2003 constet,
1168 1970 1277 1996 utrum
1307 1966 1436 1996 illorum
1452 1965 1562 1995 verius
1586 1965 1736 2005 legatur.

290 2006 358 2037 Sed
381 2006 514 2045 primum
537 2015 580 2036 ex
596 2015 695 2037 versu
718 2009 768 2037 16.
785 2007 849 2038 huc
872 2008 1034 2048 migrasse
1056 2007 1236 2038 verisimile
1258 2008 1332 2038 est.'
1354 2008 1442 2039 Perl.
1475 2007 1658 2038 Verissime
1673 2008 1737 2039 viri

290 2049 474 2080 doctissimi
491 2049 728 2087 emendarunt,
742 2058 808 2090 cap.
823 2060 963 2090 pronum.
986 2051 1026 2081 R.
1045 2051 1177 2082 D.—19
1200 2050 1255 2081 lta
1278 2050 1357 2081 edd.
1376 2056 1517 2081 veteres.
1552 2051 1672 2091 Neque
1686 2050 1736 2082 in-

291 2092 403 2122 solens
419 2096 470 2121 est
487 2091 640 2131 enallage
657 2094 840 2132 temporis;
867 2103 964 2134 quam
990 2103 1054 2124 non
1082 2093 1303 2124 admittentes
1327 2093 1393 2132 alii,
1416 2093 1606 2132 dispergeret
1621 2093 1736 2124 edide-

291 2140 380 2165 runt.
410 2135 509 2165 West.
549 2134 720 2174 Disperge&
737 2136 788 2165 via
811 2136 869 2167 ΒΓ.
909 2136 1040 2166 Cerebro
1055 2136 1137 2166 vium
1149 2138 1184 2166 ut
1195 2136 1384 2175 dispergeret
1396 2136 1494 2167 Botll.
1528 2138 1536 2152 ‘
1553 2135 1736 2176 Dispergat.

290 2177 381 2208 Cave
398 2187 469 2208 cum
488 2177 561 2207 aliis
576 2186 771 2217 corrumpas
786 2178 817 2208 in
829 2179 1031 2218 dispergeret.
1079 2179 1196 2210 Habet
1208 2179 1294 2209 enim
1313 2179 1405 2218 prius
1421 2177 1671 2219 imperfectum,
1686 2179 1736 2210 uti

291 2224 406 2250 cetera
423 2220 545 2258 omnia,
569 2220 633 2249 vim
659 2220 777 2259 futuri,
800 2231 817 2251 e
841 2232 906 2262 quo
933 2227 1158 2260 consequatur
1183 2221 1353 2261 praesens!
1375 2221 1540 2261 Rip.-2o
1563 2221 1678 2252 Guelf.
1704 2224 1736 2252 l.

288 2266 357 2302 post
381 2263 529 2293 hoca—21
558 2262 738 2294 Fundet-em.
766 2264 854 2304 Guy.
882 2265 1015 2303 reponit
1033 2264 1209 2304 finaderem,
1234 2265 1328 2304 quasi
1355 2264 1460 2303 magis
1487 2264 1649 2294 militare:
1675 2263 1735 2295 sed

289 2306 384 2336 nulla
399 2305 498 2336 codd.
516 2306 720 2336 auctoritate
735 2306 865 2337 nititur.
895 2307 992 2338 West.
1025 2308 1206 2343 Tuuderem,
1217 2307 1305 2347 quod
1319 2316 1431 2337 omnes
1447 2306 1581 2337 codices
1597 2306 1736 2346 habent,

290 2348 427 2379 minime
448 2348 500 2377 hic
518 2350 688 2378 convenit.
734 2349 809 2379 Etsi
837 2349 886 2380 ita
909 2349 1038 2381 Nonius
1061 2350 1142 2380 citet
1160 2360 1190 2380 v.
1219 2352 1228 2366 ⁶
1247 2359 1344 2379 ruere
1358 2348 1379 2380 ι’
1396 2354 1431 2379 et
1455 2349 1502 2379 ita
1520 2354 1671 2379 vetustus
1686 2349 1735 2380 ibi

290 2391 412 2422 codex.
452 2391 600 2421 Omnino
618 2400 731 2421 verum
749 2396 813 2430 est,
830 2392 917 2432 qumi
935 2398 971 2423 et
988 2392 1079 2432 Guy.
1096 2392 1376 2431 vidit,sumIerem.
1421 2391 1477 2422 Sic
1490 2393 1499 2408 ⁴
1513 2391 1578 2422 fusi
1595 2391 1734 2430 hostes:

291 2434 411 2474 passim
427 2443 435 2462 :
461 2433 571 2463 onmia
587 2433 657 2464 hirc
676 2433 779 2465 verba
796 2445 814 2464 a
830 2435 964 2466 militari
981 2445 1092 2474 pugna
1115 2437 1276 2465 translata
1292 2440 1379 2465 sunt.
1403 2434 1499 2465 Bent.
1536 2433 1577 2464 Τὸ
1591 2437 1621 2464 et
1637 2435 1735 2466 omit-

292 2477 334 2507 tit
362 2475 461 2506 Both.
501 2476 670 2506 Tumlerem
698 2476 820 2515 probat
840 2477 918 2517 Bip.
946 2480 1047 2517 Atque
1073 2487 1133 2517 pro
1157 2481 1185 2508 et
1204 2476 1319 2508 Guelf.
1337 2479 1454 2508 3.-—22
1478 2476 1571 2507 Libri
1596 2477 1734 2516 quidam

291 2520 375 2550 Mss.
402 2522 437 2548 et
462 2517 568 2548 editi:
598 2518 791 2550 Revocemus.
822 2521 918 2559 Geta,
945 2521 1040 2558 Geta,
1064 2519 1156 2550 hem!
1180 2521 1289 2550 West.
1322 2520 1517 2550 Revocemus,
1545 2520 1628 2550 Geta
1655 2519 1734 2551 hem.

292 2562 349 2592 ΒΓ.
390 2561 574 2591 Revocemus
601 2560 726 2600 Getam,
741 2572 757 2591 ο
777 2562 871 2600 Geta,
900 2563 981 2594 Geta
1006 2562 1121 2595 Guelf.
1140 2566 1169 2593 1.
1202 2563 1230 2592 O
1250 2562 1344 2601 Geta,
1361 2562 1443 2592 Geta
1470 2564 1588 2593 3.—23
1616 2561 1678 2592 Ubi
1696 2571 1733 2592 ea

290 2601 361 2634 est?
399 2603 538 2642 Corrigc
569 2603 702 2633 Ubinam
720 2607 771 2634 es?
795 2611 830 2635 ut
857 2606 936 2636 alibi
961 2607 970 2622 ‘
988 2605 1122 2636 ubinam
1151 2605 1234 2635 est?
1262 2606 1353 2637 Beni.
1376 2604 1431 2635 Ita
1455 2610 1491 2635 et
1518 2604 1623 2635 Both.
1642 2605 1652 2621 ⁴
1673 2604 1735 2635 Ubi

290 2650 339 2676 es?
376 2646 477 2684 Vulg.
509 2645 569 2676 Ubi
593 2655 627 2675 ea
652 2649 721 2676 est?
756 2647 857 2678 Bent.
887 2647 970 2679 facit
1004 2648 1138 2679 Ubinam
1167 2652 1219 2678 es?
1251 2647 1318 2678 Sed
1347 2648 1465 2677 omitte
1493 2656 1587 2683 nanu
1621 2650 1655 2676 et
1684 2646 1734 2678 sic

292 2689 423 2719 demum
454 2687 620 2728 procedet
645 2688 785 2720 versus.²
809 2691 883 2730 Bip.
919 2692 962 2721 Et
987 2696 1062 2730 post
1089 2691 1218 2731 quaerito
1248 2689 1363 2721 Guelf.
1388 2691 1505 2720 2.-24
1532 2689 1572 2719 Te
1596 2691 1731 2728 expecto.

292 2732 347 2761 Sic
364 2731 498 2761 codices
513 2730 568 2760 alii
584 2742 591 2759 ·.
615 2730 673 2760 sed
692 2731 779 2771 lege,
795 2736 915 2772 expeto,
931 2738 967 2763 ut
989 2734 1096 2764 codex
1115 2733 1351 2763 Academicus.
1375 2732 1472 2762 Beni.
1510 2731 1564 2762 Ita
1579 2737 1613 2762 et
1630 2730 1732 2762 Both.

295 2774 338 2808 Te
363 2777 489 2814 expecto
515 2773 641 2814 oppido:
664 2778 808 2814 oportune
832 2776 975 2807 Br.—-25
1003 2777 1087 2812 Quid
1104 2775 1254 2814 festinas,
1269 2776 1312 2807 mi
1339 2775 1440 2806 Geta?
1463 2774 1594 2805 Laudat
1619 2772 1732 2815 Aspe-
