1966 3302
237 248 277 276 P.
308 243 550 275 TERENTU
584 241 702 273 AFRI
738 241 785 271 IN
825 238 1179 270 HEAU'roN'mM.
1214 236 1491 268 PROLOGUS.
1553 225 1640 265 543

224 339 467 381 Clitiphonem,
484 336 593 378 quiet
615 336 690 377 ipse
716 334 852 366 amabat
869 337 1019 365 scortum
1037 331 1259 363 Bacchidem.
1303 330 1417 361 Mittit
1440 329 1642 360 arcessitum

223 393 374 433 cupitam
391 389 602 430 Antiphilam
619 387 749 420 Clinia:
775 397 851 418 cum
870 396 937 428 qua
954 392 988 418 et
1008 385 1154 417 Bacchis
1171 394 1236 415 una
1253 384 1356 414 venit⁴
1401 383 1500 413 Hanc
1517 382 1645 413 adoles-

224 450 341 477 centes
355 443 474 476 Cliniae
492 442 635 473 amicam
652 441 810 472 simulant
828 441 902 481 Syri
921 440 1064 472 technis.
1090 438 1267 478 Antiphila
1285 437 1325 467 ad
1345 443 1488 467 matrem
1505 434 1645 466 deduci-

224 503 300 530 tur:
329 498 424 538 cujus
439 496 618 528 occasione
635 495 741 535 Syrus
768 494 885 525 decem
907 493 1014 523 minas
1036 491 1265 522 meretriculae
1283 489 1396 520 aufert
1412 500 1432 520 a
1449 489 1644 519 Chremete.

224 551 360 583 Dehinc
382 550 559 590 Antiphila
583 548 788 588 Clitiphonis
813 556 910 578 soror
937 545 1123 586 reperitur,
1140 549 1176 575 et
1193 543 1313 575 Cliniae
1330 543 1363 573 in
1380 551 1519 574 uxorem
1534 542 1645 572 datur.

225 605 387 637 Chremes
408 603 616 635 Bacchidem
637 612 656 633 a
671 601 868 642 Clitiphone
890 600 996 630 amari
1019 597 1282 629 animadvertit:
1308 596 1489 627 irascitur:
1514 595 1646 625 minita-

224 662 302 690 tur:
327 658 399 696 sed,
415 662 451 689 et
468 656 674 687 Menedemo
699 655 916 693 adhortante,
933 652 1002 683 filio
1028 651 1196 692 ignoscit:
1222 655 1258 681 et
1275 650 1374 680 aliam
1391 649 1514 679 illidat
1529 648 1646 688 conju-

225 721 315 753 gem.
359 711 400 742 In
421 710 530 752 primo
556 713 635 740 actu
652 707 763 749 agitur
779 707 822 738 de
839 706 1082 747 conjunctione
1099 713 1231 742 senum,
1248 703 1379 734 scilicet
1394 701 1594 733 Menedemi
1610 706 1646 732 et

225 764 436 803 Chremetis;
463 762 560 794 simul
591 766 626 793 et
656 761 700 792 de
727 760 880 792 amicitia
904 763 940 790 et
966 757 1203 789 familiaritate
1220 754 1510 793 adolescentium3
1533 753 1647 795 inqua

226 818 380 859 Clitipho
397 803 652 848 ardentissimus
668 814 874 846 ostenditur.
919 810 1099 844 Secundus
1116 815 1214 840 actus
1239 808 1404 847 continet,
1429 806 1647 849 quemadmo-

226 871 305 903 dum
331 870 567 902 adolescentes
593 868 719 899 amicas
744 866 961 907 receperint;
987 865 1084 895 simul
1109 868 1145 894 et
1167 863 1245 903 Syri
1269 861 1429 893 callidum
1454 860 1646 892 consilium.

224 924 363 956 Tertius
380 928 477 955 actus
499 922 663 963 exprimit
688 921 765 962 Syri
789 919 963 952 fallaciam
989 919 1023 949 in
1041 918 1235 954 Chremem,
1251 920 1287 947 ut
1304 914 1511 946 Bacchidem
1526 914 1648 946 credat

227 977 346 1010 Cliniae
362 986 436 1008 esse
453 975 608 1014 amicam,
623 979 660 1006 et
677 973 888 1015 Antiphilam
908 971 1087 1003 arrhaboni
1105 969 1269 1001 Bacchidi
1286 969 1441 999 relictam
1458 977 1531 998 esse
1548 972 1649 1008 putet

227 1041 290 1072 pro
304 1033 464 1072 argento,
475 1029 565 1071 quod
584 1038 684 1060 anum
714 1028 926 1059 Corinthiam
953 1025 1127 1057 meretrici
1151 1023 1276 1054 debere
1303 1021 1413 1053 finxit.
1461 1021 1502 1052 In
1525 1026 1648 1062 quarto

229 1088 310 1116 actu
339 1084 453 1124 agitur
480 1083 522 1113 de
548 1080 783 1122 recognitione
809 1079 1012 1121 Antiphilae‚
1037 1082 1072 1109 et
1095 1077 1138 1108 de
1169 1076 1361 1107 extorsione
1386 1075 1533 1115 argenti,
1558 1074 1648 1116 quod

227 1137 395 1169 Bacchidi
408 1136 557 1177 Clitipho
575 1135 789 1176 promiserat.
827 1134 975 1167 Quintus
993 1136 1088 1164 actus
1107 1131 1259 1163 continet
1274 1130 1422 1161 omnium
1440 1138 1551 1160 rerum
1569 1138 1649 1160 con-

229 1191 418 1222 versionem
440 1189 483 1221 ad
503 1189 674 1230 jucundos
692 1189 818 1228 exitus,
836 1188 1010 1229 patefacta
1026 1186 1160 1218 cunctis
1178 1184 1372 1226 cognitione
1391 1187 1586 1224 gestorum:
1613 1189 1649 1214 et

230 1243 512 1286 quemadmodum
529 1242 740 1283 Antiphilam
757 1251 896 1274 uxorem
918 1241 1029 1274 Clinia
1045 1240 1203 1272 duxerit:
1230 1238 1382 1279 Clitipho
1404 1246 1496 1276 vero,
1513 1235 1648 1267 dimissa

229 1297 417 1338 Bacchide,
432 1297 532 1329 aliam
550 1296 737 1338 acceperit.

651 1523 1189 1575 PROLOGUS.

188 1611 288 1669 NE
310 1628 383 1670 cui
402 1627 461 1669 sit
482 1629 673 1669 vestrum
692 1628 864 1676 mirum,
887 1638 966 1667 cur
987 1624 1156 1678 parteis
1178 1624 1274 1663 seni

188 1695 336 1737 Poeta
357 1695 541 1745 dederit,
564 1708 663 1749 quae
685 1698 786 1735 sunt
807 1693 1177 1739 adolescentium,

187 1763 243 1804 Id
264 1763 454 1817 primum
475 1763 644 1804 dicam:
677 1761 851 1811 deinde,
873 1760 993 1815 quod
1008 1759 1127 1808 veni,
1144 1757 1337 1810 eloquar.

187 1830 261 1871 Ex
281 1830 453 1884 integra
474 1830 648 1881 Graeca,
668 1831 885 1883 integram
905 1828 1172 1870 comoediam

191 1897 347 1939 Hodie
370 1911 468 1940 sum
488 1902 684 1948 acturus,
707 1896 1272 1944 Heautontimorumenon3
1625 1893 1653 1933 5

187 1965 374 2020 Duplex
395 1979 498 2020 quae
519 1978 578 2007 ex
599 1970 856 2020 argumento
876 1963 996 2005 facta
1017 1962 1074 2004 ’st
1093 1959 1301 2017 simplici.

235 2089 286 2120 Ne
305 2089 374 2130 quis
400 2092 548 2128 vestrum,
572 2089 626 2129 qui
649 2088 780 2127 auditis,
802 2088 946 2125 miretur,
970 2096 1025 2117 cur
1048 2086 1212 2117 Terentius
1234 2087 1338 2116 noster
1367 2082 1464 2114 Poeta
1487 2082 1564 2113 mihi
1586 2082 1653 2112 seni

187 2132 309 2163 dederit
332 2132 465 2174 officium
488 2131 642 2163 recitandi
658 2130 802 2169 Prologi‚
824 2132 905 2171 quod
918 2129 1081 2170 soletfieri
1102 2129 1141 2159 ab
1163 2126 1423 2159 adolescentibus.-
1446 2135 1571 2156 causam
1584 2125 1652 2165 pri-

188 2185 270 2206 mum
285 2174 371 2205 vobis
392 2174 549 2215 aperiam;
573 2175 682 2205 deinde
697 2173 857 2210 enarrabo,
873 2182 968 2213 quare
984 2173 1017 2202 in
1033 2182 1153 2202 scenam
1167 2170 1348 2211 prodierim.
1397 2170 1465 2207 Ego
1481 2178 1549 2199 sum
1564 2167 1653 2198 hodie

188 2218 377 2248 recitaturus
399 2218 477 2248 lianc
503 2217 690 2248 Comoediam
715 2217 883 2255 integram,
907 2216 1098 2245 nominatam
1122 2213 1504 2250 Heautontimorumenmz,
1519 2212 1654 2241 transla-

189 2263 255 2291 tam
269 2270 309 2291 ex
322 2260 448 2299 integra
465 2260 579 2291 Graeca
597 2259 770 2290 Menandri
787 2258 955 2296 Comoedia,
971 2258 1139 2297 qnoesacta
1155 2260 1199 2288 est
1214 2257 1331 2296 duplex
1346 2255 1510 2297 (nimirum
1532 2254 1604 2294 quia
1620 2253 1652 2283 in

189 2303 246 2333 hac
264 2303 421 2334 Comoedia
444 2304 503 2333 cluo
524 2306 595 2333 sunt
607 2301 831 2343 filii-familias
854 2304 1018 2336 amatores,
1044 2301 1113 2330 duoe
1137 2299 1255 2337 amicae,
1279 2300 1338 2329 dno
1364 2308 1462 2336 senes,
1478 2299 1537 2327 duo
1559 2297 1654 2334 seri-i,

189 2356 255 2384 quae
280 2346 383 2376 omnia
408 2346 443 2376 in
469 2346 645 2376 Menandro
671 2348 760 2375 erant
784 2343 955 2383 simplicia)
979 2352 1018 2374 ex
1042 2342 1174 2383 simplici
1197 2344 1394 2381 argumento,
1419 2341 1498 2381 quod
1519 2339 1653 2380 proebuit

190 2389 403 2429 Menedemus,
426 2398 459 2420 se
484 2388 586 2420 labore
610 2391 639 2419 et
662 2388 766 2419 dolore
780 2395 950 2418 macerans.
998 2386 1142 2417 Indicam·
1165 2388 1305 2416 recenter
1320 2393 1383 2415 esse
1399 2394 1438 2414 ex
1457 2384 1572 2414 Groeca
1588 2385 1653 2412 tra-

800 2470 1041 2483 eeeeeoaeeetaee

234 2531 251 2559 1
278 2527 318 2559 ln
334 2527 420 2560 GM.
446 2527 536 2568 lego,
560 2527 674 2568 inquit
698 2526 792 2558 Perl.
808 2526 841 2557 ni
857 2526 1028 2566 scriptura
1042 2524 1156 2565 fallor,
1177 2524 1428 2564 praecipuas.—2
1452 2523 1511 2553 Br.
1536 2523 1652 2553 adoles-

189 2573 387 2602 centum—3
412 2571 484 2601 Viri
513 2570 736 2611 sagacissimi,
768 2569 827 2600 sed
859 2569 1002 2599 audacia
1031 2577 1124 2607 saepe
1155 2567 1369 2607 praecipites,
1396 2565 1588 2596 Palmerius
1618 2569 1654 2595 et

191 2614 362 2653 Guyetus‚
386 2613 519 2644 inverso
544 2613 662 2644 ordine
679 2613 818 2652 legunt:
843 2612 883 2642 Id
903 2612 1005 2642 dicam
1027 2611 1155 2641 deinde:
1175 2610 1313 2650 primum
1335 2611 1413 2649 quod
1429 2608 1499 2639 veni
1516 2609 1651 2647 eloquar.

189 2656 294 2687 Rent.
340 2656 397 2687 Ita
423 2665 556 2697 quoque
584 2655 764 2686 lectionem
795 2654 937 2693 Guyeti‚
966 2653 1025 2684 sed
1054 2653 1265 2693 improbam,
1296 2652 1379 2682 citat
1405 2651 1495 2681 Perl.
1543 2651 1651 2681 West.
1672 2647 1686 2654 χ

190 2703 304 2729 tamen
321 2698 442 2739 inquit,
463 2703 471 2716 ‘
490 2698 640 2738 Reponit
657 2698 825 2738 Guyetus‚
842 2698 1044 2728 Goveanum
1063 2701 1198 2727 secutus
1214 2706 1221 2726 :
1247 2695 1287 2725 Id
1311 2694 1423 2725 deinde
1445 2694 1566 2724 dicam.-
1586 2694 1652 2732 pri-

191 2750 272 2771 mum
285 2743 365 2782 quod
381 2742 448 2772 veni
464 2741 613 2781 eloquar.'
658 2741 725 2771 Pro
752 2741 831 2780 quod
857 2741 937 2771 Par.
965 2740 997 2769 in
1024 2749 1131 2779 marg.
1156 2748 1199 2768 ex
1224 2738 1312 2769 Pali.
1329 2736 1449 2768 scribit
1464 2746 1533 2776 quo.
1579 2736 1652 2766 ΕΡ.

190 2783 292 2816 habet
307 2785 455 2825 quiet-6
478 2784 569 2825 Guy.
588 2794 631 2815 ex
647 2784 743 2815 Bem.
771 2783 856 2824 legit
879 2782 1018 2823 duplici:
1041 2782 1101 2813 sed
1129 2785 1249 2812 notant
1275 2780 1335 2811 Fa.
1366 2784 1402 2811 et
1429 2779 1531 2811 Bent.
1557 2778 1590 2809 id
1620 2778 1652 2808 iu
