1966 3302
265 238 353 304 ῒῖὓ
755 240 797 279 ἰ).
829 249 1071 279 ΤΙ·;ηΕΝΤιι
1106 249 1223 279 Anni

262 343 378 386 Tum
401 345 546 394 etiam,
570 344 606 384 si
626 342 753 392 nolit,
778 355 928 396 cogas,
951 346 998 383 ut
1019 355 1120 382 cum
1141 343 1218 383 illa
1239 354 1323 383 una
1345 343 1493 384 cubet.
1655 342 1714 385 65

266 413 357 454 Du.
390 412 609 454 Derides?
642 412 907 460 fortunatus,
931 412 1008 464 qui
1029 411 1145 451 istoc
1169 411 1316 451 animo
1338 411 1441 451 sies.

265 481 363 534 Ego
384 482 535 522 sentio.
599 480 684 521 Μι.
716 479 814 521 Ah!
845 480 1082 533 pergisne?
1145 480 1238 520 Du.
1270 479 1372 520 Jam
1389 479 1482 533 jam
1503 478 1671 520 desino.

267 549 353 590 Mn.
385 548 408 589 Ι
425 562 529 601 ergo
549 550 679 598 intro,
693 552 737 589 et
757 547 912 605 cui-*rei
935 558 1050 600 opus
1071 551 1156 596 est,
1173 547 1232 603 ej·-
1233 546 1415 587 hilarem
1433 545 1551 587 hunc
1572 557 1719 587 suma-

441 629 540 657 mus
567 615 700 657 diem.

265 746 473 786 etiamfilium
488 746 600 785 adigas
615 746 672 777 etsi
687 745 820 777 invitum
835 749 870 776 ut
891 744 1070 776 concumbat
1086 754 1154 776 eum
1167 755 1214 776 ea.
1259 744 1328 775 DE.
1353 744 1434 775 Hoec
1448 744 1556 776 dicens
1571 753 1618 775 me
1634 742 1719 775 delu-

266 788 333 819 dis.-
349 788 447 827 felz'x,
462 790 514 829 qui
530 789 575 820 itu
588 799 668 820 nunc
681 789 784 820 animo
797 790 888 820 [cetus
903 798 945 826 es,
970 790 999 818 et
1014 788 1211 819 miseriarum
1225 797 1345 818 sensum
1359 786 1511 824 abjecisti.
1555 787 1626 825 Ego
1652 796 1724 817 vero

266 831 409 862 miserias
423 833 531 863 sentio.
576 832 641 864 M1.
673 831 751 862 Ah!
773 840 986 871 perseverasue
1007 831 1041 862 iu
1061 829 1221 862 tristitia?
1265 832 1336 862 DE.
1358 830 1445 868 Jam,
1459 829 1531 868 jam
1555 828 1723 860 tristitiam

268 872 370 946 gaino.
417 875 481 906 M1.
506 875 612 915 Igitur
634 875 796 915 ingredere
817 875 951 913 domum,
963 877 992 904 et
1006 873 1121 914 nuptiis
1128 873 1284 911 faciendis
1298 874 1404 904 laetum
1426 873 1506 904 hunc
1533 872 1722 904 insumamus

291 927 361 948 zem.
1524 920 1533 923 ”

872 988 1106 1001 eeeeeeeeeeee

270 1068 356 1099 GM.
376 1072 411 1099 et
427 1068 486 1099 ΒΓ.
510 1068 651 1099 Demeae
665 1067 759 1103 dant,
776 1068 834 1100 sed
849 1071 930 1100 cett.
945 1078 1061 1100 omnes
1076 1068 1194 1099 melius
1208 1065 1364 1098 Micioni.
1389 1066 1476 1098 Perl.
1520 1066 1627 1107 Atque
1641 1065 1727 1107 equi-

267 1113 349 1149 dem,
365 1113 417 1150 ὅγε.
462 1110 554 1142 Edit.
580 1111 701 1142 tribuit
726 1112 799 1143 liaec
817 1112 920 1142 verba
935 1121 1042 1152 nsque
1058 1111 1101 1142 ad
1125 1114 1135 1128 ‘
1148 1109 1272 1142 cubet’
1295 1109 1439 1141 Micioni
1462 1112 1498 1140 et
1513 1110 1692 1150 sequentia
1707 1118 1728 1140 a

269 1155 279 1170 ‘
298 1153 465 1184 Derides'
487 1154 643 1193 Demeae,
676 1163 783 1196 neque
811 1155 909 1185 video
936 1155 1106 1185 editorum
1131 1154 1288 1194 cuiquam
1313 1152 1488 1184 meliorem
1516 1151 1728 1193 loquentium

269 1197 558 1235 distributionem,
581 1206 680 1237 qnam
702 1197 812 1228 codex
831 1196 986 1237 praefert,
1004 1198 1180 1238 probatam
1198 1205 1285 1227 esse.
1306 1196 1511 1227 Bruus.—-65
1537 1195 1645 1226 Pauci
1661 1195 1727 1226 Co-

269 1239 484 1281 ‹licesfilium
507 1240 605 1271 Tuum
631 1239 846 1280 praeferunt:
872 1250 947 1281 quae
976 1240 1004 1271 si
1032 1249 1111 1271 vera
1136 1244 1189 1271 est
1213 1239 1332 1276 lectio,
1355 1237 1491 1269 videtur
1505 1238 1642 1269 omnino
1657 1246 1727 1271 em-

271 1282 382 1322 phasis
400 1292 473 1314 esse
489 1282 521 1312 in
541 1283 660 1314 Tuum:
682 1283 815 1314 scilicet
831 1284 909 1324 quia
930 1293 1032 1324 supra
1048 1287 1144 1314 tanto
1160 1283 1288 1322 impetu
1305 1281 1438 1312 dixerat
1455 1282 1612 1312 Demea:
1633 1281 1642 1297 ‘
1658 1280 1729 1312 Cur

270 1325 397 1366 recipis
414 1335 525 1356 meum
536 1324 559 1356 ?'
596 1326 653 1361 Et,
668 1326 677 1342 ‘
692 1325 839 1358 Quando
855 1336 920 1366 ego
933 1331 1027 1357 tunm
1045 1335 1111 1357 non
1129 1335 1220 1360 curo,
1238 1334 1281 1355 ne
1295 1334 1378 1356 cura
1394 1323 1530 1354 meum.'
1571 1322 1640 1354 Sed
1656 1332 1727 1354 ma-

270 1369 329 1399 lim
348 1374 418 1400 tum
434 1369 560 1409 legere,
577 1368 672 1399 Illum
685 1372 794 1406 tuum
817 1369 986 1410 quomodo
1006 1369 1140 1400 Demea
1165 1367 1302 1399 dixerat
1330 1376 1432 1408 supra
1459 1375 1483 1397 1.
1509 1369 1610 1397 259.
1632 1368 1640 1383 ⁶
1655 1366 1728 1397 Iste

273 1416 362 1450 tuus,
385 1412 458 1452 ipse
475 1411 602 1442 sentiet
619 1411 813 1451 posterius!
856 1411 1074 1443 Praetulerim
1089 1416 1202 1442 tamen
1221 1411 1310 1449 Tum,
1335 1419 1412 1441 cum
1429 1409 1471 1440 ob
1487 1408 1654 1440 Codicum
1672 1418 1731 1439 nu·

271 1464 414 1493 merum,
437 1459 508 1486 tum
524 1454 614 1495 qnod
631 1463 749 1486 sensus
765 1455 820 1493 sit,
841 1455 942 1493 Tum,
969 1454 1026 1486 ubi
1050 1455 1097 1485 ita
1125 1453 1242 1484 habita
1258 1453 1326 1484 erit
1342 1451 1508 1492 Psaltria,
1535 1456 1572 1482 ut
1589 1451 1730 1492 placere

273 1497 418 1538 amplius
435 1507 499 1528 non
518 1497 636 1537 possit,
661 1507 763 1537 cogas
780 1497 901 1538 filium,
925 1502 962 1528 ut
979 1507 1044 1528 urla
1059 1496 1162 1528 cubet
1178 1506 1253 1527 cum
1270 1497 1338 1526 illa.
1366 1496 1461 1526 West.
1507 1494 1599 1525 Huic
1616 1494 1729 1525 versui

274 1540 454 1579 laboranti,
473 1540 556 1570 liber
576 1540 673 1571 Bem.
691 1544 726 1571 et
740 1541 822 1572 Bas.
836 1546 871 1571 et
888 1541 945 1571 alii
962 1540 1114 1581 plerique
1131 1539 1276 1580 antiqui,
1300 1538 1357 1579 qui
1373 1538 1498 1568 babent
1510 1547 1632 1576 cogam,
1655 1545 1731 1567 suc-

273 1589 435 1614 currunt:
460 1593 567 1622 cogam
593 1587 707 1614 autem
735 1580 973 1624 exponendum
1003 1593 1075 1623 pro,
1103 1591 1274 1623 cogerem,
1305 1581 1331 1612 si
1357 1590 1419 1620 ego
1450 1589 1559 1610 essem
1590 1585 1638 1610 tu.
1672 1579 1731 1611 Fa.

275 1626 433 1667 Quinque
449 1636 491 1657 ex
509 1626 634 1657 nostris
655 1636 773 1665 cogam.
821 1625 1022 1658 Certissima
1049 1625 1152 1656 lectio
1179 1634 1296 1664 cogam,
1322 1624 1400 1665 quia
1423 1622 1624 1663 ‘equidem’
1646 1631 1732 1662 prae-

275 1670 387 1707 cessit,
403 1668 491 1710 quod
507 1668 624 1709 primae
640 1673 770 1699 tantum
789 1679 941 1709 personae
958 1674 1029 1699 tum
1041 1667 1264 1709 jungebatur.
1290 1668 1385 1698 Beut.
1424 1667 1544 1705 Cogam
1559 1665 1618 1696 ΒΓ.
1637 1665 1732 1695 Perl-

276 1713 353 1752 Bip.
380 1712 419 1744 Z.
446 1711 549 1742 Both.
598 1711 712 1743 Guelf.
736 1715 766 1742 l.
796 1712 873 1744 add.
901 1712 966 1743 M1.
989 1712 1060 1742 Hoc
1084 1714 1129 1742 est
1155 1713 1362 1751 sapere—66
1388 1709 1488 1739 Hunc
1511 1713 1547 1738 et
1573 1708 1656 1738 duos
1681 1717 1732 1739 se-

277 1759 420 1795 quentes
447 1764 562 1785 versus
586 1754 752 1795 expungit
779 1755 870 1796 Guy.
897 1754 1057 1785 mutilans
1083 1753 1167 1784 adeo
1191 1754 1333 1784 Seenam
1359 1750 1535 1783 commodo
1560 1751 1669 1790 exitu,
1698 1755 1733 1782 et

275 1797 422 1829 artificio
439 1797 595 1828 Po'e'tico.
626 1798 723 1829 West.
758 1799 860 1838 Lege,
877 1802 914 1829 ut
929 1797 1032 1828 habet
1049 1796 1136 1828 liber
1154 1795 1350 1834 Bembinus,
1365 1796 1437 1833 isto,
1449 1800 1484 1824 et
1501 1794 1626 1824 nullum
1641 1802 1734 1824 scru-

276 1841 393 1881 pulum
410 1840 564 1881 patietur
581 1839 634 1871 hic
651 1850 788 1872 versus:
811 1846 872 1872 aut
889 1840 917 1871 si
931 1841 1008 1871 istoc
1024 1839 1122 1880 legis,
1138 1839 1306 1870 constitue
1324 1841 1532 1877 anapaestum
1550 1836 1582 1867 in
1600 1841 1734 1876 quarta,

277 1884 361 1914 eliso
376 1893 446 1914 sex
470 1884 478 1900 ‘
493 1882 709 1923 fortunatus,’
732 1888 768 1915 et
783 1893 825 1915 ex
847 1883 856 1900 ‘
871 1882 982 1914 istoc?
1007 1882 1066 1914 Fa.
1111 1882 1175 1912 Vel
1202 1881 1279 1921 lege
1301 1882 1354 1920 qui
1376 1882 1434 1910 isto
1458 1879 1560 1910 animo
1584 1879 1656 1916 sies,
1678 1879 1733 1910 vel

276 1927 330 1967 qui
345 1926 446 1957 animo
462 1926 540 1957 istoc
554 1926 626 1957 sies.
650 1927 750 1956 Bent.
792 1926 855 1962 Qui
870 1927 929 1957 isto
944 1936 974 1956 a.
998 1925 1077 1965 Bip.
1094 1924 1188 1955 Perl.
1204 1924 1333 1963 Delpb.
1359 1923 1422 1958 Qui
1437 1923 1538 1953 animo
1553 1922 1614 1952 isto
1630 1921 1733 1952 Both.

276 1972 361 2000 ——67
385 1969 503 2001 Desine
519 1970 665 2000 Br.-68
690 1970 733 1999 Et
749 1969 799 2000 cui
814 1970 860 2000 rei
874 1978 947 2009 opus
961 1971 1016 1999 est.
1051 1969 1109 1999 Fa.
1127 1977 1170 1998 ex
1187 1966 1274 1997 libro
1290 1966 1333 1997 V.
1351 1966 1430 1996 Bas.
1449 1970 1483 1996 et
1506 1964 1602 1996 Bem.
1619 1968 1735 1995 monet

274 2012 457 2053 legendnm
475 2021 549 2043 esse
564 2023 571 2043 :
595 2015 626 2042 et
641 2011 690 2042 cui
705 2011 752 2043 rei
767 2014 824 2051 est,
840 2011 869 2043 ei
891 2011 938 2042 rei
953 2012 1033 2042 hunc
1053 2019 1210 2040 sumamus
1223 2009 1313 2040 diem.
1351 2008 1419 2039 Sed
1437 2013 1471 2039 et
1487 2007 1534 2038 ita
1550 2012 1603 2037 est
1619 2007 1652 2037 in
1666 2007 1734 2038 Ms.

279 2055 371 2096 Lips.
388 2054 431 2086 G.
446 2059 483 2086 et
500 2055 571 2085 ΕΡ.
597 2054 740 2085 Codices
765 2055 822 2085 alii
839 2053 1048 2095 praeferunt:
1073 2057 1103 2084 et
1118 2052 1168 2083 cui
1183 2063 1256 2094 opus
1270 2055 1314 2083 est
1329 2052 1387 2090 rei,
1404 2051 1433 2082 ei
1447 2050 1493 2082 rei
1508 2049 1637 2080 hilarem
1652 2049 1731 2081 hunc

278 2107 434 2129 sumamus
448 2099 540 2129 diem.
566 2097 671 2128 West.
718 2097 738 2127 Ι
750 2106 823 2137 ergo
839 2097 934 2137 intro,
949 2100 979 2128 et
1001 2097 1051 2127 cui
1067 2106 1141 2136 opus
1156 2098 1201 2126 est
1217 2094 1276 2133 rei,
1292 2094 1322 2125 ei
1336 2095 1382 2124 rei
1398 2094 1528 2125 hilarem
1542 2092 1622 2124 hunc
1633 2100 1735 2123 suma-

278 2151 345 2172 mus
358 2141 451 2172 diem.
497 2140 564 2171 Hic
581 2138 777 2171 octonarius
794 2140 912 2171 unicus
930 2143 1005 2180 post
1021 2143 1072 2170 tot
1089 2138 1238 2169 senarios
1254 2147 1321 2168 nou
1338 2137 1451 2177 placet
1468 2135 1547 2167 milii
1564 2146 1571 2166 :
1595 2135 1629 2166 in
1651 2134 1736 2166 libro

280 2183 449 2214 Vaticano
473 2188 509 2214 et
526 2183 693 2213 Bembino
722 2183 873 2214 senarius
890 2188 957 2221 est,
980 2187 1018 2213 ut
1035 2181 1154 2221 ceteri,
1178 2181 1240 2212 hoe
1260 2179 1360 2211 modo
1375 2191 1382 2211 z
1408 2179 1429 2210 I
1441 2189 1513 2218 ergo
1527 2178 1625 2217 intro,
1640 2181 1670 2208 et
1685 2177 1737 2209 cui

279 2228 327 2258 rei
342 2230 399 2265 est,
422 2226 511 2257 eii-ei
524 2225 602 2257 hunc
615 2234 768 2256 sumamus
795 2226 887 2257 diem.
931 2225 972 2255 ln
999 2225 1062 2256 hoc
1084 2233 1196 2263 versu,
1220 2223 1272 2254 ‘ei
1287 2222 1295 2236 ’
1318 2221 1583 2262 monosyllabum
1610 2224 1676 2258 est,
1700 2225 1736 2252 et

282 2268 373 2300 ‘rei’
400 2269 602 2309 utrobique:
628 2277 738 2308 eaque
763 2278 824 2309 per
847 2268 1075 2308 synaloepham
1105 2266 1235 2309 syllaba
1261 2265 1421 2296 eliditur:
1446 2264 1601 2295 absolute
1621 2268 1737 2294 autem

282 2312 412 2343 dictum
429 2317 493 2350 est,
517 2313 525 2328 ‘
539 2312 592 2342 cni
608 2311 656 2342 rei
673 2310 747 2349 est,'
770 2316 806 2342 et
821 2310 1145 2349 subintelligendum
1169 2311 1178 2325 ‘
1192 2309 1263 2339 dies
1279 2308 1300 2339 :'
1325 2312 1362 2339 ut
1378 2309 1435 2346 sit,
1458 2307 1512 2338 cui
1528 2306 1575 2337 rei
1592 2306 1666 2336 dies
1681 2306 1737 2338 hic

282 2355 415 2386 dicatus
429 2360 493 2389 est,
517 2355 571 2384 vel
587 2353 790 2393 destinatus,
808 2355 864 2385 vel
881 2353 1007 2395 aliquid
1032 2353 1111 2384 tale.
1137 2352 1197 2383 Fa.
1244 2351 1320 2382 Hoc
1345 2356 1462 2382 recte:
1486 2348 1594 2380 nostri
1620 2357 1737 2380 omnes

282 2397 454 2430 mendose.
480 2398 576 2428 Beut.
622 2397 682 2427 ΒΓ.
710 2397 814 2427 habet
844 2397 873 2435 I,
901 2406 974 2435 ergo
989 2397 1071 2427 intro
1085 2399 1116 2427 et
1130 2394 1180 2426 cui
1196 2394 1242 2425 rei
1257 2398 1304 2424 est
1319 2394 1348 2425 ei
1362 2393 1410 2424 rei
1424 2392 1502 2423 huuc
1521 2400 1675 2422 sumamus
1689 2391 1738 2422 hi-

283 2441 390 2472 larem.
415 2441 424 2457 ‘
439 2440 539 2480 Vulg.
556 2442 587 2470 et
601 2439 652 2469 cui
666 2439 713 2470 rez'
729 2449 802 2479 opus
816 2443 875 2479 est,
888 2441 916 2470 ei
931 2439 1060 2470 hilarem
1076 2438 1106 2469 h.
1121 2447 1148 2469 s.
1171 2438 1203 2469 d.
1225 2437 1314 2468 mala
1331 2436 1410 2467 lect.
1428 2435 1527 2471 codd.
1544 2434 1584 2466 V.
1605 2434 1684 2464 Bas.
1701 2437 1738 2464 et

286 2484 383 2514 Bem.
407 2486 437 2514 et
452 2483 502 2513 cui
516 2482 563 2513 rei
578 2485 636 2521 est,
653 2483 681 2512 ei
696 2482 742 2512 rei
756 2483 787 2513 h.
803 2492 828 2514 s.
844 2483 875 2513 d.
892 2482 984 2523 quod
1008 2482 1111 2512 miror
1138 2480 1272 2510 omnino
1296 2479 1512 2510 emendatum
1538 2476 1647 2507 videri
1672 2476 1739 2507 Fa-

284 2526 366 2557 erno
383 2530 417 2556 et
432 2525 603 2556 Bentleio.
649 2526 762 2565 Lego:
786 2525 836 2556 cuz·
862 2535 911 2556 res
936 2528 993 2560 est,
1019 2523 1107 2565 quod
1134 2523 1351 2563 explicarunt
1377 2531 1438 2562 per
1460 2519 1537 2552 ‘cui
1552 2528 1637 2559 opus
1663 2519 1739 2558 est:

285 2568 462 2600 intellecto
485 2572 494 2584 ⁴
510 2567 678 2598 insumere
693 2568 781 2599 liunc
798 2567 886 2598 diem
899 2567 921 2606 ;’
944 2572 1124 2607 utrumque
1140 2564 1261 2596 recte.’
1286 2564 1381 2596 Both.
1407 2563 1463 2606 qui
1480 2563 1540 2595 dat
1555 2565 1599 2602 et,
1611 2560 1661 2593 cui
1675 2570 1736 2602 res,

286 2611 315 2642 ei
331 2621 364 2643 re
379 2611 456 2642 huuc
469 2620 495 2643 s.
511 2611 603 2642 diem.
638 2610 715 2652 Bip.
731 2611 817 2652 legit
830 2614 868 2642 ut
882 2611 984 2643 Bent.
999 2610 1094 2642 etita
1110 2618 1244 2652 quoque
1260 2607 1354 2640 Perl.
