1966 3302
313 208 400 249 942
815 218 853 246 P.
888 217 1126 247 TEREN'rn
1161 216 1278 248 Anni

312 312 406 354 Aut
424 311 501 352 filii
523 315 775 364 peccatum,
798 315 873 351 aut
895 311 1049 351 uxoris
1069 315 1267 361 mortem,
1289 314 1366 353 aut
1388 312 1587 352 morbum
1607 311 1738 364 filiae3

314 379 575 421 Communia
604 391 705 419 esse
739 378 863 429 haec;
897 378 990 419 fieri
1024 392 1181 433 posse3
1212 384 1259 420 ut
1293 392 1348 420 ne
1384 379 1492 433 quid
1528 380 1675 420 animo
1710 380 1768 420 sit

482 458 659 487 novum.
1709 447 1766 487 15

313 512 539 567 Quicquid
558 517 718 566 praeter
748 528 872 568 spem
890 514 1081 563 eveniat,
1106 526 1234 554 omne
1266 512 1315 554 id
1347 513 1561 568 deputare
1591 525 1691 554 esse
1719 514 1765 554 in

482 579 618 621 lucro.

311 648 398 689 GE.
431 646 469 688 Ο
500 646 717 699 Phaedria,
740 647 999 688 incredibile
1020 651 1101 697 est,
1122 650 1332 700 quantum
1353 647 1503 688 herum
1525 650 1678 688 anteeo
1698 659 1766 689 sa-

480 714 669 767 pientia.
1727 763 1730 765 ,

309 782 533 831 Meditata
561 782 668 822 mihi
698 784 796 822 sunt
826 780 974 822 omnia
994 793 1095 822 mea
1124 781 1432 823 incommoda:
1463 780 1596 822 herus
1631 781 1669 821 si
1699 794 1765 821 re-

482 849 625 899 dierit,

306 952 406 980 mente
421 948 542 984 habeat,
559 951 613 979 aut
616 947 685 989 filii
692 946 821 986 facinus
831 946 953 987 aliquod
966 946 1140 985 indignum,
1152 949 1206 977 aut
1218 946 1326 977 uxoris
1339 949 1491 977 mortuam
1504 954 1581 984 esse,
1597 945 1765 986 autfiliam

305 992 340 1021 in
354 991 493 1022 morbum
507 991 673 1022 incidisse:
703 991 767 1021 haec
782 990 953 1020 communia
974 999 1039 1020 esse
1062 989 1212 1027 omnihus,
1233 999 1320 1029 posse
1334 989 1472 1020 accidere
1487 998 1498 1024 ,·
1520 991 1555 1018 ut
1569 997 1608 1018 ne
1623 988 1696 1028 quid
1711 988 1765 1018 Ιιο·

304 1043 375 1064 rum
396 1037 543 1073 tanquam
572 1043 682 1064 novum
707 1043 743 1064 ac
767 1033 926 1063 insolitum
954 1041 1022 1062 eum
1046 1036 1187 1072 occupet.-
1211 1031 1356 1071 quicqnid
1379 1034 1495 1071 praeter
1520 1031 1764 1070 expectationem

305 1076 436 1116 eveniet,
450 1076 483 1107 id
497 1080 629 1117 apponat
644 1077 739 1108 lucro.
770 1076 837 1107 GE.
856 1075 885 1105 Ο
900 1074 1061 1113 Phaedria,
1077 1074 1161 1105 credi
1175 1084 1235 1105 non
1246 1077 1358 1114 potest,
1369 1076 1481 1114 quanto
1497 1073 1604 1103 herum
1618 1074 1765 1104 antecedo

301 1119 471 1158 prudentia
482 1130 493 1150 .·
515 1119 617 1150 omniu
630 1129 695 1150 mea
709 1119 788 1149 mala
813 1118 915 1149 animo
928 1117 1062 1158 praevisa
1077 1120 1159 1158 sunt,
1175 1127 1243 1148 cum
1257 1117 1348 1149 herus
1361 1125 1501 1148 reversus
1515 1116 1636 1146 domum
1644 1115 1764 1156 fuerit,

911 1205 1153 1218 “emmae

304 1274 389 1303 -14
412 1272 455 1303 In
475 1271 595 1303 eodem
621 1271 720 1311 libro,
737 1271 784 1302 ita
810 1271 913 1302 etiam
931 1280 1048 1302 versus
1071 1271 1205 1302 ratione
1232 1270 1405 1310 exigente,
1420 1269 1477 1310 qni
1502 1273 1556 1300 est
1570 1269 1763 1302 octonarius

303 1315 488 1353 lambiens,
503 1315 692 1355 legiturfili
718 1324 779 1354 per
803 1324 906 1344 unum
932 1313 993 1344 iin
1009 1314 1088 1345 fine.
1112 1314 1171 1344 Fa.
1217 1316 1226 1329 ‘
1243 1312 1331 1351 Fili,’
1357 1314 1367 1330 ‘
1386 1311 1513 1353 gaudi,'
1537 1315 1546 1331 ‘
1564 1312 1701 1352 ingeni’
1727 1317 1764 1344 et

303 1358 437 1396 similia,
451 1362 486 1388 et
500 1358 651 1388 Terentii
677 1362 793 1395 atate,
807 1362 842 1388 et
859 1357 915 1386 diu
933 1362 1054 1396 postea
1079 1364 1216 1396 semper
1238 1355 1454 1386 dicebantur.
1482 1355 1575 1386 Bent.
1619 1355 1686 1388 Qui
1713 1355 1764 1386 ita

303 1400 364 1431 dat
381 1410 458 1431 cum
484 1400 586 1430 Both.
616 1399 709 1430 Perl.
737 1401 809 1430 Dat
838 1399 965 1439 Delpli.
991 1397 1228 1440 siczfil?.-15
1252 1398 1298 1429 Et
1315 1398 1394 1439 fieri
1414 1407 1504 1438 posse
1527 1396 1629 1428 Bodl.
1660 1397 1762 1430 West.

302 1443 372 1474 Hic
389 1451 505 1473 versus
522 1443 570 1473 ita
586 1452 605 1472 a
620 1443 671 1473 M.
698 1442 826 1481 Tullio,
843 1442 931 1472 libro
949 1442 1052 1472 tertio
1069 1441 1339 1472 Tusculanarum
1358 1440 1607 1478 Quaestionum,
1622 1439 1763 1480 citatur,

300 1491 340 1516 ut
359 1485 494 1525 quidem
513 1485 638 1525 legitur
653 1486 686 1515 in
703 1484 798 1515 libris
814 1484 966 1524 scriptis,
987 1483 1169 1515 Communia
1182 1492 1246 1514 esse
1261 1484 1347 1520 hcec3
1369 1483 1483 1523 nequid
1506 1483 1617 1513 horum
1630 1492 1763 1523 unquam

300 1528 423 1558 accidat
438 1528 539 1558 animo
555 1537 665 1558 novum
676 1538 689 1564 ;
713 1527 802 1568 quod
821 1527 973 1568 quamvis
989 1527 1086 1558 nobis
1111 1527 1258 1567 placeat,
1272 1535 1333 1557 nos
1354 1530 1467 1556 tamen
1491 1525 1675 1556 lectionem
1691 1525 1763 1556 vnl-

301 1574 418 1610 gatam
436 1570 588 1601 Terentii
607 1579 674 1600 non
691 1575 881 1600 mutamus:
907 1569 984 1610 quia
999 1569 1072 1600 fieri
1097 1568 1224 1609 potuit,
1249 1572 1288 1599 ut
1303 1571 1339 1600 et
1354 1568 1477 1599 Cicero
1491 1567 1656 1599 memoria
1671 1567 1762 1599 labe-

299 1617 407 1649 retur,
425 1619 461 1643 et
478 1612 511 1642 in
524 1612 664 1643 citando
679 1612 844 1642 Terentio
861 1621 997 1643 sensum
1018 1612 1090 1652 ejus
1107 1610 1310 1648 reddiderit,
1325 1610 1446 1642 melius
1462 1610 1564 1642 etiam
1579 1613 1683 1652 atque
1696 1611 1767 1641 ele-¹

302 1656 437 1695 gantius
457 1664 555 1695 quam
574 1655 649 1694 ipse
673 1655 866 1686 Terentius.
895 1655 951 1686 Fa.
1002 1654 1184 1685 Communia
1201 1663 1265 1684 esse
1289 1653 1462 1695 haec-‚fleri
1473 1662 1574 1694 posse,
1587 1655 1624 1683 ut
1648 1653 1763 1693 nequid

299 1698 402 1729 animo
417 1698 461 1728 sit
476 1698 599 1738 novom]
621 1697 677 1728 Sic
695 1696 845 1728 Faernus
863 1702 899 1728 et
915 1697 962 1728 sic
978 1697 1069 1728 libri.
1114 1696 1181 1727 Sed
1195 1695 1273 1727 vide
1288 1695 1388 1727 modo
1404 1695 1622 1727 sententiam.
1671 1696 1762 1726 Com-

298 1741 405 1771 munia
420 1749 483 1771 esse
498 1740 576 1770 hoec.
620 1739 657 1770 Si
674 1740 846 1771 communia
857 1745 948 1777 sunt,
965 1740 1039 1780 quis
1053 1738 1191 1770 dubitet
1204 1737 1399 1780 possefieri?
1422 1748 1546 1779 nempe
1560 1738 1762 1769 communiter

288 1783 368 1824 fieri
390 1784 500 1821 solent,
515 1786 545 1813 et
563 1782 642 1823 fieri
663 1787 802 1822 possunt.
846 1783 901 1813 An
923 1783 1062 1819 Noster,
1085 1781 1209 1812 mentis
1234 1781 1340 1822 siquis
1363 1790 1524 1822 unquam,
1540 1780 1629 1811 bene
1655 1790 1761 1819 sanae,

298 1829 377 1865 post
392 1825 475 1856 illud
489 1825 552 1855 lioc
570 1825 769 1856 intulisset?
793 1835 876 1856 cave
892 1825 1025 1862 credas,
1041 1824 1095 1856 vel
1110 1825 1213 1855 etiam
1235 1823 1432 1864 suspiceris.
1478 1823 1610 1855 Iterum
1632 1827 1761 1863 praesto

299 1873 352 1898 est
368 1868 464 1898 nobis
489 1867 624 1903 Cicero,
641 1867 696 1908 qui
717 1877 832 1898 veram
857 1868 1043 1899 lectionem
1069 1867 1237 1898 servavit:
1263 1865 1446 1897 Communia
1460 1875 1524 1897 esse
1538 1865 1626 1896 haec:
1649 1865 1761 1906 nequid

296 1910 407 1941 horum
421 1920 556 1950 unquam
570 1911 692 1940 accidat
715 1910 817 1941 <mimo
831 1920 951 1941 novom.
997 1911 1108 1945 Hanc,
1123 1909 1274 1950 inquam,
1288 1918 1404 1939 veram
1420 1917 1493 1939 esse
1509 1909 1564 1939 vel
1582 1907 1766 1948 Apodosis,

296 1952 369 1983 sive
397 1953 547 1984 redditio
573 1952 674 1983 Getae
704 1952 868 1992 ostendit,
892 1963 936 1984 vs.
964 1955 1017 1984 20.
1062 1953 1071 1970 ‘
1089 1952 1187 1992 Opus
1217 1951 1287 1981 ruri
1317 1950 1540 1982 faciundum:
1565 1950 1686 1982 horum
1711 1950 1760 1981 nil

296 1996 478 2035 quicquam
506 1995 642 2026 accidet
666 1995 776 2025 animo
801 1994 949 2026 novom.'
992 1994 1060 2026 Sed
1089 2004 1192 2034 sagax
1220 1993 1285 2024 sibi
1307 1993 1398 2024 visus
1423 1997 1478 2025 est
1503 1991 1761 2032 Faernus,cum

298 2038 499 2069 Ciceronem
517 2038 587 2068 aiat
603 2038 722 2068 melius
739 2037 830 2068 forte
856 2042 891 2068 et
917 2037 1107 2076 elegantius
1123 2037 1198 2067 haec
1225 2035 1372 2075 dedisse,
1387 2045 1488 2076 quam
1504 2035 1615 2076 ipsum
1629 2035 1765 2073 Teren-¹

297 2081 393 2111 tium.
440 2081 548 2111 Immo
565 2080 608 2110 de
622 2080 793 2120 elegantia
809 2090 851 2111 ne
869 2079 1026 2111 Ciceroni
1044 2078 1179 2121 quidem
1194 2078 1258 2119 ipsi
1272 2078 1432 2109 concedit
1450 2078 1594 2110 Noster.
1629 2076 1759 2109 Verum

295 2123 360 2153 hoc
379 2132 469 2154 nunc
484 2132 551 2153 non
582 2123 706 2163 agitur,
723 2127 837 2153 utrum
859 2123 1044 2153 Terentius
1068 2122 1178 2152 minus
1204 2121 1392 2161 eleganter,
1409 2120 1469 2151 sed
1487 2130 1530 2151 an
1545 2119 1759 2161 insipienter,

295 2165 424 2204 inepte,
441 2175 480 2196 ac
497 2165 619 2196 stolide
637 2165 769 2196 locutus
785 2165 840 2197 sit.
864 2165 962 2197 Bent.
1000 2164 1187 2195 Reddimus
1203 2169 1281 2204 post
1294 2163 1396 2194 nent.
1418 2163 1508 2194 hunc
1522 2172 1572 2194 vs.
1589 2172 1665 2193 cum
1683 2163 1757 2194 Cic.

297 2209 409 2238 verius
427 2212 462 2238 et
479 2208 665 2247 pulchrius,
682 2217 780 2248 quam
794 2208 826 2238 in
844 2207 937 2238 libris
949 2207 1105 2238 Terentii
1121 2207 1248 2246 legitur
1262 2210 1297 2236 et
1310 2206 1411 2246 vulgo
1428 2205 1554 2237 editur.
1592 2204 1759 2237 Abundat

296 2250 465 2291 sanefieri
479 2259 586 2290 posse:
611 2251 698 2290 quod
717 2259 736 2280 e
761 2251 874 2290 glossa
902 2250 1056 2280 additum
1075 2249 1233 2280 videtur:
1258 2253 1330 2279 tum
1350 2247 1471 2279 melius
1488 2247 1698 2289 respondent
1723 2248 1757 2278 in

294 2293 443 2323 lectione
459 2293 531 2323 Cic.
561 2293 663 2323 verba
687 2293 786 2323 Getae
811 2303 860 2324 vs.
884 2295 939 2323 20.
964 2292 1044 2332 Bip.
1082 2291 1178 2331 Haec]
1202 2290 1259 2322 Al.
1281 2293 1323 2322 et.
1353 2290 1535 2322 Pam—16
1558 2291 1686 2331 Deputa
1711 2290 1756 2321 G.

299 2335 395 2365 West.
420 2334 551 2374 Evenit]
574 2335 673 2368 Vule.
690 2336 825 2372 eveniat,
838 2335 948 2365 minus
965 2340 1071 2364 reete.
1096 2334 1281 2364 Both.—17
1307 2332 1431 2368 Quanto
1447 2332 1533 2363 Mss.
1546 2333 1638 2374 Lips.
1655 2337 1690 2364 et
1706 2331 1756 2363 M.

295 2386 371 2407 cum
393 2378 465 2407 ΕΡ.
489 2378 585 2408 ll'est.
625 2376 763 2416 Quanto]
790 2377 834 2408 Ο.
851 2378 874 2409 l.
890 2387 917 2407 s.
942 2382 1070 2417 praeter
1085 2377 1127 2408 V.
1143 2380 1179 2406 et
1201 2376 1280 2407 Bas.
1306 2375 1433 2406 habent
1447 2378 1616 2415 quantum.-
1640 2379 1679 2406 ut
1702 2375 1758 2413 sit,

293 2423 442 2458 quantum
467 2423 585 2452 anteeo.
630 2420 719 2450 Sane
739 2423 844 2450 anteeo
872 2429 933 2459 pro
961 2422 1113 2456 anteeam,
1140 2418 1300 2449 Donatus
1330 2418 1484 2457 exponit.
1506 2418 1568 2449 Fa.
1615 2417 1757 2448 Codices

293 2462 402 2492 nostri
427 2465 545 2493 anteeo.
591 2461 659 2492 Sed
676 2462 849 2493 Donatus:
874 2464 884 2479 ⁶
899 2463 1063 2493 Anteeam.
1110 2460 1251 2501 Legitur
1268 2463 1302 2491 et
1324 2463 1451 2490 anteeo:
1474 2460 1534 2490 sed
1557 2460 1756 2501 pronuntia-

295 2504 400 2534 tivum
418 2507 536 2542 anteeo,
554 2513 615 2543 pro
640 2504 861 2544 conjunctivo
886 2503 1048 2534 anteeam?
1091 2503 1180 2534 Sane
1198 2503 1226 2533 si
1242 2503 1336 2542 legas
1359 2502 1545 2534 incredebile
1565 2505 1624 2542 est,
1637 2511 1754 2533 conse-

294 2555 401 2585 quens
425 2548 490 2576 erit
513 2551 550 2577 ut
576 2550 716 2577 anteeam
742 2548 848 2586 legas.
894 2547 961 2577 Sed
990 2555 1130 2586 repone,
1156 2545 1185 2575 O
1213 2545 1377 2584 Phaedria,
1402 2545 1582 2576 incredibile
1607 2548 1755 2584 quantum

293 2588 401 2618 herum-
426 2592 532 2619 anteco
555 2590 718 2628 sapientia.
764 2589 949 2619 Incredibile
973 2592 1120 2628 qnantum
1147 2587 1314 2627 absolute,
1337 2591 1375 2618 ut
1399 2588 1409 2604 ‘
1428 2587 1555 2618 Mirum
1569 2587 1757 2628 quantum,’

293 2632 303 2646 ‘
324 2630 475 2660 Nimium
494 2631 681 2670 qnantum,'
697 2633 706 2648 ‘
723 2631 874 2662 Immane
891 2630 1073 2672 quantum)
1098 2630 1196 2661 Bent.
1242 2630 1348 2660 Recte
1365 2629 1527 2660 emendat
1546 2629 1649 2660 Bent.
1674 2629 1754 2670 Bip.

296 2673 354 2701 Est
372 2673 535 2703 omittunt
552 2674 609 2704 Br.
627 2673 730 2704 Both.
778 2674 901 2709 Quanto
925 2673 1007 2704 dant
1032 2674 1090 2704 Br.
1107 2672 1322 2712 Delph.—18
1346 2671 1449 2702 Bent.
1477 2671 1536 2702 dat
1551 2672 1756 2712 incommoda,

293 2714 384 2744 herus
397 2715 424 2744 si
449 2715 598 2746 redierit.-
623 2716 702 2746 Moe.
719 2717 770 2754 ἅμ’.
797 2716 876 2755 Bip.
903 2716 1114 2746 incommoda:
1135 2714 1220 2745 heru’
1246 2714 1276 2745 si
1301 2714 1454 2750 redierit;
1478 2714 1556 2745 Mol.
1583 2715 1636 2753 ᾇτ’.
1657 2714 1754 2745 Perl.

293 2757 494 2797 incommoda,
509 2757 600 2788 herus
616 2758 643 2787 si
667 2758 810 2798 redierit,
829 2759 908 2790 Mol.
933 2759 987 2798 ἕςσ.
1019 2758 1079 2788 Br.
1102 2757 1301 2789 incommoda.
1347 2756 1454 2787 Herus
1469 2757 1497 2787 si
1517 2756 1647 2788 redierit
1673 2757 1755 2790 Mol.
