1966 3302
526 254 837 288 PHoRmole
870 255 977 287 AcT.
1012 254 1053 283 v.
1087 253 1156 284 sc.
1191 254 1244 283 11.
1502 245 1613 287 1009

155 362 231 387 sus:
258 355 357 386 Beni.
379 356 417 385 et
436 352 536 384 multi
564 352 619 384 alii
645 352 694 384 ita
724 351 907 391 collocant,
919 351 1005 381 intus
1029 353 1131 381 cetera
1154 348 1283 379 audies.-
1307 346 1352 378 ita
1379 351 1472 380 esset
1497 349 1607 382 Iamb.

158 402 293 430 tetram.
311 397 506 436 brachycat.
529 396 582 426 vel
608 394 698 426 forte
716 394 923 431 trochaicus,
938 403 1002 424 non
1031 391 1190 423 faciendo
1207 390 1452 432 synaloepham,
1469 391 1501 422 in
1525 403 1610 423 nemu

155 450 207 472 ex.
222 450 304 471 sane
314 441 411 471 Bem.
427 438 530 470 habet
541 448 628 470 nemo
640 448 680 469 ex
691 447 738 469 me
751 448 776 470 s,
792 438 850 468 Fa.
874 436 1036 477 Plerique
1047 436 1153 466 nostri
1169 443 1245 466 cum
1258 434 1339 465 Bas.
1356 432 1500 474 faciunt,
1510 439 1612 467 cetera

155 483 240 514 intus
260 483 387 514 audies.-
408 486 476 513 tres
500 492 574 513 cum
603 482 700 512 Bem.
721 481 808 511 intus
832 483 935 510 cetera
959 479 1076 510 audies.
1123 479 1273 517 Repone,
1296 476 1356 508 So.
1381 477 1481 508 Nemo
1503 487 1542 508 ex
1564 489 1611 511 me

153 526 256 557 scibit.
302 525 370 557 Cn.
391 534 514 564 sequere
526 535 593 555 me:
616 524 699 554 intus
712 527 812 554 cetera
827 523 996 553 audiemus.
1029 522 1222 557 Audiemus,·
1246 525 1313 550 tam
1331 530 1406 560 quae
1423 525 1457 551 tu
1474 531 1515 551 ex
1542 531 1608 561 me,

155 577 257 609 quam
279 578 355 609 quae
372 577 414 599 ex
433 574 466 598 te
484 577 547 607 ego
574 566 689 597 audire
714 566 883 606 cupimus.
900 566 1003 596 Beni.
1026 564 1127 595 Scibit
1151 563 1243 594 delet
1271 563 1372 594 Both.
1401 573 1467 604 quo
1489 563 1608 604 judice

153 611 247 642 scibit
269 615 322 642 est
347 611 554 651 glossatoris,
579 609 908 650 intelligendumque
933 618 977 639 ex
1004 605 1289 638 antecedentibus
1318 606 1478 638 resciscet.-
1501 608 1509 624 ‘
1540 607 1608 639 Hic

155 654 279 684 lacuna
308 658 362 685 est
401 654 433 684 in
465 653 551 684 Bod.
583 661 691 694 usque
717 651 759 683 ad
797 651 897 683 finem
933 651 990 683 Sc.
1018 652 1050 681 3.
1083 649 1172 690 tegit
1207 653 1320 681 autem
1356 652 1466 681 coetera
1499 651 1607 681 intus!

156 695 263 728 West.

556 943 768 986 ACTUS
802 943 858 985 V.
920 942 1126 985 SCENA
1158 942 1218 985 II„

672 1062 912 1094 DEMIPHO.
950 1062 977 1091 G
989 1062 1092 1091 ETA.

155 1141 249 1183 DE.
283 1141 588 1184 NOSTRAPTE
609 1143 744 1196 culpa
762 1141 968 1191 facimus,
990 1144 1039 1181 ut
1056 1140 1199 1181 malos
1218 1140 1429 1195 expediat
1445 1153 1562 1192 esse,

155 1206 275 1250 Dum
295 1209 476 1251 nimium
500 1210 589 1252 dici
609 1222 691 1251 nos
711 1210 852 1251 bonos
874 1208 1100 1250 studemus
1122 1212 1165 1249 et
1182 1209 1411 1262 benignos.

155 1276 229 1318 Ita
247 1276 408 1331 fugias,
423 1291 478 1319 ne
494 1282 651 1333 praeter
670 1290 836 1328 casam,
852 1277 971 1331 quod
991 1276 1127 1317 aiunt.
1151 1276 1312 1318 Nonne
1332 1277 1377 1318 id
1400 1282 1473 1319 sat
1491 1283 1599 1327 erat,

153 1343 372 1399 Accipere
393 1346 449 1386 ab
480 1346 558 1387 illo
590 1345 795 1400 injuriam
813 1346 831 1385 ’ἱ
863 1346 997 1386 etiam
1033 1334 1256 1398 arg'entum
1287 1344 1343 1386 'st
1374 1345 1489 1387 ultro
1524 1347 1602 1387 ob-

318 1412 504 1468 jectum,
643 1423 645 1425 ·

187 1512 258 1545 ΒΕ.
275 1514 342 1546 Per
356 1517 493 1545 nostram
503 1514 621 1555 culpam
636 1514 778 1556 efficitur,
788 1516 822 1544 ut
837 1514 908 1544 dum
918 1513 1012 1553 largi,
1026 1516 1054 1544 el
1069 1511 1207 1554 munifici
1216 1513 1384 1553 praedicari
1398 1513 1604 1544 vehementius

153 1556 304 1598 cupimus,
318 1557 406 1588 nobis
427 1557 527 1588 satius
535 1556 640 1595 fuerit
656 1557 808 1597 malignos
829 1565 904 1596 esse,
927 1559 958 1587 et
981 1556 1169 1598 difficiliores
1190 1555 1224 1586 in
1247 1557 1348 1587 dando
1357 1567 1367 1587 .·
1388 1557 1434 1587 sic
1441 1556 1605 1595 fugiamus

151 1609 192 1631 ne
207 1600 330 1639 longius
344 1599 535 1631 domicilium
547 1603 688 1631 nostrum
698 1599 973 1641 proeterferamur;
995 1603 1028 1630 ut
1045 1599 1108 1629 dici
1122 1598 1214 1637 vulgo
1228 1599 1316 1630 solet.
1352 1600 1466 1630 Nonne
1480 1600 1514 1630 z‘d
1527 1601 1606 1630 satis

151 1645 234 1684 erut,
245 1643 285 1674 ab
298 1643 355 1674 hoc
365 1643 486 1675 homine
497 1643 684 1674 Phormione
698 1643 881 1674 contumelia
895 1642 1152 1684 affectosfuz'sse?
1173 1641 1282 1682 ecquid
1295 1642 1391 1674 etiam
1403 1643 1538 1683 oportuit
1553 1652 1607 1674 nos

762 1737 997 1749 eeeeeeeeeee

196 1804 287 1836 Hinc
304 1814 379 1837 cum
397 1805 485 1836 Don.
503 1804 653 1836 ordimur
678 1803 757 1836 Act.
770 1814 806 1836 v.
822 1804 913 1846 quod
932 1805 1004 1844 jam
1021 1802 1186 1835 Dacieria
1201 1803 1405 1835 auctoritate
1422 1804 1489 1836 Ms.
1516 1805 1602 1845 Regi

151 1847 295 1880 fecerat.
339 1848 397 1879 Ita
423 1852 520 1879 certe
544 1848 647 1888 jubet
675 1849 762 1878 ratio
787 1848 934 1879 scenica.
978 1847 1089 1878 Seena
1116 1847 1204 1878 enim
1234 1847 1370 1878 deserta
1393 1852 1480 1887 erat,
1502 1858 1604 1889 quum

152 1891 296 1923 abiisset
312 1890 392 1923 Chr.
414 1900 490 1922 cum
517 1890 650 1922 nutrice
677 1891 718 1921 ad
744 1889 846 1921 filiam
872 1891 907 1922 in
932 1889 1064 1922 aedibus
1084 1889 1304 1930 Demiphonis
1321 1890 1502 1921 visendam.
1526 1891 1604 1932 Bip.

152 1943 296 1975 quocum
327 1934 498 1965 consentit
525 1934 697 1965 Zeun.—1
722 1934 819 1964 Bona
848 1933 930 1964 Mss.
955 1938 990 1964 et
1012 1933 1254 1973 impressorum
1278 1936 1361 1964 vett.
1396 1943 1473 1973 pars
1504 1935 1607 1967 malis.

152 1978 262 2009 West.
283 1976 368 2008 Tres
384 1977 492 2008 nostri
505 1977 677 2008 veterrimi
691 1977 792 2007 malis.
831 1976 954 2008 Recte.
981 1975 1067 2007 Vide
1084 1975 1126 2006 ad
1144 1976 1272 2007 Heaut.
1290 1985 1331 2007 11.
1347 1978 1378 2007 4.
1396 1979 1427 2007 8.
1473 1977 1604 2009 Notum

151 2020 235 2051 iilud
258 2019 447 2051 Martialis:
481 2020 491 2037 ‘
509 2019 618 2051 Nobis
645 2020 812 2051 nonlicet
835 2028 908 2050 esse
924 2024 992 2050 tam
1010 2018 1170 2050 disertis.’
1196 2019 1358 2050 Reum—3
1383 2019 1451 2051 Nec
1477 2029 1538 2060 pro
1567 2031 1605 2052 ne

148 2061 270 2095 Guelf.
286 2065 318 2093 2.
367 2063 499 2093 Causam
515 2063 573 2093 Br.
596 2063 669 2093 ΕΡ.
685 2062 847 2094 Heidelb.
872 2062 920 2093 G.
939 2062 1033 2103 Lips.
1062 2061 1128 2092 duo
1155 2071 1173 2092 e
1201 2061 1436 2102 Boeclerianis,
1453 2062 1502 2093 uti
1527 2072 1606 2094 con-

145 2106 238 2146 jecit
251 2106 440 2146 Tanaquill.
458 2105 581 2141 Faber,
598 2105 812 2146 improbante
824 2105 1073 2145 Westerhovio,
1090 2115 1155 2145 quo
1171 2109 1265 2136 teste.
1278 2104 1398 2136 Boend.
1414 2115 1526 2143 casam,
1544 2107 1605 2138 sed

152 2159 173 2180 a
188 2149 254 2180 2da
275 2158 321 2180 m.
349 2148 485 2180 additur
499 2158 540 2186 u;
563 2153 597 2180 at
611 2158 679 2179 cum
695 2148 793 2180 Witt.
818 2157 935 2179 verum
951 2149 983 2179 in
1000 2149 1068 2179 Ms.
1087 2148 1180 2188 Lips.
1204 2148 1476 2188 suprascriptum
1496 2159 1535 2180 ne
1550 2160 1604 2181 ex-

151 2204 242 2234 cedas
255 2192 317 2235 m—tb
331 2206 438 2235 tuam.-
462 2206 498 2234 et
513 2203 561 2234 sic
577 2202 620 2243 gi.
637 2202 669 2233 in
687 2203 747 2234 Br.
768 2211 806 2233 ne
828 2203 956 2233 excedes
974 2205 1108 2233 mentem
1128 2205 1224 2233 tuam.
1270 2201 1280 2218 ‘
1296 2201 1408 2242 Hujus
1431 2203 1606 2242 proverbii

152 2246 317 2277 rationem
338 2251 375 2277 et
394 2255 530 2277 sensum
555 2254 639 2277 unus
665 2245 751 2276 vidit
774 2245 923 2277 Gronov,
948 2244 1096 2276 observ.
1123 2253 1180 2276 111.
1197 2247 1229 2275 9.
1254 2253 1276 2284 p
1301 2247 1387 2275 .5ll.
1431 2245 1531 2276 Servi
1553 2245 1604 2276 fu-

151 2289 248 2328 gitivi
265 2289 418 2320 vitabant
434 2289 560 2320 domini
583 2298 694 2320 casam
723 2292 782 2319 aut
796 2288 923 2327 villam,
939 2287 997 2318 ubi
1011 2286 1112 2319 facile
1136 2287 1376 2327 comprehendi
1400 2292 1435 2318 ct
1451 2288 1484 2319 in
1499 2290 1605 2320 servi-

151 2335 260 2363 tutem
276 2333 402 2363 retrahi
419 2332 622 2372 potuissent.
667 2331 857 2362 Proverbio
873 2330 923 2361 ita
938 2330 1065 2361 dictum
1089 2335 1141 2361 est
1155 2330 1239 2360 itane
1247 2330 1361 2369 fugias
1374 2334 1491 2371 praeter
1503 2342 1606 2363 casam

152 2384 237 2414 pro:
262 2383 345 2406 cave
360 2384 402 2406 ne
423 2374 501 2406 dum
519 2375 627 2406 levius
644 2374 766 2405 malum
784 2375 881 2413 vitas,
896 2374 929 2404 iu
947 2374 1083 2414 gravius
1099 2373 1306 2414 praecipites.
1339 2373 1371 2406 J.
1387 2374 1538 2406 Clericus
1560 2376 1602 2406 ad

153 2417 227 2449 Liv.
245 2426 296 2449 vr.
312 2419 366 2449 29.
389 2419 514 2457 corrigi
531 2417 667 2449 volebat
681 2427 719 2448 ne
734 2420 851 2458 proeter
872 2420 985 2456 castra,
1000 2415 1090 2456 quod
1109 2416 1189 2457 jure
1206 2415 1352 2455 explosit
1367 2417 1541 2449 Drakenb.
1560 2418 1602 2449 ad

150 2460 246 2491 illum
263 2460 398 2492 locum!
423 2461 464 2492 R.
482 2461 526 2493 D.
563 2461 649 2492 Vice
674 2470 774 2491 norme
795 2461 829 2491 id
846 2463 895 2491 sat
910 2459 1031 2491 Boend.
1047 2459 1115 2490 ET.
1132 2461 1170 2490 de
1183 2459 1304 2490 nomine
1317 2459 1351 2490 id
1363 2459 1515 2492 satis.—4
1537 2461 1604 2492 Abs

150 2503 204 2534 illo
219 2503 335 2536 Guelf.
350 2507 382 2535 3.
402 2507 568 2544 argentum
582 2504 654 2535 sinc
669 2507 714 2535 est
729 2504 789 2535 ΒΓ.
804 2512 882 2535 mox
906 2503 1038 2534 Erasm.
1053 2502 1201 2542 obJ'eclum
1216 2502 1264 2534 ei.-
1287 2506 1323 2533 at
1339 2502 1368 2533 ei
1383 2512 1415 2534 o.
1431 2503 1452 2535 i.
1468 2513 1495 2535 ³.
1512 2505 1602 2545 apud

805 2600 946 2633 NOTAE

197 2673 216 2701 3
241 2669 293 2701 Ne
306 2674 423 2711 proeter
437 2669 555 2708 casam]
581 2669 620 2700 Id
637 2672 709 2707 est;
735 2669 784 2700 sic
803 2667 851 2698 vi·
905 2666 1018 2698 medio
1034 2666 1156 2698 remoti
1186 2666 1252 2698 tuti
1268 2675 1333 2698 nou
1360 2670 1459 2698 suut:
1488 2676 1604 2708 queni—

153 2720 237 2750 tium
256 2719 477 2761 aliquod‚aut
488 2720 622 2760 culpam
635 2720 766 2752 evitare
782 2724 852 2751 stu-
908 2719 1086 2752 admodum
1125 2730 1200 2752 cum
1231 2718 1378 2761 fugimus
1407 2720 1540 2759 longius
1587 2728 1606 2749 a

153 2770 237 2801 deas
252 2779 296 2802 ue
309 2770 343 2802 in
361 2771 494 2812 gravius
511 2769 664 2802 incidas:
688 2780 707 2802 a
723 2770 853 2802 medio-
908 2771 1078 2803 domicilio
1109 2771 1247 2812 evagari
1277 2780 1346 2802 non
1378 2769 1532 2811 expedit,
1568 2774 1606 2801 ut

153 2822 279 2853 oritate
295 2830 336 2852 ne
350 2821 528 2861 discedas;
544 2831 705 2854 excessus
721 2822 811 2854 enim
836 2831 855 2852 a
909 2821 1106 2855 commodus
1123 2822 1204 2855 illuc
1221 2822 1264 2854 sit
1282 2825 1455 2863 receptus.

240 2875 353 2916 Delph.
368 2881 397 2908 et
420 2877 492 2911 ναν.
510 2878 595 2909 clusa
810 2878 934 2909 Terent.
1414 2878 1431 2906 3
1445 2875 1467 2906 S
1493 2878 1507 2905 l
