1966 3302
501 225 920 258 HEAUTONTIMOR.
953 224 1060 255 Ac‘r.
1086 224 1136 254 11.
1170 223 1238 254 sc.
1262 224 1335 253 111.
1561 213 1645 254 569

190 326 363 368 Timeo.
438 323 579 366 CLI‘r.
615 322 834 378 Respira:
880 334 1031 364 eccum
1073 321 1337 363 Dromonem
1377 331 1474 360 cum
1515 318 1645 373 Syro,

363 405 449 434 una
470 392 630 434 adsunt
648 391 741 433 tibi.

191 512 258 544 redi
270 523 283 551 ;
298 523 364 546 ecce
378 514 565 545 Dromonem
579 523 648 544 cum
663 512 743 553 Syro
755 523 766 550 ;
783 523 854 543 mox
871 512 928 543 tibi
940 514 1055 552 proesto
1069 512 1153 541 sunt.

792 595 1033 608 eeeeeeeeee

194 663 237 694 ad
253 662 371 694 limina
386 663 486 704 primi
505 663 688 694 Poenorum
705 661 912 703 expectant!
955 660 1099 691 Plurimi
1116 664 1228 690 autem
1241 659 1326 690 Mss.
1347 659 1468 699 legunt
1489 660 1654 695 conantur,

195 706 286 748 quod
302 711 356 738 est
370 705 574 748 παράλληλον
592 707 648 737 τοῦ
662 706 840 737 moliuntur.
887 703 1025 735 Fabrini
1051 703 1168 744 legens
1193 705 1356 733 comuntur
1379 701 1507 732 vertit:
1533 703 1652 731 mentre

194 750 249 780 che
263 749 319 781 elle
334 749 362 780 si
376 749 554 781 acconciono
570 750 597 780 el
611 759 696 790 capo.
711 749 818 780 West.
855 747 864 764 ‘
878 748 1037 778 Donatus
1054 746 1095 776 ad
1117 745 1202 776 Hec.
1219 754 1272 776 1v.
1289 747 1320 776 3.
1335 748 1367 775 5.
1384 747 1543 775 comuntur
1557 742 1653 783 legit.

196 793 240 824 G.
263 795 424 824 conantur.
466 792 535 823 Sed
562 793 629 824 ET.
653 796 689 823 et
714 792 795 823 EM.
818 794 992 822 comantur.
1036 788 1138 820 Adde
1163 788 1282 819 Barth.
1306 787 1488 819 Animadv.
1509 787 1543 817 in
1564 787 1652 817 Stat.

194 834 358 866 Thebaid.
373 845 421 867 vs.
437 834 524 866 8043
545 835 632 866 Idem
646 835 679 866 in
692 834 835 865 Addend.
879 835 889 851 ‘
908 833 976 864 Pro
999 835 1160 864 comuntur
1185 841 1302 862 omnes
1327 829 1398 861 fere
1424 831 1446 861 l.
1475 840 1502 860 s.
1525 829 1656 860 habent

195 880 369 909 conantur:
392 879 478 910 etin
494 878 545 909 his
562 879 659 909 Bem.
675 878 756 909 Bas.
770 878 827 908 Vi.
867 875 948 915 Alii,
971 875 1030 907 sed
1058 875 1171 915 pauci,
1197 877 1376 905 comantur.-
1404 873 1528 911 nunus,
1552 880 1652 913 quem

196 920 353 958 viderim,
368 924 550 953 comuntur.-
574 930 677 962 quare
692 924 842 951 conantur
858 929 998 960 repono,
1020 918 1107 960 quod
1125 926 1349 958 synonymum
1374 921 1427 948 est
1450 915 1546 946 verbi
1569 915 1655 945 moli-

196 966 301 995 untur.
325 964 384 995 Fa.
428 964 616 1004 ‘Plerique
633 964 735 995 etiam
761 963 869 995 nostri
897 966 1060 993 conantur.
1104 960 1159 991 An
1188 961 1243 991 ine
1270 960 1367 1000 legit,
1390 963 1446 990 aut
1473 958 1655 998 legendum

196 1007 252 1037 hic
279 1011 344 1045 est,
365 1008 439 1038 dum
463 1010 671 1038 cunctantur?
717 1006 793 1038 Non
822 1004 928 1046 puto!
952 1006 1048 1036 Bent.
1090 1003 1222 1036 ‘Codd.
1238 1001 1282 1042 A,
1311 1003 1390 1034 Hel.
1415 1005 1588 1040 comantur,
1612 1000 1656 1039 B,

197 1053 371 1086 comuntur,
406 1050 447 1090 C,
477 1053 638 1090 conantur,
671 1053 776 1089 reete,
810 1053 848 1080 ut
870 1050 940 1090 jam
972 1045 1182 1088 repositum!
1215 1046 1312 1077 Both.
1358 1046 1466 1076 ‘Dum
1496 1046 1657 1075 conantur.

197 1092 253 1123 Ita
268 1092 443 1132 potissima
457 1095 664 1134 scriptorum
680 1092 780 1124 codd.
797 1101 875 1133 pars
891 1102 899 1122 z
925 1091 957 1121 in
975 1092 1015 1122 R.
1034 1096 1148 1121 tamen
1164 1093 1326 1120 comuntur
1347 1094 1431 1119 erat.
1476 1087 1543 1118 Sed
1572 1088 1657 1117 alte-

197 1145 273 1169 rum
290 1136 416 1167 rectius
433 1140 529 1177 puto,
553 1135 595 1167 ad
619 1145 748 1167 moram
772 1135 950 1166 mulierum
973 1131 1186 1165 notandum.'
1208 1132 1303 1163 Lina.
1347 1133 1355 1148 ⁶
1372 1132 1555 1162 Comuntur.
1599 1130 1658 1160 Sic

200 1178 279 1209 Par.
310 1178 402 1209 Mur.
433 1179 498 1210 etsi
526 1189 644 1220 parum
674 1179 830 1209 codicum
861 1177 1068 1208 auctoritate
1098 1175 1229 1206 muniti.
1280 1175 1353 1206 GC.
1383 1177 1545 1204 conantur.
1589 1172 1658 1202 Sed

199 1221 344 1252 interest
358 1221 456 1260 scire,
477 1222 567 1263 quod
591 1226 689 1253 notat
715 1222 807 1252 Mur.
832 1221 842 1237 ‘
857 1220 1062 1251 vetustiores
1084 1220 1093 1236 ‘
1107 1217 1263 1250 comare’
1291 1218 1432 1254 dixisse,
1455 1216 1512 1246 ubi
1530 1214 1658 1255 posteri

199 1264 361 1305 potuere)
406 1265 555 1296 Omnino
572 1270 686 1296 autem
701 1268 755 1296 est
770 1266 925 1295 ‘comere
939 1262 947 1275 '
962 1263 1152 1301 mulierum,
1172 1260 1326 1292 ‘conari'
1353 1260 1459 1300 magis
1485 1256 1663 1289 virorum)

200 1307 289 1338 Perl.
335 1308 506 1339 Comuntur
531 1308 592 1339 dat
608 1308 686 1349 Bip.
732 1307 770 1338 Z.
791 1308 1039 1338 conamina—12
1062 1306 1243 1345 Distingue
1268 1308 1347 1345 post
1370 1313 1442 1334 una·
1492 1303 1581 1334 Una:
1605 1303 1659 1331 ad·—

201 1353 272 1381 sunt
287 1350 358 1381 tibi.
382 1351 485 1382 Bent.
530 1351 586 1382 Ita
601 1360 735 1393 quoque
751 1351 841 1381 Perl.
888 1350 947 1380 ΒΥ.
963 1359 1025 1380 una
1039 1350 1165 1389 adsunt,
1188 1346 1260 1379 tibi.

586 1586 792 1629 ACTUS
825 1585 892 1628 II.
947 1583 1156 1627 SCENA
1187 1582 1284 1625 III.

482 1720 661 1752 SYRUS.
694 1721 884 1751 DROMO.
914 1718 1169 1750 GL1'r1PHo.
1201 1715 1391 1748 CLINIA.

207 1788 289 1830 ΞΥ.
318 1786 434 1830 Α1Ν’
455 1790 535 1831 tu‘?
597 1790 690 1831 DR.
721 1788 797 1831 Sic
818 1792 900 1831 est.
960 1787 1044 1829 SY.
1074 1786 1242 1829 Verum
1263 1785 1440 1834 interea,
1457 1782 1558 1824 dum
1576 1794 1665 1824 ser-

378 1870 532 1899 mones
553 1858 786 1908 caedimus,

207 1924 305 1966 111ae
327 1927 426 1965 sunt
445 1925 625 1967 relictae.
687 1924 826 1966 CLl'r.
859 1923 1021 1965 Mulier
1041 1923 1121 1965 tibi
1138 1921 1290 1973 adest3
1313 1917 1477 1968 audin',
1492 1917 1665 1959 Clinia?

207 1990 352 2033 ΟΜΝ.
400 1991 496 2044 Ego
527 2006 630 2034 vero
663 1993 800 2034 audio
828 2005 947 2034 nunc
981 1992 1172 2041 demum,
1204 1993 1248 2031 et
1278 1988 1427 2038 video,
1454 1989 1498 2027 et
1517 1986 1666 2034 valeo,

379 2060 593 2115 Clitipho.

252 2181 314 2213 SY.
338 2181 478 2222 Dicisne,
498 2182 569 2214 illas
595 2182 630 2213 in
642 2181 812 2223 propinquo
827 2180 916 2215 esse?
958 2182 1031 2213 Da.
1053 2180 1108 2212 Sic
1124 2184 1182 2218 est,
1195 2182 1230 2210 ut
1247 2178 1326 2209 dico.
1372 2177 1434 2208 SY.
1457 2176 1582 2206 Interea
1596 2173 1670 2202 dum

208 2225 420 2265 colloquimur,
434 2226 496 2257 itloe
512 2226 665 2262 mulieres,
690 2226 826 2256 Bacchis
841 2229 872 2256 et
887 2225 1066 2265 Antiphila,
1081 2224 1198 2255 relictae
1218 2225 1302 2254 sunt.
1349 2220 1426 2251 Cu.
1451 2219 1501 2249 Aa
1518 2221 1548 2248 te
1563 2225 1669 2257 appro-

207 2267 339 2308 pinquat
353 2269 476 2308 mulier,
489 2279 581 2309 quam
596 2272 755 2308 tantopere
769 2269 938 2299 desideras.
981 2268 1121 2299 Audisne
1136 2276 1238 2297 servos
1253 2266 1419 2305 loquentes,
1438 2261 1564 2292 Clinia?
1609 2259 1669 2289 CL.

214 2310 244 2340 0
262 2311 414 2353 Clitipho,
427 2315 509 2344 ceree
523 2321 604 2343 nunc
627 2312 751 2343 tandem
777 2321 828 2343 eos
852 2311 957 2352 audio,
979 2314 1010 2342 et
1036 2310 1163 2351 aspicio,
1184 2312 1215 2340 et
1240 2318 1334 2339 sanus
1355 2317 1435 2346 sum,
1448 2306 1535 2345 pulso
1550 2303 1670 2334 timore.

820 2406 1061 2420 ‘trumo

256 2477 276 2505 3
300 2474 369 2506 Pro
383 2474 472 2506 video
488 2473 721 2516 reponendum
736 2477 854 2507 monet
867 2474 973 2506 Bent.
987 2472 1071 2505 vivo.
1102 2470 1279 2512 Improbat
1289 2467 1455 2500 Both—4
1472 2464 1559 2497 Haec
1575 2463 1672 2504 vulgo

872 2559 1013 2592 NOTAE

260 2629 277 2657 1
301 2624 378 2657 Ain’
393 2624 443 2665 tu]
467 2624 703 2657 Exordiuntur
717 2626 817 2665 servi,
835 2636 917 2667 qua·
971 2633 1049 2656 cere
1079 2623 1198 2655 soiitos
1232 2624 1350 2652 monet
1380 2617 1577 2649 Priscianus
1615 2614 1673 2646 lib-

215 2679 243 2710 si
260 2678 442 2719 plurajam
460 2677 547 2708 inter
564 2687 601 2708 se
617 2678 781 2709 collocuti
798 2678 880 2708 sint.
972 2684 1084 2706 xvux.
1101 2674 1246 2710 scilicet,
1262 2671 1387 2704 κόπτειν
1400 2668 1526 2709 λόγους,
1539 2667 1673 2699 caedere

261 2728 423 2760 Sermones
438 2728 600 2769 cadimus]
624 2728 655 2759 A
682 2728 815 2760 Graeeis
842 2728 917 2759 haec
973 2735 1157 2759 sermones·

218 2778 348 2819 phrasis
365 2785 477 2810 sumta
501 2783 578 2818 est,
599 2788 654 2810 eos
681 2779 770 2810 enim
793 2779 840 2809 ita
868 2778 917 2809 di-
