1966 3302
511 261 822 293 PHORmoffls
856 258 1040 290 AcT.11.
1071 258 1140 290 sc.
1175 259 1248 288 ιιι.
1509 248 1595 290 963

136 359 293 401 PHoR.
323 357 448 400 Itane
488 356 678 407 tandem,
719 348 902 410 quaeso?
949 357 1071 405 item,
1106 360 1155 397 ut
1191 354 1481 404 meretricem,
1519 354 1595 395 ubi

309 427 478 467 abusus
500 427 576 474 sis.

138 493 390 553 Mercedem
413 494 518 536 dare
538 494 612 535 lex
629 492 756 547 jubet
775 492 831 541 ei,
852 497 984 545 atque
1003 491 1199 533 amittere
1215 492 1234 531 ’ἱ
1267 503 1339 539 an,

137 560 201 602 Ut
219 575 275 602 ne
296 562 404 616 quid
421 566 545 616 turpe
566 561 679 603 civis
701 562 743 602 in
764 573 812 601 se
832 559 1094 608 admitteret,

136 630 328 684 Propter
347 634 605 683 egestatem,
630 629 840 684 proximo
853 627 988 681 jussa
1009 625 1067 668 'st
1087 626 1196 675 dari,

136 695 202 739 Ut
222 710 324 738 cum
345 711 433 739 uno
457 702 634 739 aetatem
652 696 864 749 degeret?
899 695 1021 750 quod
1042 699 1088 736 tu
1111 696 1253 736 vetas.
1542 693 1599 734 70

136 764 230 807 DE.
259 764 349 815 Ita,
367 778 587 819 proxumo
609 764 813 819 quidem:
845 766 892 805 at
910 776 992 805 nos
1012 762 1160 804 unde?
1184 765 1260 804 aut
1281 761 1565 816 quamobrem
1578 761 1598 801 ’ἱ

311 832 471 873 Pnon.
503 831 628 873 Ohe!

138 899 320 949 Actum,
342 901 480 949 aiunt,
502 913 556 940 ne
579 912 702 953 agas.
780 898 872 939 DE.
905 898 1011 940 Non
1034 899 1193 951 agam?
1226 897 1363 937 immo
1384 895 1501 937 haud
1523 895 1598 936 de-

314 967 476 1017 sinam,

138 1035 293 1077 Donec
314 1034 541 1089 perfecero
562 1034 660 1075 hoc.
721 1033 884 1075 PHOR.
906 1033 1093 1087 Ineptis.
1152 1033 1244 1074 DE.
1267 1032 1374 1074 Sine
1395 1031 1542 1074 modo.

138 1103 301 1144 Prion.
334 1103 567 1144 Postremo
588 1106 733 1144 tecum
753 1103 861 1143 nihil
880 1103 945 1143 rei
965 1102 1113 1153 nobis,
1136 1101 1381 1155 Demipho,
1404 1104 1485 1141 est.

135 1169 264 1213 Tuus
284 1175 355 1212 est
375 1170 605 1212 damnatus
625 1174 799 1224 gnatus,
817 1183 905 1211 non
927 1175 1004 1222 tu3
1034 1182 1134 1211 nam
1156 1173 1232 1211 tua
1546 1167 1604 1208 75

133 1295 291 1337 virginem
304 1296 470 1337 ingenuam
483 1295 662 1335 violaveris,
682 1299 714 1327 et
732 1305 800 1327 cum
825 1306 862 1327 ea
885 1293 1136 1325 consuetudinem
1152 1292 1296 1324 habueris
1311 1292 1401 1332 quasi
1423 1301 1491 1322 cum
1505 1300 1602 1322 mere-

132 1340 226 1379 trice,
250 1341 280 1372 ei
298 1340 459 1381 pecuniam
479 1349 533 1379 pro
557 1339 717 1370 meritorio
745 1343 865 1379 quaesta
889 1339 975 1376 dare,
999 1339 1092 1377 atque
1120 1346 1188 1367 eam
1211 1337 1256 1366 sic
1278 1336 1461 1366 dimittere?
1482 1345 1523 1365 un
1540 1344 1601 1365 non

131 1383 346 1424 potiusJ'ubet,
367 1383 511 1424 proximo
528 1392 594 1413 eam
610 1383 643 1413 in
659 1392 787 1413 uxorem
801 1382 883 1420 dewi,
899 1384 933 1412 ut
949 1390 986 1411 ne
1001 1379 1079 1410 civis
1094 1379 1206 1410 Attica
1220 1378 1367 1419 probrum
1381 1378 1506 1418 aliquod
1522 1377 1553 1408 in
1570 1386 1601 1407 se

135 1427 346 1458 committeret
362 1425 469 1465 inopia
491 1429 610 1463 coacta,
625 1429 718 1465 utque
734 1435 802 1456 cum
818 1424 908 1456 unico
922 1424 990 1454 ciro
1006 1423 1104 1453 vitam
1119 1422 1331 1462 transigeret?
1353 1423 1433 1462 quod
1451 1424 1485 1452 tu
1497 1420 1604 1461 prohi-

135 1467 199 1500 bes.
245 1471 313 1501 DE.
339 1469 390 1500 Ita
405 1470 458 1500 lex
464 1468 556 1506 jubet
570 1468 704 1508 quidem,
719 1478 784 1499 eum
798 1468 938 1508 proximo
954 1465 1027 1497 dari
1043 1465 1076 1496 in
1091 1475 1217 1496 uxorem
1230 1477 1240 1496 .·
1255 1468 1290 1496 at
1301 1475 1357 1495 nos
1371 1465 1451 1495 unde
1462 1463 1604 1505 proximi

134 1512 166 1543 ei
178 1521 294 1549 sumus,
308 1516 364 1544 aut
378 1521 436 1553 quo
452 1510 598 1543 ratione?
643 1513 713 1543 PH.
739 1511 819 1550 Osce,
837 1521 873 1542 ne
889 1511 969 1551 quod
984 1509 1077 1540 semel
1092 1512 1194 1539 actum
1204 1512 1261 1543 est,
1276 1511 1313 1538 ut
1327 1507 1419 1546 tulgo
1438 1507 1501 1538 dici
1513 1506 1603 1544 solet,

133 1554 251 1586 iterum
264 1565 353 1595 agas.
399 1557 468 1586 DE.
493 1555 565 1585 Non
581 1558 698 1593 agam?
725 1554 828 1590 immo,
852 1564 912 1584 non
927 1553 1086 1587 desistam,
1102 1553 1195 1582 donec
1203 1551 1333 1590 felicem
1343 1551 1443 1591 finem
1461 1550 1533 1580 huic
1557 1549 1604 1580 rei

135 1598 316 1639 imposuero.
361 1598 432 1630 ΡΗ.
455 1598 595 1628 Delirus.
642 1599 710 1628 DE.
732 1596 808 1628 Sine
834 1598 919 1627 modo
947 1605 994 1626 me
1012 1594 1134 1632 facere.
1179 1595 1251 1625 ΡΗ.
1278 1594 1436 1625 Postremo
1460 1593 1541 1624 nihil.
1555 1592 1604 1622 rei

136 1641 224 1672 nobis
244 1645 291 1674 est
317 1645 426 1682 tecum,
448 1640 619 1681 Demipho:
642 1643 714 1671 tuus
724 1640 830 1682 filius,
856 1650 916 1671 non
941 1642 986 1678 tu,
1006 1639 1225 1668 condemnatus
1250 1640 1315 1668 est:
1340 1646 1410 1667 nam
1427 1635 1606 1673 senior-jam

745 1745 988 1760 “uNmJV'

137 1802 270 1834 omittit
287 1802 435 1834 Biz—66
460 1803 539 1834 Duo
556 1802 615 1833 illa
631 1802 737 1833 verba
753 1805 787 1831 ut
802 1801 995 1833 meretricem
1013 1811 1087 1833 esse
1104 1799 1320 1841 Interpretis
1337 1799 1465 1830 iudicat
1484 1803 1605 1839 aperte

138 1845 302 1877 senarius.
329 1846 411 1879 Gov.
454 1846 546 1877 Mire
565 1846 698 1876 variant
722 1844 832 1876 Codd.
857 1845 943 1876 Mss.
961 1851 997 1876 et
1021 1844 1190 1885 impressi.
1234 1843 1274 1874 Iu
1293 1843 1366 1873 aliis
1382 1848 1457 1873 est:
1482 1842 1605 1882 itidem,

136 1892 173 1921 ut
187 1889 398 1926 meretricem5
421 1889 454 1921 in
475 1889 561 1927 aliis,
576 1889 671 1919 cit-em
685 1888 760 1919 item
777 1890 812 1919 ut
835 1887 1027 1919 meretricem
1039 1899 1051 1925 ,·
1077 1897 1190 1919 rursus
1216 1887 1249 1918 in
1272 1886 1358 1924 aliis,
1375 1887 1472 1916 cii-em
1494 1885 1605 1916 itidem

137 1935 174 1964 ut
188 1932 392 1964 mretricem.
438 1932 478 1963 ln
495 1932 538 1963 G.
556 1932 646 1963 inter
662 1942 763 1972 quaeso
781 1935 815 1962 et
831 1931 1024 1962 meretricem
1038 1932 1162 1962 lacuna
1178 1934 1243 1961 est.
1291 1928 1414 1960 Boend.
1430 1929 1539 1959 itidem
1554 1927 1606 1958 ubi

137 1975 330 2006 meretricem
343 1975 455 2007 abusus
469 1975 524 2006 sis.
568 1975 626 2006 Er.
657 1979 693 2006 et
718 1974 796 2006 Riv.
813 1974 922 2004 itidem
938 1980 972 2005 ut
989 1975 1193 2013 meretricem,
1212 1973 1263 2004 ubi
1277 1973 1389 2003 abusus
1403 1973 1460 2012 sis,
1485 1970 1606 2002 defen-

139 2017 238 2049 dunt.
282 2018 364 2058 Sed,
381 2019 409 2049 si
423 2017 461 2049 τὸ
476 2018 572 2049 civem
598 2018 713 2058 tollas,
740 2017 853 2048 nescio
871 2016 950 2057 quid
979 2018 1159 2057 elegantiae
1186 2016 1286 2057 perit.
1315 2016 1415 2047 IVest.
1461 2014 1501 2045 In
1520 2015 1607 2045 auti·

138 2061 215 2102 quis
231 2059 324 2092 libris
342 2071 406 2092 uon
431 2066 484 2092 est
508 2060 546 2090 τὸ
570 2061 688 2097 civem,-
710 2070 774 2092 nec
795 2071 813 2092 a
838 2060 976 2091 Donato
1004 2061 1165 2101 ponitur:
1189 2069 1255 2100 qua
1284 2058 1436 2090 dictione
1460 2057 1607 2097 sublata,

138 2103 250 2137 adhuc
267 2109 380 2135 tamen
405 2104 437 2135 in
455 2103 665 2135 dimetiendo
683 2103 818 2134 senario
846 2108 1002 2134 remanet
1025 2104 1140 2145 aliqua
1156 2101 1355 2133 difficultas.
1402 2101 1605 2132 Existimem

138 2156 216 2187 ego,
233 2147 284 2178 vel
300 2146 337 2177 τὸ
362 2147 416 2178 Itu
432 2147 484 2178 hic
500 2145 770 2187 monosyllabum
795 2155 881 2182 esse,
898 2147 964 2184 vel,
980 2156 1023 2177 ex
1047 2150 1095 2187 ut,
1113 2150 1125 2178 t
1141 2145 1381 2186 abjiciendum.
1405 2144 1466 2175 Fa.
1511 2144 1606 2184 Lege

139 2189 214 2221 Itan
226 2191 374 2228 tamtam,-
399 2194 435 2221 et
451 2189 543 2220 nulla
561 2194 667 2220 restat
684 2188 880 2221 difficultas.
927 2189 1035 2220 Civem
1051 2199 1070 2220 a
1086 2190 1210 2220 nostris
1228 2197 1364 2230 quoque
1378 2187 1484 2218 abest.
1508 2187 1605 2218 Bent.

138 2233 229 2265 Mur.
253 2233 364 2265 omitt.
380 2233 456 2264 item
471 2236 506 2264 ut
521 2242 596 2263 mer.
621 2241 681 2272 pro
697 2233 819 2273 quibus
837 2232 951 2263 verbis
975 2233 1102 2273 ingerit
1127 2232 1235 2263 civem.
1281 2231 1397 2261 Itidem
1412 2230 1472 2261 dat
1490 2228 1607 2261 Guelf.

138 2278 170 2307 2.
187 2275 275 2307 Perl.
313 2276 357 2307 It.
373 2278 407 2307 ut
423 2285 499 2307 mer.
521 2285 590 2306 non
613 2275 718 2306 habet
747 2274 872 2315 Delph.
920 2275 1017 2314 Legit
1042 2275 1142 2306 Both.
1174 2273 1260 2305 Itan’
1283 2274 1420 2313 tandem,
1434 2273 1520 2313 quasi
1544 2282 1605 2303 me-

136 2319 299 2358 retricem,
312 2319 365 2350 ubi
379 2319 491 2350 abusus
505 2318 666 2350 sica—6?
690 2318 793 2358 Atque
809 2318 975 2349 amittere?
997 2317 1054 2358 an]
1087 2317 1129 2348 Τὸ
1154 2327 1194 2348 (ιη
1217 2318 1249 2348 iu
1266 2327 1297 2348 o.
1314 2317 1338 2347 l.
1355 2326 1381 2347 s.
1398 2316 1605 2356 principium

138 2366 194 2393 est
221 2362 433 2403 insequentis
449 2370 591 2392 versus:
617 2370 691 2402 quae
719 2366 831 2392 tamen
862 2361 1032 2401 particula
1056 2361 1089 2391 in
1117 2361 1296 2392 scansione
1321 2359 1472 2392 adhunc
1495 2360 1604 2399 ipsum

138 2405 305 2444 pertinet.
322 2405 383 2436 Fa.
429 2404 537 2435 Immo
555 2403 595 2435 ad
614 2409 815 2445 sequentem
831 2403 983 2444 pertinet
999 2414 1060 2442 ατη
1085 2408 1119 2434 et
1134 2407 1169 2435 ut
1185 2403 1384 2443 corripitur.
1410 2402 1505 2433 Bent.
1540 2403 1606 2432 Bo-

140 2447 231 2479 thius
246 2447 330 2488 legit
344 2447 394 2478 M.
409 2447 460 2478 lex
481 2448 555 2479 dare
570 2446 662 2485 J'ubet
685 2450 777 2488 atque
798 2447 956 2486 amittere,
981 2457 1033 2478 αη.
1079 2448 1089 2464 ‘
1109 2446 1319 2477 Particulam
1343 2456 1396 2483 απ,
1411 2455 1487 2476 cum
1506 2444 1606 2476 Lind.

140 2499 181 2522 ac
197 2491 287 2522 Mur.
310 2491 388 2521 huic
406 2500 541 2532 appono
557 2490 681 2520 versui.
729 2490 840 2530 Vulgo
864 2489 939 2520 infit
955 2489 996 2521 ab
1020 2491 1081 2521 illa
1109 2489 1279 2531 sequeus!
1303 2489 1480 2520 Pera-68
1505 2488 1606 2518 Civis.

139 2532 254 2565 Abest
284 2534 358 2565 haec
387 2542 452 2564 vox
484 2543 503 2564 a
533 2532 734 2574 quibusdam
759 2532 859 2564 codd.
886 2533 982 2564 West.
1030 2533 1163 2573 Nostri,
1191 2542 1258 2564 uuo
1285 2536 1446 2570 exceptu,
1476 2540 1606 2567 omues,

139 2576 218 2607 civis
232 2580 333 2617 turpe.
380 2576 475 2617 Lege
493 2575 597 2616 igitur
613 2581 649 2607 et
666 2585 806 2606 numero
823 2581 857 2606 et
875 2575 994 2607 ordine
1012 2577 1164 2614 meliore,
1179 2575 1206 2606 A
1214 2586 1232 2606 ιι
1248 2579 1282 2605 ut
1297 2574 1408 2614 nequid
1423 2574 1500 2605 eicis
1516 2577 1606 2614 turpe

138 2619 174 2650 in
185 2628 248 2651 sese
267 2619 459 2651 admitteret.
482 2619 586 2650 Bent.
634 2618 721 2649 Civis
738 2624 825 2659 turpe
842 2619 902 2650 Br.
945 2620 954 2637 ‘
975 2619 1114 2650 Comma
1138 2623 1215 2659 post
1241 2618 1363 2648 admitt-
1387 2617 1534 2648 Pareum
1553 2626 1605 2648 se-

142 2667 242 2693 cutus
259 2671 324 2703 ego
340 2662 464 2701 delevi,
489 2671 555 2701 quo
582 2662 710 2692 arctius
731 2662 915 2702 jungerem
943 2662 1033 2703 quod
1062 2671 1179 2692 seusus
1197 2660 1422 2698 desideraret,
1443 2660 1452 2676 ‘
1471 2659 1604 2691 admitt.

143 2704 267 2745 Propt.
284 2704 466 2745 egestat.'’
489 2705 578 2736 Perl.
626 2704 767 2735 Comma
782 2714 917 2745 quoque
934 2714 999 2735 non
1016 2704 1142 2735 habent
1159 2705 1217 2734 ΒΓ.
1234 2704 1336 2740 Beut.
1350 2702 1451 2734 Both.
1468 2702 1546 2743 Bip.
1565 2702 1605 2734 Z.

143 2747 266 2788 Delph.
309 2748 388 2787 Ejus
405 2757 466 2788 pro
481 2747 558 2778 civis
571 2746 687 2779 Guelf.
709 2751 737 2778 l.
773 2750 803 2778 ei
819 2751 895 2787 post
910 2748 1034 2778 admitt.
1052 2750 1169 2777 2.-71
1196 2747 1279 2778 Cum
1301 2746 1368 2777 Olze
1393 2746 1452 2776 ΒΓ.
1478 2755 1526 2776 vs.
1552 2755 1603 2775 se-

141 2795 303 2830 quentem
320 2791 454 2831 incipit.
491 2790 562 2821 Hoc
580 2799 639 2830 pro
656 2790 723 2821 Ohe
739 2789 823 2822 GM.
839 2790 872 2820 iu
891 2795 1000 2829 textu,
1018 2796 1052 2821 ct
1069 2800 1129 2829 pro
1146 2799 1217 2821 var.
1237 2790 1399 2820 Osee—74
1426 2788 1453 2819 A
1474 2789 1531 2818 ΒΓ.
1551 2799 1602 2817 ηο-

144 2833 192 2864 his
208 2833 402 2866 abest.—75
427 2833 512 2866 GM.
527 2836 719 2865 natus—76
742 2833 834 2865 Mur.
859 2842 900 2865 ex
922 2833 1003 2864 Mss.
1020 2834 1152 2865 ducendi
1167 2836 1264 2865 cetus:
1289 2832 1458 2875 qucmodo
1476 2837 1509 2862 et
1526 2831 1603 2861 Ba·-
