1966 3302
277 225 363 267 754
771 234 809 262 P.
844 232 1085 262 TERENTH
1120 231 1237 262 Arm

278 330 401 373 Huic
433 330 554 382 leges
588 331 750 382 cogunt
781 328 942 370 nubere
971 327 1100 371 hanc..
1164 327 1263 368 AEs.
1297 325 1434 368 Perii!
1471 324 1581 367 ‘ML
1613 323 1737 376 Quid

833 393 917 401 κ..

449 398 548 439 est‘?

277 467 376 509 AEs.
409 465 566 506 Nihil:
598 468 745 506 recte:
777 475 927 517 perge.
999 461 1083 503 M1.
1117 461 1164 503 Is
1198 462 1332 512 venit,
1366 466 1430 527 Ἦν
1449 473 1602 502 secum
1634 472 1738 501 ave-

448 533 549 574 hat·
1679 520 1740 535 'W

277 602 395 645 Nam
415 566 587 642 habit’at
608 599 766 642 Mileti.
826 599 927 640 AES.
960 597 1101 639 Hem!
1133 598 1347 651 virginem·
1375 599 1425 638 ut
1458 609 1606 639 secum
1637 608 1738 637 ave-

436 668 540 709 hat!
1678 664 1738 705 20

277 735 362 776 M1.
394 736 471 777 Sic
511 738 591 776 est.
666 734 769 776 AEs.
802 733 1011 775 Miletum
1045 745 1203 787 usque,
1240 732 1458 773 obsecro?
1533 730 1620 772 M1.
1650 731 1737 773 Ita.

448 804 550 844 AES.
579 801 743 844 Animo
765 801 882 843 male
904 800 971 842 ’st.

279 870 400 923 Quid
431 872 575 925 ipsae‘?
609 871 716 925 quid
748 870 904 912 aiunt?
978 869 1064 910 Mt.
1097 866 1220 918 Quid
1252 867 1356 908 illas
1390 867 1585 908 censes?
1629 866 1735 907 nihil

449 940 580 980 enim.

277 1007 534 1064 Commenta
553 1009 695 1047 mater
716 1010 800 1056 est,
823 1018 924 1046 esse
942 1017 999 1045 ex
1022 1004 1111 1046 alio
1133 1004 1243 1053 viro,

276 1075 448 1117 Nescio
469 1087 573 1129 quo,
595 1086 781 1128 puerum
800 1075 979 1124 natum3
1010 1085 1150 1126 neque
1170 1084 1272 1112 eum
1291 1069 1512 1111 nominat:

277 1143 474 1184 Priorem
495 1155 595 1183 esse
619 1142 771 1191 illum3
802 1154 893 1182 non
915 1143 1118 1194 oportere
1139 1139 1241 1203 ¹122?
1265 1137 1374 1179 dari.
1677 1137 1736 1179 25

277 1211 376 1252 AES.
409 1211 505 1251 Eho
523 1211 532 1252 !
562 1223 708 1252 nonne
729 1210 827 1251 haec
842 1209 966 1263 justa
986 1208 1069 1250 tibi
1090 1207 1293 1250 videntur
1313 1204 1506 1260 posteat

278 1279 365 1320 M1.
398 1278 515 1320 Non.
590 1279 691 1320 AES.
724 1278 937 1328 Obsecro,
972 1278 1088 1319 non?
1144 1290 1201 1318 an
1233 1276 1356 1317 illam
1389 1273 1492 1314 hinc
1526 1271 1734 1324 abducet,

449 1346 605 1400 pater?

274 1466 325 1498 illi
350 1467 532 1506 cognatione
554 1467 740 1508 proximus;
764 1465 834 1497 huic
856 1467 907 1497 lex
930 1464 1052 1496 Solonis
1072 1465 1136 1496 vult
1163 1473 1288 1496 uxorem
1311 1472 1386 1503 esse,
1409 1466 1465 1494 aut
1479 1461 1508 1493 si
1528 1462 1582 1493 ille
1597 1469 1664 1492 eam
1680 1468 1738 1490 non

277 1511 416 1550 duxerit,
440 1512 542 1542 dotem
563 1511 592 1542 ei
613 1510 696 1541 orboe
712 1511 797 1541 dare.
845 1510 912 1540 AES.
936 1509 1049 1540 Actum
1065 1512 1113 1540 est
1127 1509 1164 1539 de
1187 1517 1244 1540 me.
1289 1508 1355 1538 M1.
1381 1506 1466 1542 Quia
1482 1504 1540 1536 tibi
1555 1502 1626 1536 est?
1671 1502 1739 1533 AES.

281 1553 374 1584 Nihil
390 1555 469 1585 male
483 1557 548 1585 est.-
571 1555 770 1594 progredere.
816 1552 882 1583 M1.
908 1552 943 1582 Is
957 1560 1028 1581 vero
1040 1551 1098 1582 huc
1111 1550 1268 1593 profectus
1284 1554 1341 1590 est,
1354 1553 1389 1580 ut
1403 1559 1471 1580 eam
1487 1548 1558 1579 hinc
1572 1556 1673 1579 secum
1685 1545 1739 1575 ab·

278 1597 396 1634 duem,-
421 1607 494 1628 nam
519 1596 640 1627 habitat
662 1595 782 1627 Mileti.
829 1595 897 1625 AEs.
922 1593 1032 1625 Hem!
1055 1595 1208 1633 virginem
1235 1594 1313 1624 hanc
1338 1595 1373 1623 ut
1390 1588 1545 1622 abducat?
1590 1590 1658 1621 M1.
1683 1588 1740 1619 Sic

267 1638 415 1675 facturus
429 1643 486 1671 est.
531 1640 597 1671 ΖΕΒ.
623 1640 714 1670 Itane
728 1648 830 1679 quoeso
855 1641 920 1668 tam
942 1638 1049 1678 procul
1066 1637 1137 1667 hinc
1156 1637 1305 1667 Miletum
1330 1645 1398 1667 eam
1420 1634 1550 1665 avehet?
1592 1632 1660 1664 Μι.
1683 1630 1739 1662 Sic

277 1685 334 1714 est.
379 1682 447 1713 AEs.
469 1682 584 1715 Animo
613 1683 734 1722 linquar
762 1691 828 1722 proe
852 1682 964 1711 dolore.
1012 1680 1099 1715 Quid
1128 1679 1191 1710 illoe
1216 1679 1362 1710 mulieres
1388 1677 1484 1709 animi
1505 1675 1636 1707 habent?
1665 1673 1740 1715 quid

274 1725 400 1756 dicunt?
431 1726 497 1757 M1.
524 1726 609 1763 Quid
623 1725 694 1756 illas
704 1727 797 1765 putas
809 1724 931 1755 dicere?
946 1722 1036 1754 nihil.
1070 1723 1178 1754 BIater
1193 1723 1249 1753 hoc
1266 1721 1468 1760 excogitavit,
1484 1717 1675 1760 dicitfiliam
1687 1726 1742 1757 pe-

276 1768 534 1808 perissepuerum
547 1779 586 1799 ex
594 1769 656 1799 alio
665 1768 767 1799 nescio
779 1777 834 1807 quo
847 1765 981 1805 homine,
994 1765 1079 1804 cujus
1094 1775 1201 1796 nomen
1217 1765 1294 1795 celat
1307 1775 1315 1795 :
1339 1764 1428 1794 illum
1439 1772 1501 1794 esse
1515 1760 1741 1802 praeferendum

277 1811 348 1841 huic
372 1812 508 1850 Milesio,
529 1816 565 1843 ut
591 1821 657 1842 eam
678 1812 769 1841 ducat
785 1819 924 1841 uxorem.
969 1808 1037 1839 [Ἐς.
1063 1808 1155 1839 Eho!
1177 1818 1275 1838 nonne
1290 1808 1354 1837 hoec
1370 1805 1512 1846 oequitati
1537 1806 1740 1834 consentanea

275 1863 339 1885 esse
361 1854 551 1886 arbitraris?
596 1855 661 1886 M1.
684 1853 831 1885 Minime.
877 1852 945 1884 AES.
972 1851 1188 1891 Quamobrem,
1210 1853 1334 1891 quaeso?
1356 1849 1480 1880 illumne
1510 1847 1582 1878 hinc
1608 1845 1741 1877 avehet?

893 1945 1130 1958 ‘cmv-”eo

277 2030 363 2059 —20
386 2026 529 2058 Advelzat
557 2024 673 2058 Guelf.
699 2028 733 2057 2.
761 2024 860 2065 Legit
884 2025 987 2056 Both.
1023 2024 1106 2056 Nam
1125 2022 1233 2054 Mileti
1256 2021 1388 2053 habitat.
1420 2021 1516 2060 Hem,
1540 2023 1613 2052 utne
1639 2029 1739 2051 secum

277 2070 432 2110 virginem
448 2093 456 2101 .
474 2092 482 2101 .
500 2090 508 2099 .
526 2073 560 2100 .?
584 2069 717 2109 abjecto
735 2069 940 2099 ‹melum—21
967 2067 1035 2105 Sic,
1057 2067 1180 2098 omisso
1203 2069 1261 2104 est,
1276 2063 1392 2096 Guelf.
1406 2067 1526 2096 2.-22
1551 2063 1638 2100 Quid
1649 2061 1740 2103 ipsoe]

279 2113 374 2145 Alias
392 2114 477 2148 Quid
498 2113 574 2153 ipsoe
599 2110 711 2142 aiunt?
735 2112 793 2142 Er.
826 2111 909 2142 Istas
926 2111 997 2142 ΕΡ.
1020 2110 1122 2142 West.
1154 2110 1251 2150 Istas]
1268 2108 1335 2139 Hic
1360 2117 1494 2149 quoqne
1517 2107 1689 2147 Donatus,
1702 2109 1739 2136 et

277 2157 376 2188 Bem.
408 2161 443 2187 et
466 2165 582 2186 omnes
608 2158 776 2193 recentes,
803 2153 885 2185 illas.
917 2155 975 2185 Fa.
1015 2153 1108 2183 Unus
1135 2157 1265 2182 tantum
1293 2160 1337 2182 ex
1367 2150 1505 2188 nostris,
1529 2150 1613 2181 illas.
1635 2148 1740 2180 Bent.

279 2199 391 2230 Abest
414 2198 489 2239 quid
510 2197 657 2229 medinm
675 2207 694 2228 a
711 2195 829 2228 Guelf.
853 2200 885 2229 2.
903 2197 989 2227 Perl.
1028 2195 1121 2227 Nihil
1143 2196 1235 2226 enim.
1269 2192 1463 2233 Commenta]
1491 2192 1583 2224 Edit.
1598 2200 1665 2223 non
1691 2191 1740 2222 in-

279 2242 468 2282 terpungit.
494 2242 612 2272 Bruns.
645 2240 729 2271 Istas
753 2240 812 2271 Br.
831 2240 870 2271 Z.
907 2239 1020 2278 Agunt
1046 2248 1107 2279 pro
1134 2239 1222 2269 aiant
1250 2237 1438 2268 Rom—24
1463 2235 1558 2267 Enim
1584 2243 1648 2276 pro
1670 2243 1741 2264 eum

278 2285 467 2316 natm—25
492 2283 535 2314 Εἰ
560 2293 620 2323 pro
636 2283 707 2313 huic
730 2281 847 2313 Guelf.
864 2285 984 2314 2.—26
1008 2281 1120 2312 AEsch.
1149 2284 1262 2321 rogat,
1278 2285 1438 2320 tanquam
1462 2278 1509 2318 id,
1526 2277 1617 2318 quod
1641 2282 1741 2317 pater

278 2328 415 2359 dixerat
439 2330 678 2364 commentum,
698 2335 812 2356 verum
843 2325 977 2356 omnino
1005 2324 1060 2355 sit.
1094 2324 1150 2355 Ita
1171 2333 1207 2354 se
1233 2322 1324 2363 patri
1348 2322 1471 2362 aperit.
1516 2321 1580 2352 Do.
1598 2320 1653 2352 vel
1674 2319 1739 2350 hoc

275 2374 381 2411 postea
397 2368 440 2400 ad
458 2370 573 2400 audita
590 2368 633 2399 de
650 2378 756 2408 puero
773 2378 816 2399 ex
839 2368 904 2398 alio
920 2368 992 2398 viro
1009 2373 1088 2398 nato
1114 2365 1342 2404 referendum,
1359 2365 1412 2395 vel
1438 2363 1655 2394 abundanter
1669 2362 1740 2392 dic-

281 2417 350 2444 tum
366 2415 506 2451 censet;
528 2412 582 2443 cui
608 2411 789 2452 posteriori
806 2411 987 2441 sententiae
1005 2409 1174 2441 accedunt
1197 2408 1299 2439 hodie
1317 2416 1443 2439 omnes.
1488 2406 1597 2438 Nobis
1614 2405 1648 2436 in
1664 2414 1739 2435 nos-

279 2462 345 2495 tro,
362 2455 452 2497 quod
476 2454 600 2495 saepius
618 2455 761 2485 sumitur
785 2452 961 2494 παρέλκειν,
977 2462 1043 2483 non
1072 2452 1195 2492 placet.
1240 2451 1308 2481 Sed
1334 2456 1371 2482 et
1392 2454 1489 2481 vetus
1506 2448 1561 2480 ed.
1592 2447 1739 2488 Argent.

279 2499 412 2539 signum
427 2497 568 2537 rogandi
583 2497 682 2528 aliter
694 2496 794 2536 ponit
806 2497 1013 2527 -vz'dentur?
1034 2498 1140 2535 postea
1153 2494 1291 2535 -quasi
1305 2493 1416 2524 AEsch.
1430 2491 1573 2532 amplius
1589 2490 1744 2522 dicturus

282 2540 429 2572 fuisset:
453 2540 582 2571 Postea
605 2540 708 2570 etiam
737 2540 828 2570 illam
855 2539 935 2570 hinc
952 2537 1121 2569 abducet?
1147 2536 1177 2568 A
1195 2541 1291 2577 parte
1318 2535 1555 2576 interponentis
1581 2532 1614 2564 id
1640 2537 1738 2564 certe

279 2594 358 2615 mox
385 2582 490 2615 addit.
535 2583 690 2614 Venerat
716 2591 851 2622 quoque
878 2582 912 2612 in
937 2586 1098 2619 mentem,
1115 2589 1157 2610 an
1184 2580 1252 2620 legi
1284 2579 1389 2620 possit
1409 2577 1538 2619 pascier.
1558 2575 1738 2616 Bip.Eh0,

278 2636 378 2659 nonne
403 2626 468 2658 hoec
487 2625 574 2665 juste
599 2625 657 2656 tibi
682 2625 806 2656 videtur
831 2633 955 2665 poscere
972 2624 1161 2655 Rom—27
1187 2623 1274 2654 Hinc
1302 2622 1414 2654 omitt.
1444 2620 1632 2653 Rota-28
1657 2618 1742 2654 Quid

939 2720 1083 2753 NOTAE

596 2788 637 2818 20
655 2785 776 2826 Mileti]
800 2785 890 2822 Urbs
907 2785 1033 2826 Cariae,
1050 2794 1139 2817 nunc
1157 2783 1266 2822 dicta,
1287 2780 1425 2812 Melam.
