1966 3302
563 220 787 250 EUNUCHI
823 219 932 249 Ac'r.
968 219 1008 249 v.
1042 219 1107 248 sc.
1146 219 1220 248 ix.
1530 206 1615 247 535

164 316 347 370 Accipit
367 314 583 355 hominem
605 326 735 354 nemo
757 313 912 354 melius
935 324 1128 365 prorsuS,
1151 324 1296 365 noque
1311 312 1543 365 prolixius.

165 385 258 425 PH.
287 382 467 430 Mirum,
488 381 531 421 ni
554 381 659 422 illoc
680 381 853 422 homine
885 391 1068 433 quoquo
1092 384 1227 432 pacto
1247 392 1362 432 opus
1385 383 1465 420 est.
1528 380 1615 421 CH.

339 449 458 490 Idem
480 461 561 501 ego
583 449 777 489 arbitror.

167 519 261 560 GN.
292 517 433 558 Recte
460 516 621 558 facitis.
682 515 831 556 Unum
865 515 998 555 etiam
1027 514 1112 555 hoc
1145 527 1226 556 vos
1261 528 1352 565 oro,
1387 520 1436 557 ut
1468 528 1536 556 me
1572 516 1618 556 in

334 588 526 625 vestrum
548 596 716 637 gregem

167 653 442 707 Recipiatis:
475 654 584 693 satis
617 653 693 692 diu
724 650 807 693 hoc
834 651 931 705 jam
962 663 1121 692 saxum
1155 651 1303 693 volvo.
1364 652 1455 694 PH.
1487 652 1622 694 Reci-

372 720 499 761 imus.
1564 721 1602 760 5.

169 788 256 831 CH.
288 733 368 830 A?
378 788 580 829 libenter.
640 787 735 829 GN.
768 786 828 828 At
848 798 931 839 ego
960 799 1038 839 pro
1069 786 1197 837 istoc,
1228 786 1454 837 Phaedria,
1484 790 1526 828 et
1556 721 1621 837 tu?

340 854 537 906 Chaerea,

170 925 308 968 Hunc
345 922 666 966 comedendum
701 924 743 963 et
779 920 1061 962 deridendum
1103 920 1229 961 vobis
1267 920 1472 976 propino.
1534 919 1622 962 CH.

338 992 508 1034 Placet.

167 1091 334 1128 existam),-
348 1100 435 1122 nemo
447 1090 599 1121 hominem
613 1089 750 1120 convivio
765 1086 880 1127 excipit
896 1087 1065 1127 liberalius,
1077 1097 1171 1127 neque
1187 1088 1302 1119 lautius
1318 1091 1348 1119 et
1363 1088 1625 1130 magutificentz'us.

127 1157 129 1160 -
170 1136 240 1167 Pu.
266 1134 427 1165 Nimirum
447 1133 502 1164 hoc
523 1132 643 1164 homine
668 1131 750 1162 omni
777 1132 863 1161 modo
886 1130 972 1161 nobis
993 1140 1066 1162 usus
1093 1134 1149 1161 est.
1195 1132 1262 1162 Cn.
1288 1131 1375 1162 Idem
1388 1132 1506 1169 judico.
1550 1132 1624 1163 GN.

172 1177 268 1208 Recte
283 1177 368 1208 vobis
380 1177 567 1217 prospicitis.
618 1175 720 1205 Unum
736 1174 830 1205 etiam
854 1177 901 1204 est
925 1174 1004 1213 quod
1027 1184 1045 1204 α
1070 1174 1155 1204 vobis
1174 1175 1304 1214 postulo,
1325 1178 1359 1205 ut
1382 1175 1477 1205 mein
1491 1178 1626 1206 vestrum

168 1219 363 1251 sodalitatem
387 1219 572 1250 admittatis.
617 1217 704 1248 Satis
729 1218 783 1247 diu
806 1217 886 1247 huuc
908 1216 1038 1256 lapidem
1060 1217 1189 1247 molior:
1206 1216 1332 1255 jamdiu
1356 1218 1389 1247 id
1407 1227 1507 1249 conor.
1555 1217 1626 1249 Pu.

170 1262 388 1294 Admittimus.
431 1262 500 1293 Cn.
530 1262 626 1301 quue
651 1260 759 1291 libenti
781 1259 882 1290 animo
897 1260 1048 1298 fucimuS.
1094 1259 1164 1290 GN.
1190 1260 1231 1290 At
1261 1270 1316 1298 ego
1340 1270 1396 1300 pro
1420 1260 1483 1291 ista
1507 1260 1626 1299 gratia,

171 1305 333 1342 Phaedria,
350 1308 453 1345 tuque,
472 1305 613 1342 Chaereu,
629 1303 708 1334 hunc
726 1303 862 1333 Militem
885 1302 969 1333 vobis
993 1302 1208 1333 comedendum
1223 1306 1252 1333 et
1268 1303 1468 1333 deridendum
1479 1303 1629 1344 propino:

169 1347 248 1380 hunc
263 1347 347 1379 vobis
361 1348 463 1387 trado,
478 1352 512 1378 ut
530 1347 595 1386 ejus
610 1346 760 1377 sumtibus
782 1347 868 1377 lauta
883 1348 914 1376 et
928 1345 1048 1386 copiosa
1064 1346 1204 1377 convivia
1220 1345 1368 1386 faciatis,
1384 1346 1469 1386 eique
1484 1356 1524 1377 ex
1537 1346 1627 1377 solito

775 1441 950 1452 &oeteo-‘0‘
956 1441 1011 1452 eet

170 1514 256 1542 -52
268 1510 309 1542 In
323 1508 433 1541 tribus
446 1508 595 1550 antiquis
608 1507 703 1538 libris
716 1506 842 1547 legitur
854 1507 940 1537 homo
951 1517 1046 1538 nemo.
1078 1507 1135 1538 Ita
1151 1508 1159 1524 ‘
1172 1506 1328 1548 Accipit'
1341 1508 1493 1539 absolute
1506 1508 1630 1540 iutelli-

173 1554 319 1594 gendum
332 1557 404 1584 est:
423 1552 519 1583 etsie
537 1560 669 1592 quoque
685 1555 752 1581 stat
770 1559 897 1585 versus,
914 1550 1117 1589 assiguando
1134 1551 1251 1590 primae
1266 1551 1338 1582 sedi
1352 1551 1550 1583 trochaeum.
1567 1552 1627 1583 Fa.

173 1597 282 1629 Recte
297 1596 385 1628 homo
408 1605 516 1631 nemo;
541 1598 578 1625 ut
592 1602 634 1624 ex
656 1593 779 1624 nostris
795 1593 945 1633 aliquot3
970 1594 1034 1623 etsi
1060 1602 1179 1624 novem
1203 1592 1275 1625 fere
1297 1595 1329 1624 in
1347 1594 1496 1625 diversas
1514 1601 1629 1635 partes

174 1639 314 1671 abeant.
357 1639 504 1678 Nonius,
518 1647 548 1669 v.
565 1635 746 1676 Accipere,
760 1636 864 1667 habet
877 1636 1002 1676 Accipit
1015 1636 1176 1667 hominem.
1210 1636 1278 1667 Sed
1292 1637 1337 1668 ibi
1353 1637 1464 1669 codex
1482 1638 1629 1679 scriptus

172 1685 248 1714 900.
265 1691 441 1721 annorum,
457 1681 554 1712 homo.
600 1679 739 1710 Servius
758 1688 890 1720 quoque
912 1679 999 1709 homo
1025 1678 1068 1709 ad
1092 1679 1168 1709 AEn.
1191 1688 1246 1710 111.
1263 1682 1337 1711 353.
1383 1681 1544 1717 Prorsum,
1562 1691 1629 1712 non

169 1734 298 1766 prorsus
313 1725 466 1766 plerique
479 1732 615 1754 omnes:
641 1722 730 1763 quod
746 1727 839 1753 certe
853 1722 942 1752 inter
959 1722 968 1738 ‘
983 1722 1100 1752 melius
1112 1721 1119 1733 '
1138 1726 1172 1753 et
1185 1723 1194 1739 ‘
1209 1723 1370 1762 prolixius
1382 1722 1390 1735 ’
1404 1723 1481 1754 ideo
1494 1725 1630 1755 concin-

174 1768 248 1799 nius
260 1773 325 1805 est,
346 1767 435 1809 quod
450 1767 601 1807 ingratus
623 1765 686 1795 iste
702 1765 818 1796 sibilus
834 1765 995 1796 evitetur.
1010 1765 1107 1795 Bent.
1129 1765 1205 1795 Ace.
1221 1765 1373 1796 homiuem
1388 1776 1473 1796 nemo
1487 1777 1630 1807 prorsum

172 1821 269 1852 neque
295 1812 355 1842 ΒΓ.
379 1810 498 1841 Melius
514 1809 633 1840 abesse
656 1817 723 1838 non
743 1818 842 1849 posse
859 1812 958 1838 notat
982 1807 1105 1838 Bi'uns.
1130 1808 1230 1839 Nemo
1247 1809 1353 1839 melius
1368 1819 1509 1849 prorsum
1525 1811 1629 1841 Bent.

173 1854 252 1894 Bip.
264 1854 453 1885 Boiu—53
470 1853 569 1883 Muta
586 1860 805 1892 personarum
819 1851 940 1889 vicem,
954 1855 990 1881 et
1007 1851 1100 1890 prius
1114 1850 1157 1880 da
1172 1850 1249 1882 Chae
1257 1861 1337 1888 reae,
1348 1853 1517 1892 posterius
1529 1853 1629 1884 Phae-

174 1896 279 1936 driae3
296 1897 367 1938 qui,
383 1900 421 1927 ut
432 1895 568 1927 Thaidis
586 1898 728 1933 amator,
744 1894 785 1925 ad
800 1903 1004 1925 consensum
1019 1893 1147 1924 tardior
1159 1902 1230 1924 esse
1245 1895 1362 1926 debet.
1396 1896 1516 1936 Neque
1528 1896 1630 1927 aliter

174 1939 344 1971 Donatus.
365 1939 462 1970 Bent.
507 1937 686 1969 Accedunt
699 1937 801 1970 Both.
819 1937 914 1967 Perl-
937 1937 1008 1977 Ego
1021 1936 1150 1967 omittit
1165 1937 1377 1977 Delph.--—-54¹
1401 1936 1456 1968 Ab
1473 1939 1627 1970 omnious

174 1983 299 2013 nostris
316 1987 352 2014 et
371 1981 460 2013 Edd.
487 1985 571 2012 vett.
593 1979 693 2011 abest
713 1980 779 2010 lzoc.
827 1981 958 2011 Recte:
985 1984 1021 2011 et
1049 1980 1097 2010 sic
1114 1979 1198 2010 citat
1215 1981 1326 2011 locum
1345 1981 1481 2011 Servius
1499 1982 1541 2012 ad
1556 1983 1630 2014 AEn.

177 2033 231 2057 11.
261 2028 336 2057 352.
366 2025 465 2056 Beni.
510 2023 653 2055 Omittit
669 2030 705 2054 et
724 2024 865 2054 Biz—55
895 2023 936 2053 In
960 2023 1026 2053 Ms.
1057 2022 1148 2063 Lips.
1175 2024 1219 2061 τῷ
1243 2024 1331 2054 volvo
1347 2025 1629 2065 suprascriptum,

175 2077 273 2100 verso.
318 2066 494 2100 Quomodo
508 2071 544 2097 et
561 2066 682 2098 Cicero
699 2066 834 2097 videtur
849 2065 987 2105 legisse,
1007 2066 1106 2096 Tusc.
1126 2066 1260 2098 Quaest.
1278 2075 1303 2098 1.
1321 2070 1353 2098 5.
1397 2068 1406 2084 ‘
1425 2067 1516 2099 Num
1534 2068 1630 2106 iliud,

175 2110 266 2151 quod
279 2110 435 2150 Sisyphu’
451 2113 567 2141 versat
589 2110 715 2140 Saxum
729 2108 854 2139 sudans
868 2108 1022 2146 nitendo,
1039 2118 1146 2149 neque
1162 2107 1296 2148 proficit
1311 2110 1415 2140 hilum
1430 2109 1452 2140 ?’
1497 2109 1537 2140 In
1556 2111 1629 2142 ΕΡ.

176 2153 377 2192 est‚jamhoc
385 2162 494 2183 saxum
503 2153 599 2184 volvo.
617 2152 724 2182 West.
743 2151 882 2189 Hocjam
897 2161 922 2181 s.
937 2150 1039 2191 vorso]
1057 2151 1142 2181 Msti
1157 2152 1265 2182 nostri
1281 2162 1417 2193 prorsus
1427 2162 1543 2184 omnes
1555 2163 1631 2184 cum

177 2195 267 2227 Edd.
284 2200 366 2227 vett.
381 2196 452 2234 jam
467 2195 532 2226 hoc.
556 2194 761 2226 Com-,innius
787 2195 867 2224 sutis
881 2193 1017 2232 diujam.
1061 2193 1129 2225 Sed
1144 2193 1240 2233 illud,
1256 2195 1344 2234 quod
1361 2195 1457 2227 dedit
1470 2196 1634 2235 Faornuffi

177 2238 269 2270 unde
286 2239 403 2270 venit?
448 2238 526 2269 Pet.
541 2246 638 2273 verso,
657 2238 765 2268 ceteri
780 2238 877 2267 volvo.
923 2236 1085 2267 Praetulit
1100 2236 1184 2267 illud
1201 2237 1351 2269 fortasse
1367 2239 1454 2279 quis,
1474 2249 1516 2270 ex
1534 2240 1632 2271 Cice-

178 2291 258 2312 rone
273 2282 374 2313 Tusc.
387 2290 414 2312 1.
427 2283 460 2311 4.
492 2281 598 2313 Quasi
617 2290 681 2310 non
696 2289 716 2310 a
731 2279 872 2319 Virgilio
884 2279 992 2319 major
1005 2280 1205 2319 auctoritas,
1220 2281 1295 2312 AEn.
1314 2290 1363 2312 vn.
1378 2284 1452 2313 616.
1484 2283 1493 2299 ‘
1508 2282 1632 2314 Saxum

177 2323 296 2365 iugens
313 2324 454 2355 volvunt
470 2324 539 2362 alii,
551 2322 697 2354 radiisve
714 2326 862 2353 rotarum
876 2322 1047 2353 Destricti
1064 2323 1241 2363 pendent.'
1255 2325 1352 2355 Bent·
1381 2325 1529 2357 Quidam
1546 2326 1633 2358 Mss.

176 2377 277 2407 verso,
293 2367 382 2408 quod
400 2376 462 2397 nec
476 2366 648 2406 displicet.
676 2365 749 2405 Bip.
794 2364 850 2395 Sut
869 2364 946 2404 Bip.
976 2365 1051 2395 Jum
1074 2366 1129 2396 Ιιοι·
1154 2366 1214 2397 Br.
1236 2366 1328 2398 Perl.
1362 2367 1456 2398 Verso
1484 2368 1633 2399 Exn-56

179 2410 336 2441 Lubenter
348 2410 408 2441 ΒΓ.
425 2410 528 2440 Both.
551 2409 641 2440 Peri.
687 2408 753 2438 Isto
774 2408 877 2438 Bent.
897 2408 1075 2439 Fert-57
1102 2408 1171 2440 Ms.
1188 2409 1279 2448 Lips.
1296 2410 1379 2449 legit
1394 2419 1401 2439 :
1419 2412 1634 2442 comedendum

176 2456 208 2483 et
224 2452 384 2484 bibendum
399 2452 483 2483 tobis
495 2451 643 2491 praebebo.
690 2450 757 2481 Sed
784 2452 828 2489 τῷ
849 2450 1012 2481 bibendum
1029 2452 1312 2491 suprascriptum,
1333 2454 1542 2484 deridendum.
1588 2454 1633 2484 Et

179 2495 315 2526 Fabriui
332 2495 455 2533 edidit,
477 2494 647 2525 bibendum.
669 2494 744 2524 ΕΡ.
770 2494 970 2524 deridendum
985 2493 1071 2524 vobis
1082 2494 1236 2534 proebebo.
1284 2496 1330 2526 Et
1355 2495 1392 2525 τὸ
1419 2496 1562 2536 praebebo
1587 2506 1632 2527 ex

839 2580 979 2612 NOTAE

222 2647 263 2677 57
288 2644 439 2686 Propino]
476 2644 618 2676 Graecus
652 2644 685 2676 in
714 2644 877 2676 conviviis
932 2645 1151 2686 propinantes
1163 2651 1277 2679 autem
1290 2646 1461 2680 sublatum
1474 2648 1633 2689 poculum

179 2706 250 2727 mos
273 2695 352 2736 fuit,
379 2694 613 2736 praegustandi
629 2695 753 2735 vinum,
770 2695 878 2736 prius-
933 2697 1163 2736 ostentabant,
1198 2698 1409 2730 nominantes
1448 2699 1502 2731 cui
1538 2705 1634 2731 erant

182 2755 281 2786 quam
320 2746 480 2786 poculum
524 2746 622 2777 alteri
661 2746 878 2779 traderetur:
932 2746 1014 2778 illud
1031 2747 1200 2779 tradituri.

182 2796 270 2828 uude
287 2795 439 2838 προπίνων
453 2801 488 2828 et
506 2796 685 2837 propinare
701 2796 881 2836 dicuntum
