1966 3302
322 248 409 288 614
820 259 862 289 P.
895 258 1137 288 'rssREN'rn
1169 258 1284 289 Arm

326 352 431 404 Qua
464 352 550 393 hoc
581 355 815 406 occeptum
847 352 907 394 'st
938 366 1092 405 causa,
1123 354 1315 409 loquere.
1375 355 1455 396 So.
1486 353 1548 396 Ut
1570 355 1714 398 stultae
1732 360 1779 398 et

495 421 655 461 misere
677 433 826 460 omnes
850 434 999 461 sumus

325 487 588 541 Religiosae3
620 501 717 528 cum
740 488 1051 540 exponendam
1073 488 1131 529 do
1152 488 1231 539 illi,
1254 487 1307 530 de
1326 488 1463 541 digito
1484 489 1693 531 annulum

324 555 551 607 Detrah03
573 558 614 596 et
633 569 729 596 eum
751 555 893 606 edico,
914 560 961 596 ut
982 569 1071 597 una
1092 569 1192 597 cum
1211 556 1362 609 puella
1383 561 1645 610 exponeret;

323 622 373 664 Si
394 628 644 672 moreretur,
664 636 717 663 ne
740 636 901 676 expers
925 624 1064 676 partis
1087 626 1205 664 esset
1227 623 1280 664 de
1302 623 1466 663 nostriS
1487 623 1627 664 bonis.

323 689 409 732 CH.
442 690 566 732 Istuc
586 694 728 731 recte:
760 691 1034 731 conservasti
1070 695 1125 743 te,
1161 693 1291 744 atque
1324 690 1462 731 illam.
1523 689 1603 732 So,
1636 689 1684 732 Is
1705 690 1778 734 hic

498 762 568 799 est
588 759 790 799 annulus.
1720 758 1779 799 40

324 824 412 866 CH.
444 824 571 866 Unde
609 826 777 866 habes?
839 825 917 865 So.
966 824 1116 875 Quam
1157 824 1349 866 Bacchis
1391 836 1545 865 secum
1586 824 1778 867 adduxit

496 893 888 934 adolescentulam.
950 894 1034 933 SY.
1077 892 1219 934 Hem!

323 958 413 1002 CH.
446 959 564 1011 Quid
585 975 638 1002 ea
655 961 833 1003 narrat?
893 960 972 1002 So.
1005 959 1072 1001 Ea
1093 959 1295 1001 lavatum
1316 959 1420 1001 dum
1440 959 1490 1009 it,
1511 959 1776 1002 servandum

495 1029 602 1069 mihi
625 1029 762 1070 dedit.

322 1094 530 1137 Animum
571 1110 661 1138 non
702 1096 874 1138 advorti
909 1095 1138 1149 primum3
1185 1095 1282 1145 sed,
1321 1096 1561 1148 postquam
1601 1094 1779 1150 aspexi,

494 1164 616 1205 illico

322 1231 549 1285 Cognovi:
582 1231 638 1272 ad
670 1236 715 1272 te
752 1230 928 1272 exsilui.
988 1229 1076 1272 CH.
1109 1228 1233 1280 Quid
1271 1241 1387 1270 nunc
1423 1229 1667 1283 suspicare,
1703 1233 1779 1274 aut

492 1312 664 1340 mvems

323 1396 410 1427 istud
425 1401 471 1428 est
487 1399 567 1438 quod
581 1398 722 1429 narrasti
736 1398 773 1429 de
787 1398 926 1438 exposita
932 1396 1020 1440 filia,
1037 1396 1087 1428 dic
1103 1406 1161 1437 qua
1185 1395 1340 1427 occasione
1362 1396 1517 1438 inceptum
1541 1400 1598 1428 est.
1645 1397 1706 1429 So.
1735 1397 1779 1429 Ut

324 1450 427 1470 omues
445 1451 500 1471 nos
516 1441 658 1472 mulieres
670 1451 774 1471 sumus
790 1442 968 1472 inconsulta·
991 1445 1022 1471 et
1036 1440 1272 1480 superstitiosoe,
1295 1449 1364 1470 cum
1377 1442 1415 1470 do
1431 1440 1479 1470 illi
1504 1440 1578 1471 anui
1593 1439 1700 1480 filiam
1723 1449 1777 1471 ex-

318 1485 503 1523 ponendam,
525 1484 626 1514 eximo
641 1485 786 1514 annulum
801 1486 839 1514 de
862 1483 978 1522 digito,
1001 1487 1031 1514 et
1052 1483 1200 1523 proecipio
1226 1482 1275 1513 illi
1304 1486 1339 1513 ut
1363 1486 1528 1522 exponeret
1555 1483 1692 1523 puellam
1711 1493 1780 1514 cum

320 1527 452 1556 (timulo.-
475 1527 502 1556 si
517 1527 572 1556 illa
587 1526 743 1565 interiret,
759 1530 792 1557 ut
809 1526 944 1567 aliquam
961 1529 1081 1566 partem
1097 1525 1243 1556 bonorum
1259 1528 1432 1556 nostrorum
1447 1525 1583 1557 liaberet.
1623 1525 1692 1556 Cn.
1716 1526 1779 1556 Fe-

319 1568 391 1598 cisti
407 1568 491 1600 istud
503 1572 598 1607 recte,
612 1568 656 1600 sic
671 1570 801 1600 servasti
816 1573 857 1608 te,
880 1579 917 1599 ue
925 1569 1051 1608 faceres
1066 1572 1175 1599 contra
1190 1567 1393 1607 religionem3
1416 1570 1509 1608 atque
1534 1568 1632 1607 illam,
1654 1578 1691 1599 ne
1715 1578 1780 1599 ono-

321 1614 455 1642 reretur.
501 1612 560 1643 Sc.
584 1613 664 1643 Ecce
679 1612 729 1643 hic
745 1616 791 1643 est
817 1613 959 1643 annulus.
1007 1612 1077 1643 CH.
1104 1611 1133 1642 A
1159 1621 1216 1652 quo
1241 1620 1309 1641 eum
1333 1611 1547 1651 recuperasti?
1588 1612 1647 1642 So.
1670 1611 1782 1642 Habeo

320 1664 361 1684 ex
377 1655 612 1695 adolescentula,
635 1665 727 1695 quam
742 1655 877 1686 Bacchis
890 1655 1022 1686 adduxit
1038 1664 1149 1685 secum.
1194 1653 1259 1686 SY.
1282 1652 1392 1684 Hem!
1426 1654 1494 1684 CH.
1511 1653 1597 1689 Quid
1612 1664 1647 1685 ea
1662 1653 1783 1692 refert?

322 1696 382 1727 So.
408 1697 494 1728 Dum
509 1698 574 1728 Izaec
598 1697 764 1739 Antiphila
788 1698 813 1728 it
837 1699 987 1737 lavatum,
1010 1696 1145 1728 tradidit
1167 1696 1246 1727 mihi
1267 1695 1368 1732 illum,
1388 1698 1423 1726 ut
1452 1705 1617 1728 servarem.
1663 1697 1781 1732 Quam-

319 1741 457 1779 primum
479 1741 580 1771 animo
596 1751 656 1771 non
672 1740 792 1772 attendi
802 1751 814 1777 ,·
836 1742 889 1771 sed
904 1744 1065 1780 postquam
1076 1739 1199 1780 aspexi,
1214 1738 1322 1769 statim
1333 1739 1459 1778 agnovi,
1482 1742 1512 1769 et
1527 1740 1670 1770 exultans
1687 1740 1727 1770 ad
1748 1743 1779 1770 te

320 1783 402 1813 veni.
450 1784 519 1816 CH.
546 1784 630 1819 Quid
644 1784 769 1824 conjicis
785 1793 862 1824 esse,
882 1786 936 1814 aut
951 1784 1025 1824 quid
1040 1783 1158 1824 reperis
1179 1780 1288 1813 indicii
1302 1782 1340 1814 de
1354 1783 1409 1813 illa
1422 1780 1673 1814 adolescentula?
1717 1782 1778 1814 So.

930 1873 1166 1885 ‘nmaeaeme

322 1940 511 1979 hendatur;
550 1944 587 1972 ut
618 1940 674 1980 sit,
700 1940 709 1957 ‘
727 1938 932 1981 injustitia.”
956 1940 1043 1970 Perl.
1067 1938 1230 1977 Injustz'lia
1259 1941 1322 1970 tua.
1349 1937 1560 1979 Deum—35
1586 1938 1688 1969 Both.
1704 1938 1778 1968 Ma-

323 1985 353 2015 la
366 1986 451 2015 docet
467 1993 535 2014 mea
543 1983 691 2022 facilitas
706 1986 737 2014 te
751 1985 860 2014 multa.
885 1982 987 2013 Bodl.
1003 1982 1076 2022 quid
1092 1985 1149 2013 est.
1174 1982 1233 2013 ΒΥ.
1248 1982 1301 2012 sed
1318 1981 1414 2012 istud.
1447 1980 1554 2011 Abest
1570 1981 1650 2011 istuc
1667 1979 1782 2012 Guelf.

323 2029 442 2058 2.—-36
466 2027 539 2058 ΕΡ.
562 2027 617 2057 hoc
632 2030 762 2067 ceptum.
808 2026 848 2056 In
863 2026 964 2056 editis
990 2024 1233 2065 antiquissimis
1258 2028 1312 2056 est
1338 2025 1443 2055 stulta>
1469 2027 1500 2055 et
1524 2024 1666 2054 miserm.-
1689 2023 1780 2064 quod

322 2079 503 2110 perperam
520 2079 563 2100 ex
585 2070 769 2100 Msstorum
796 2070 891 2099 stalle
907 2071 936 2098 et
962 2068 1071 2099 misere
1095 2076 1308 2107 expressum,
1333 2076 1408 2097 cum
1425 2070 1606 2106 utrumque
1623 2066 1781 2097 videatur

322 2122 398 2143 esse
415 2112 623 2143 adverbium.
654 2113 755 2143 West.
801 2113 810 2128 ‘
827 2113 920 2152 Lege
937 2121 979 2141 ex
1001 2112 1041 2141 R.
1059 2111 1207 2150 eloquere.
1253 2111 1299 2141 Et
1317 2119 1378 2150 pro
1394 2110 1501 2140 stullae
1527 2113 1557 2140 ct
1580 2109 1689 2140 misere
1705 2110 1780 2149 lege

323 2164 367 2185 ex
383 2154 512 2185 duobus
526 2155 649 2186 nostris
668 2153 859 2186 veterrimis
875 2155 980 2184 stultae
996 2158 1024 2184 et
1042 2152 1185 2184 misene!
1208 2153 1311 2184 Bent.
1359 2153 1412 2184 Ita
1429 2157 1465 2184 et
1480 2152 1572 2183 Peri.
1590 2152 1649 2182 ΒΓ.
1665 2151 1782 2188 habet,

322 2198 377 2228 hoc
403 2201 532 2237 coeptum
547 2220 555 2228 .
569 2220 577 2228 .
592 2221 599 2228 .
612 2199 717 2228 stultce
741 2201 772 2228 et
800 2198 933 2228 miserae.
957 2197 1061 2227 Bou».
1083 2197 1232 2236 eloquere.
1257 2197 1430 2236 Eloquere.
1444 2217 1452 2226 .
1467 2217 1474 2226 .
1486 2195 1582 2225 stulte
1607 2197 1639 2225 et
1660 2194 1781 2225 misere.

322 2240 403 2280 Bip.
431 2250 506 2281 quae
535 2244 645 2280 notat,
670 2245 678 2257 ¹
696 2240 754 2271 Al.
778 2241 881 2271 stultae
904 2243 934 2270 et
961 2240 1089 2270 misere.
1107 2261 1136 2269 ..
1151 2237 1396 2279 superstitiosae?
1420 2238 1460 2269 Ζ.
1484 2238 1589 2269 stulioe
1604 2241 1633 2268 et
1649 2237 1782 2270 misera*-

323 2283 449 2323 Delph.
476 2284 570 2314 stulte
595 2287 625 2314 et
652 2283 859 2315 misera—40
884 2283 950 2314 Hic
972 2285 1017 2313 est
1039 2282 1182 2313 annulus.
1207 2281 1250 2312 Ο.
1268 2282 1289 2312 l.
1304 2291 1330 2312 s,
1354 2281 1419 2312 Hic
1434 2280 1463 2311 is
1483 2284 1539 2312 est.
1557 2281 1654 2313 Rem.
1671 2285 1706 2311 et
1722 2280 1779 2312 Vi.

323 2336 406 2364 quos
423 2331 459 2356 et
471 2326 654 2365 sequimur,
669 2327 703 2357 Is
719 2327 768 2357 hic
784 2329 838 2357 est.
863 2327 923 2357 Fa.
968 2325 977 2342 ‘
997 2325 1114 2357 Nostri
1132 2324 1198 2355 Hic
1213 2325 1241 2355 is
1255 2327 1314 2362 est,
1329 2328 1476 2355 accentu
1497 2321 1661 2354 meliore)
1684 2322 1782 2354 Rem.

324 2369 392 2401 Hic
405 2369 433 2399 is
448 2372 494 2399 est
510 2370 570 2399 ΒΓ.
585 2369 678 2399 Perl.
694 2369 851 2409 Bofflius,
865 2369 933 2399 Hic
947 2368 976 2398 is
990 2368 1213 2398 annulus—41
1240 2367 1289 2398 M.
1307 2373 1340 2397 et
1358 2366 1479 2397 Boend.
1495 2365 1639 2405 adduxit,
1655 2374 1695 2396 ex
1706 2366 1780 2396 ado-

323 2412 499 2443 lescentula.
544 2411 608 2442 Sed
628 2411 664 2441 τὸ
690 2422 729 2442 ccc
755 2413 924 2450 glossema
940 2410 1086 2447 videtur,
1102 2410 1183 2451 quia
1205 2410 1289 2441 Mss.
1315 2409 1448 2449 plurimi
1474 2408 1646 2440 omittunt.
1675 2408 1778 2440 lVest.

323 2455 376 2485 Ad
391 2455 522 2485 adolesc.
536 2464 572 2484 ac
587 2455 660 2485 tulit
677 2453 789 2485 Guelf.
808 2456 927 2485 3.-42
950 2452 1006 2484 Al.
1023 2453 1108 2488 Quid
1123 2453 1274 2484 illae-43
1296 2453 1383 2484 Sunt
1399 2452 1482 2483 Mss.
1499 2451 1645 2492 plurimi,
1660 2450 1692 2482 in
1708 2451 1780 2491 qui-

323 2497 384 2527 bus
401 2502 453 2528 est
470 2497 649 2529 Anuulum:
672 2507 732 2528 non
747 2497 870 2528 adi-orti
888 2496 1034 2537 primum.
1080 2496 1135 2527 Ita
1158 2494 1231 2527 EA.
1247 2500 1282 2525 et
1298 2495 1369 2526 EP.
1387 2494 1449 2525 nisi
1469 2493 1559 2534 quod
1575 2493 1700 2524 habent
1713 2493 1782 2533 pri-

322 2550 382 2571 mo.
429 2540 526 2570 Idem
543 2545 595 2570 est
612 2540 644 2570 in
662 2540 762 2573 Bodl.
779 2544 814 2570 et
831 2540 954 2570 Boend.
1000 2539 1101 2570 Hanc
1118 2539 1297 2570 lectionem
1313 2538 1404 2568 Mur.
1429 2537 1517 2568 illam
1535 2537 1594 2567 Fa.
1613 2535 1780 2568 defendit.

328 2583 429 2614 West.
473 2583 482 2599 ⁴
500 2584 658 2613 Aomdum
674 2593 704 2613 n.
722 2593 750 2613 α.
772 2582 883 2623 primo.
907 2583 1003 2613 Rem.
1020 2586 1055 2612 et
1070 2582 1111 2612 V.
1131 2591 1192 2621 pro
1207 2581 1367 2612 Annulum
1388 2580 1517 2612 habent
1538 2579 1707 2610 Animum.-
1731 2579 1779 2609 ita

322 2626 450 2664 optime
470 2626 626 2664 procedit
646 2627 850 2664 trochaicus,
866 2625 964 2655 aliter
995 2624 1198 2664 impeditus:
1237 2632 1317 2654 sane
1342 2633 1402 2663 pro
1425 2625 1537 2663 primo,
1562 2622 1658 2653 Beni.
1675 2621 1780 2652 habet

318 2667 480 2707 primum.’
506 2668 562 2699 Fa.
607 2669 616 2685 ‘
635 2668 711 2698 Duo
728 2679 769 2698 cx
789 2668 981 2699 melioribus
999 2668 1121 2699 uostris
1135 2668 1296 2706 Animum,
1314 2670 1349 2697 et
1366 2665 1482 2697 itidem
1497 2663 1654 2706 primum?
1678 2665 1780 2695 Bent.

978 2754 1122 2786 NOTAE

515 2821 556 2849 42
585 2818 753 2859 Lamiam]
778 2819 971 2851 Secundum
995 2819 1170 2861 antiquos:
1195 2828 1254 2850 nos
1271 2817 1412 2849 dicimus
1435 2813 1584 2847 ‘lotum'
