1966 3302
485 224 831 256 ADELPHORUM
867 223 977 255 AcT.
1012 224 1054 254 v.
1087 224 1154 255 sc.
1188 225 1296 255 vlu.
1528 216 1612 258 787

164 323 264 365 AEs.
295 323 412 372 Non,
433 321 517 363 nisi
538 326 581 362 te
603 334 794 362 exorem.
856 322 905 362 Μ
912 334 941 363 1.
974 321 1059 364 Vis
1079 327 1145 364 est
1166 323 1262 364 haec
1282 321 1476 377 quidem.
1523 321 1612 363 DE.

335 391 453 444 Age3
485 389 672 455 Qe,
694 388 850 431 Micio.
1557 391 1614 430 20

168 457 218 499 M
227 471 256 498 t.
287 458 382 499 Etsi
401 458 488 499 hoc
504 456 611 498 mihi
626 470 826 510 pravum,
848 459 1056 512 ineptum,
1077 457 1329 507 absurdum,
1351 463 1486 512 atque
1507 458 1617 499 alie-

336 539 437 567 num
457 538 483 566 a
503 525 595 566 vita
614 537 714 565 mea

164 594 378 645 Videtnr;
410 594 448 634 si
485 606 564 634 vos
597 598 832 647 tantopere
865 593 983 635 istuc
1018 592 1167 642 voltis,
1199 592 1292 634 fiat.
1364 592 1464 633 AES.
1498 592 1619 632 Bene

338 663 478 703 facis:

169 731 332 772 Merito
353 735 394 770 te
416 742 531 770 amo.
592 730 681 771 DE.
713 727 898 778 Verum,
919 728 1023 781 quid
1045 741 1126 780 ego
1147 727 1289 768 dicam
1304 728 1323 767 ’.Ρ
1354 728 1435 768 hoc
1470 727 1621 777 confit,

339 797 455 850 quod
478 797 598 838 volo.

170 924 315 965 Minime,
337 925 397 955 nisi
419 926 453 956 id
476 925 552 956 mihi
575 923 769 955 concesseris.
814 923 880 954 Mt.
911 923 966 954 Vis
988 922 1053 953 licre
1074 922 1196 962 quidem
1213 926 1268 953 est.
1316 923 1386 953 DE.
1411 924 1479 961 Age
1495 922 1625 960 benigne

170 971 198 998 et
216 969 304 1007 large
317 968 483 1005 nobiscum,
500 969 608 1000 Minio.
655 967 720 997 Mi.
748 966 898 1001 Quamvis
913 967 967 996 hoc
984 965 1060 996 milti
1073 976 1266 1005 perrersnm,
1291 966 1433 1003 stultiam,
1450 966 1624 998 ridiculum,

171 1014 201 1040 et
217 1011 383 1042 abhorrens
399 1022 417 1040 a
430 1011 504 1042 ritae
521 1021 596 1041 meae
611 1010 756 1040 instituto
772 1010 917 1044 ridetur,-
939 1012 1077 1039 attamen
1092 1009 1120 1038 si
1137 1019 1188 1039 ros
1205 1013 1270 1040 tam
1284 1010 1376 1039 enixe
1388 1009 1420 1038 id
1432 1008 1626 1049 rnltis,fiat‚

170 1054 310 1085 concedo.
357 1054 423 1085 AEs.
447 1054 517 1084 Hoc
532 1054 666 1084 omnium
682 1052 794 1092 optime
809 1062 841 1082 se
857 1052 957 1083 habet.
1005 1053 1058 1082 Ex
1079 1052 1181 1082 ιιηὶηιο
1198 1055 1227 1082 te
1242 1061 1323 1088 amo,
1348 1055 1469 1082 (initum
1483 1052 1518 1081 ob
1536 1050 1627 1081 meri-

172 1098 237 1127 tum
261 1098 293 1128 in
318 1107 366 1128 me
392 1101 490 1128 tuum.
539 1098 607 1128 DE.
637 1096 750 1126 Verum
765 1095 839 1135 quid
861 1105 916 1134 ego
932 1095 1067 1135 amplius
1090 1095 1215 1125 dicam?
1236 1095 1397 1137 perficitur
1412 1104 1486 1125 sane
1501 1095 1534 1124 id
1550 1092 1627 1133 quod

785 1209 1025 1222 ceeeaeeeaenee

178 1292 278 1328 Quasi
291 1292 318 1323 si
334 1293 389 1323 Iwe
405 1303 462 1323 non
476 1303 502 1324 s.
520 1304 560 1324 m.
587 1294 687 1324 Beni.
736 1292 834 1328 Quasi
851 1292 906 1322 hoe
928 1301 988 1322 non
1013 1291 1073 1321 ΒΓ.
1120 1289 1229 1320 Abest
1246 1289 1316 1328 Age
1333 1286 1446 1319 Guelf.
1464 1290 1496 1318 2.
1523 1285 1630 1317 Abest

177 1336 251 1376 quid
268 1336 360 1376 prius
377 1339 496 1367 3.—19
522 1337 572 1367 Ne
585 1346 730 1375 gravare.
756 1336 810 1366 lta
831 1336 915 1366 Mss.
938 1333 1087 1374 plurimi,
1103 1339 1137 1363 et
1156 1343 1198 1363 ex
1222 1332 1323 1363 editis
1349 1331 1434 1361 Rob.
1451 1330 1632 1369 stephani,

177 1379 272 1417 Aldi,
285 1378 479 1417 Juntarmn,
493 1379 712 1418 Basileensis,
731 1379 845 1418 plures
860 1378 997 1418 optimae
1016 1382 1117 1407 notae.
1164 1374 1275 1415 Atque
1293 1375 1340 1404 ita
1357 1374 1513 1412 Plautus,
1526 1373 1631 1403 Stich.

177 1430 203 1453 1.
220 1423 252 1452 3.
267 1423 320 1452 32.
365 1423 374 1439 ‘
395 1422 564 1453 Promitte
582 1424 679 1453 vero!
704 1432 746 1453 ne
763 1420 941 1462 gravare!'
976 1419 1108 1460 Nuperi
1134 1423 1246 1449 tamen
1272 1417 1422 1448 editores
1441 1417 1491 1447 Ne
1504 1424 1633 1455 gravere

178 1465 419 1505 praetulerunt.
466 1464 519 1496 An
545 1465 632 1506 qnod
661 1465 708 1496 ita
728 1464 912 1496 Donatus?
951 1463 1052 1495 West.
1100 1463 1172 1493 Non
1205 1461 1349 1491 omittis?
1378 1460 1471 1490 Libri
1496 1458 1632 1499 qnidam

178 1506 380 1548 praeferunt,
405 1508 475 1539 Non
490 1508 656 1539 omittitis?
679 1507 783 1545 forte,
800 1507 889 1547 quod
918 1511 953 1537 et
979 1506 1108 1536 Demea
1132 1509 1167 1535 et
1183 1504 1360 1536 AEschinus
1382 1503 1511 1533 instare
1535 1502 1634 1532 simul

179 1549 362 1588 videntur-3
385 1556 419 1582 et
442 1552 468 1581 si
496 1551 570 1581 Non
592 1551 731 1581 omittis?
753 1551 917 1587 dixisse13
952 1548 1089 1579 videtur
1112 1557 1177 1578 non
1201 1547 1390 1585 AEschintlS,
1415 1545 1474 1576 sed
1503 1545 1633 1574 Demea

177 1593 388 1632 respondere
423 1593 594 1624 debuisse.
633 1594 728 1624 laem.
775 1594 847 1632 Age
876 1594 916 1624 da
945 1592 1077 1623 veniam.
1123 1590 1177 1620 AE.
1201 1590 1251 1620 Ne
1269 1599 1412 1629 gravere.
1458 1588 1526 1618 DE.
1551 1587 1634 1618 Fue.-

175 1636 335 1676 prmm'lte.
377 1636 429 1667 Μ.
457 1637 527 1667 Non
550 1634 695 1668 omittis?
719 1635 872 1667 Verbum
897 1636 968 1674 Age
991 1632 1197 1671 delendum;
1223 1642 1285 1663 nec
1312 1633 1402 1662 enim
1429 1630 1461 1661 in
1479 1630 1545 1660 ullo
1568 1631 1590 1660 l.
1609 1640 1635 1659 s,

178 1683 242 1716 est,
265 1684 303 1709 et
326 1679 466 1719 impedit
490 1688 636 1716 versum,
660 1678 718 1719 qui
741 1688 782 1709 ne
807 1680 857 1710 sic
881 1678 1018 1719 quidem
1043 1676 1120 1707 milii
1150 1674 1337 1706 satisfacit:
1369 1679 1522 1704 remanet
1546 1673 1636 1703 enim

179 1721 350 1752 Iambicus
367 1726 569 1752 tetrameter
591 1721 823 1761 catalecticus,
844 1731 919 1752 cum
945 1721 1001 1751 alii
1019 1721 1086 1750 sint
1102 1720 1316 1750 acatalectici
1332 1728 1340 1749 :
1365 1716 1554 1757 cujusmodi
1573 1717 1639 1746 crit

179 1769 216 1795 et
231 1763 284 1794 hic
299 1773 428 1804 versus,
445 1765 472 1795 si
489 1774 551 1805 pro
567 1765 686 1795 omittis
698 1765 835 1804 legatur
850 1764 1013 1799 omitt-itis,
1027 1769 1063 1792 ut
1077 1762 1108 1792 in
1128 1762 1284 1792 omnibns
1301 1761 1450 1801 antiquis
1467 1759 1560 1790 libris
1575 1764 1637 1792 est.

179 1813 215 1838 et
231 1807 402 1837 nonnullis
420 1807 637 1839 recentibus:
665 1808 724 1838 sed
749 1808 826 1848 quia
851 1812 966 1847 potest
989 1805 1160 1836 nonnullis
1187 1804 1294 1835 videri
1319 1810 1439 1834 contra
1462 1803 1547 1833 hanc
1572 1803 1638 1833 lec-

180 1850 306 1881 tionem
323 1848 450 1890 facere,
477 1851 564 1890 quod
587 1851 620 1880 in
644 1850 806 1891 singulari
830 1851 982 1891 sequitur
999 1853 1007 1866 ⁶
1022 1846 1185 1886 exoren1‚'
1201 1847 1385 1888 cogitetur,
1403 1846 1449 1876 ita
1465 1846 1498 1875 in
1516 1855 1640 1876 comoe-

181 1893 245 1923 diis
259 1892 376 1924 induci
391 1894 514 1924 multos
532 1903 665 1934 rogare,
681 1899 717 1924 ut
733 1893 774 1924 ad
790 1903 890 1924 unum
907 1891 1082 1933 pertineat
1096 1900 1237 1922 exorare
1252 1901 1259 1920 :
1286 1895 1323 1920 nt
1349 1890 1380 1919 in
1401 1889 1641 1919 Heautontim.

181 1945 244 1975 pro
275 1935 473 1976 Clitiphone
507 1946 629 1977 rogans
663 1936 887 1967 Menedemus
919 1935 960 1966 ad
998 1935 1212 1966 Chremetem
1252 1933 1348 1970 dicit,
1384 1933 1393 1949 ‘
1419 1932 1476 1962 Da
1508 1932 1640 1962 veniam

182 1979 349 2010 Chreme:
374 1979 495 2010 sinete
519 1979 670 2010 exoretz’
687 1980 735 2010 ita
751 1979 804 2010 liic
823 1979 894 2009 Non
917 1977 1076 2014 omittitis,
1099 1977 1178 2018 qnia
1203 1976 1302 2007 multi
1320 1974 1488 2015 rogabant
1504 1985 1512 2012 3
1537 1976 1545 1991 ‘
1563 1984 1641 2004 exo-

182 2021 272 2052 rem'
287 2030 380 2060 vero,
395 2022 475 2062 quia
489 2022 552 2053 hoc
569 2022 709 2062 proprie
725 2022 766 2052 ad
785 2021 978 2053 AEschinnm
995 2020 1205 2061 pertinebat.
1233 2020 1288 2050 Fa.
1327 2018 1543 2049 vetustiores
1559 2028 1641 2058 quo·

183 2073 248 2104 que
272 2065 381 2095 nostri
412 2064 575 2096 omittitis:
609 2071 719 2104 recte,
750 2065 868 2103 procul
893 2064 1008 2095 dubio.
1052 2063 1120 2094 Sed
1152 2071 1264 2103 neque
1294 2061 1377 2091 illud
1407 2061 1644 2098 omittendum,

183 2111 318 2137 nostros
344 2116 459 2137 omnes
481 2107 606 2138 habere
629 2108 695 2145 hic,
720 2108 772 2139 Ne
790 2117 937 2146 gravare,
953 2116 1033 2143 non,
1059 2113 1096 2137 ut
1113 2107 1173 2137 Fa.
1190 2104 1285 2135 dedit
1306 2105 1357 2135 Ne
1369 2113 1515 2143 gravere.
1541 2104 1641 2134 Bent.

185 2150 327 2181 Gravere
342 2149 401 2181 ΒΓ.
419 2154 489 2181 vet.
507 2151 583 2180 eod.
599 2160 654 2190 ap.
671 2150 770 2181 Lind.
796 2151 835 2181 Z.
862 2151 938 2190 Bip.
963 2150 1085 2188 Delph.
1114 2148 1274 2179 Omittitis
1289 2147 1391 2178 Both.
1409 2147 1487 2186 Bip.
1506 2146 1644 2177 Perl.—-

183 2195 226 2223 2⁰
249 2193 351 2232 Vulg.
373 2195 405 2223 te
432 2193 541 2224 abest.
563 2193 598 2225 J.
620 2202 683 2233 pro
706 2196 748 2232 te,
773 2202 838 2223 rem
854 2193 1056 2224 haben—22
1079 2192 1177 2223 Libb.
1195 2191 1326 2231 antiqq.
1355 2189 1519 2222 Videatur.
1537 2189 1645 2220 Abest

184 2237 264 2266 istuc
277 2235 372 2266 Perl.
395 2236 481 2266 Istuc
496 2236 592 2266 runis
607 2236 642 2266 in
658 2235 771 2267 Guelf.
787 2238 903 2267 3.—-23
922 2235 1042 2266 Merito
1055 2238 1085 2265 te
1099 2245 1178 2265 ιιηιο.
1204 2234 1291 2264 Haec
1310 2233 1349 2264 R.
1363 2232 1556 2271 Stephanus
1572 2232 1643 2262 De-

185 2287 270 2309 meae
286 2277 420 2309 tribuit.
457 2279 503 2309 Et
518 2287 600 2310 sane
616 2278 869 2320 requirebatur,
885 2285 921 2309 ut
939 2282 974 2310 et
990 2278 1040 2308 vis
1064 2278 1262 2316 impetrans,
1278 2275 1367 2317 quod
1391 2278 1571 2316 tantopere
1589 2285 1646 2305 ex-

187 2320 369 2361 petiverat,
384 2325 518 2361 gratum
536 2322 682 2352 animum
698 2326 885 2352 testaretur
901 2312 1057 2352 Micioni.
1087 2320 1189 2351 West.
1220 2319 1292 2350 Hoc
1302 2319 1406 2360 cmifit.
1423 2319 1505 2350 Mss.
1524 2317 1645 2349 Leidd.

187 2369 258 2394 tres
273 2364 323 2395 M.
341 2364 410 2396 Ms.
433 2364 639 2404 Lips.Bodl.
657 2364 727 2395 duo
744 2365 904 2405 Boecleri,
922 2365 966 2396 G.
979 2364 1051 2394 ET.
1069 2368 1106 2394 et
1123 2363 1203 2394 EM.
1218 2363 1274 2393 hoc
1289 2362 1414 2402 cumfit.
1441 2362 1508 2392 ΜΞ.
1524 2360 1643 2391 Boend.

190 2406 327 2447 Cumfit
341 2408 421 2447 quod
434 2408 520 2438 volo:
543 2407 667 2438 omisso
681 2407 746 2438 hoe.
771 2407 880 2439 Idem.
928 2409 1033 2447 Lege,
1049 2410 1085 2436 et
1110 2405 1178 2436 suis
1195 2405 1329 2443 singula
1353 2405 1507 2445 personis
1532 2404 1647 2441 redde,

189 2449 255 2480 Da.
269 2449 389 2480 Merito
399 2453 452 2481 tuo
461 2453 493 2480 te
508 2460 586 2481 amo.
608 2450 731 2481 Verum.
749 2450 817 2482 Mi.
837 2449 948 2486 Quid?
967 2452 1036 2481 DE.
1056 2449 1124 2487 Ego
1138 2449 1251 2487 dicam,
1265 2448 1320 2479 hoc
1335 2445 1467 2489 cmnfil,
1479 2448 1558 2487 quod
1569 2447 1646 2477 τοῖο.

190 2492 256 2524 Mt.
274 2492 360 2527 Quid
375 2490 481 2524 nunc?
503 2494 578 2533 quid
591 2491 714 2524 restat?
747 2493 814 2525 De.
828 2493 936 2532 Hegio
951 2493 1001 2523 hic
1017 2495 1061 2523 est
1079 2491 1128 2521 his
1143 2494 1292 2530 cognatus
1306 2500 1483 2530 proxumus,
1530 2489 1648 2520 Merito

189 2538 242 2566 tuo
261 2538 293 2566 te
307 2545 396 2567 amo:
419 2545 461 2566 ne
474 2535 680 2567 Trochaicus
696 2536 738 2567 sit
756 2536 843 2567 inter
858 2536 1044 2574 Iambicos,
1060 2534 1153 2565 nulla
1170 2543 1282 2565 causa.
1309 2533 1436 2574 Cumfit
1461 2542 1503 2563 ex
1524 2533 1648 2563 nostris

191 2577 369 2609 universis.
392 2578 491 2610 Bent.
536 2579 595 2610 Br.
618 2588 675 2618 ego
699 2579 811 2616 dicam,
827 2579 883 2610 hoc
897 2578 1017 2619 cumfit
1043 2578 1124 2617 quod
1140 2578 1228 2607 volo?
1263 2577 1319 2607 Sic
1343 2576 1426 2616 legit
1442 2580 1477 2606 et
1495 2575 1649 2615 personis

192 2620 306 2652 reddit
319 2620 423 2652 Both.
468 2621 534 2652 DE.
558 2620 757 2659 Benefacis:
778 2621 830 2652 AE.
857 2621 976 2652 Merito
991 2624 1022 2652 te
1033 2622 1152 2651 deanw.
1197 2620 1263 2651 DE.
1293 2619 1416 2651 Verum.
1453 2619 1519 2649 Mi.
1546 2618 1651 2653 Quid?

192 2662 262 2695 DE.
285 2664 356 2702 Ego
370 2663 549 2703 dicam‚hoe
564 2664 696 2705 cumfit,
711 2665 789 2704 qnod
800 2665 879 2696 volo.
923 2664 989 2694 Mt.
1015 2662 1099 2699 Quid
1116 2672 1207 2697 mmo,
1219 2663 1297 2702 quod
1319 2664 1441 2693 restat?
1487 2662 1556 2692 DE.
1581 2660 1648 2692 He-

192 2705 247 2744 gio
260 2710 409 2745 cog-natus
424 2707 473 2737 his
487 2710 533 2738 est
556 2717 732 2747 proxumus.
776 2707 856 2748 Bip.
880 2706 948 2737 ita:
976 2707 1047 2737 Du.
1071 2706 1190 2736 Illerito
1214 2708 1266 2735 tuo
1285 2708 1315 2735 te
1335 2715 1424 2734 amo.-
1447 2713 1552 2734 rerum
1575 2703 1651 2742 quid

193 2757 250 2787 ego
272 2749 394 2780 dicam?
417 2750 470 2780 hoc
485 2750 611 2791 confice,
626 2751 705 2789 qnod
727 2750 804 2780 volo.
850 2750 916 2781 M1.
942 2749 1028 2785 Quia
1049 2746 1152 2779 nunc?
1197 2748 1265 2779 DE.
1289 2748 1377 2782 Quod
1403 2750 1520 2777 restat:
1546 2746 1652 2783 fleg-io

195 2794 344 2830 cognatus
358 2792 464 2828 hieest
475 2802 657 2833 proxumus.
692 2793 782 2824 Perl.
798 2792 853 2823 hoc
868 2793 983 2834 eumfic
1000 2804 1029 2833 q.
1043 2790 1135 2823 volo?
1172 2791 1237 2822 Mn.
1262 2791 1303 2825 Q.
1319 2794 1417 2820 navic?
1440 2791 1514 2829 quid
1525 2792 1624 2820 restat
1637 2786 1657 2819 ,Γ
