1966 3302
502 222 810 255 1¹noleoms
845 221 956 251 Ac'r.
991 221 1035 250 v.
1070 221 1137 250 se.
1174 220 1257 248 vu.
1492 208 1604 249 1035

150 327 306 379 Neque
322 324 417 377 jam
437 321 483 362 id
504 321 648 362 celare
665 331 801 373 posse
822 323 866 358 te
888 330 1073 358 uxorem
1096 321 1231 357 tuam.

151 393 195 435 N
199 405 283 434 unc
305 390 423 444 quod
445 389 542 442 ipsa
563 400 621 428 ex
643 387 745 428 aliis
768 385 970 426 auditura
991 385 1063 434 sit,
1089 384 1290 434 Chreme,

149 461 205 503 Id
227 462 400 500 nosmet
421 457 543 510 ipsos
565 455 774 504 indicare,
796 453 1063 507 placabilius
1086 455 1165 492 est.

148 529 265 569 Tum
285 525 400 566 hunc
422 524 689 577 impuratum
710 522 956 576 poterimus
977 523 1131 561 nostro
1154 518 1287 559 modo

150 593 338 636 Ulcisci.
396 591 558 633 PHOR.
591 589 720 631 Atat!
751 589 837 630 nisi
859 588 964 628 mihi
985 586 1229 641 prospicio,
1249 585 1413 626 haerco.
1549 585 1608 626 70

147 662 213 703 Hi
235 658 500 714 gladiatorio
522 658 670 699 animo
693 656 750 698 ad
770 669 840 697 me
861 654 1070 697 affectant
1090 654 1223 694 viam.

147 728 306 770 CHRE.
327 727 392 769 At
414 739 580 776 vereor,
601 730 650 767 ut
669 725 837 778 placari
859 723 1019 778 possit.
1079 721 1170 762 DE.
1193 721 1319 761 Bono
1342 719 1488 760 animo
1512 732 1576 760 es.

145 797 240 850 Ego
262 796 456 848 redigam
477 806 559 836 vos
580 793 624 834 in
647 792 848 844 gratiam,
868 790 955 831 hoc
974 789 1126 838 fretus,
1150 787 1349 836 Chreme,

143 864 257 905 Cum
279 876 303 904 e
330 861 479 903 medio
500 860 711 909 excessit,
733 859 849 900 unde
870 858 965 899 haec
989 860 1207 909 suscepta
1228 854 1283 897 'st
1305 855 1399 897 tibi.

146 932 305 973 PHoR.
337 929 464 970 Itane
485 927 617 980 agitis
638 927 848 968 mecum?
882 925 991 967 satis
1013 929 1158 965 astute
1180 922 1480 976 aggredimini.
1551 924 1607 964 75

145 999 254 1042 Non
272 997 418 1038 hercle
439 1008 493 1036 ex
506 1007 562 1052 *re
583 994 716 1035 istius
738 1006 808 1035 me
829 992 1066 1045 instigasti,
1084 990 1321 1044 Demipho.

147 1064 254 1108 Ain’
276 1065 355 1105 tu‘?
388 1063 464 1104 ubi
485 1074 681 1115 peregre,
703 1062 783 1103 tibi
805 1061 923 1115 quod
944 1060 1117 1101 libitum
1138 1059 1240 1108 fuit,
1262 1057 1436 1108 seceris,

146 1133 307 1187 Neque
321 1130 456 1185 hujus
481 1130 543 1170 sis
565 1130 749 1181 veritus,
770 1129 966 1171 foeminae
991 1127 1230 1181 primariae,

144 1247 242 1278 latam
257 1258 335 1287 esse,
356 1250 387 1279 et
413 1246 670 1284 manifestatam;
692 1255 788 1286 neque
804 1248 833 1276 te
855 1254 922 1276 eam
943 1244 1036 1276 uxori
1052 1248 1115 1275 tuoe
1131 1245 1283 1276 occultare
1305 1243 1374 1284 ¹jam
1399 1253 1507 1284 posse.-
1529 1252 1613 1275 nune

142 1290 222 1321 illud
236 1291 423 1322 commodius
438 1295 467 1322 et
483 1290 619 1320 calidius
634 1289 695 1321 erit
709 1291 750 1320 ad
769 1289 955 1329 placandam
974 1288 1224 1325 Nausistratam,
1250 1288 1276 1318 si
1291 1288 1339 1318 illi
1353 1287 1527 1325 referamus
1542 1297 1612 1318 nos-

144 1336 208 1364 met
222 1333 392 1375 ipsaquoa
406 1334 462 1365 alii
477 1333 505 1364 ei
518 1333 694 1364 nuntiaturi
706 1336 798 1363 sunt:
821 1332 876 1362 lzoc
886 1333 978 1371 pacto
991 1331 1086 1361 etiam
1099 1332 1136 1362 de
1148 1330 1388 1371 hocflagz'tioSO,
1405 1334 1434 1361 et
1451 1330 1534 1360 omni
1549 1340 1613 1360 sce-

142 1376 206 1407 lere
232 1376 452 1417 contaminato,
473 1378 577 1407 nostro
602 1374 734 1406 arbitrio
765 1375 915 1405 ultionem
940 1383 1059 1404 sumere
1081 1373 1264 1414 poterimus.
1311 1374 1383 1404 PII.
1406 1372 1462 1412 At,
1488 1376 1533 1413 at,
1548 1373 1612 1403 nisi

144 1419 239 1449 saluti
255 1429 330 1450 mese
345 1430 447 1454 caveo,
464 1419 495 1449 in
512 1429 546 1449 ea
562 1419 746 1460 difficultate
767 1417 967 1447 involvendus
990 1420 1019 1447 et
1044 1416 1251 1456 implicandus
1272 1426 1351 1454 sum,
1378 1418 1411 1446 ut
1436 1416 1506 1446 inde
1528 1425 1612 1454 oegre

142 1470 191 1492 me
206 1463 378 1501 expediam.
423 1462 472 1492 Hi
489 1465 635 1501 tanquam
654 1460 855 1491 Gladiatores
869 1459 992 1490 adversi
1008 1459 1041 1489 in
1056 1469 1103 1489 nze
1120 1461 1263 1497 tendunt,
1289 1459 1399 1489 audaci
1415 1462 1446 1489 et
1457 1458 1614 1498 pertinaci

142 1505 184 1534 ad
199 1505 329 1535 exitium
345 1514 445 1535 meum
460 1505 574 1535 animo.
620 1503 689 1534 CH.
713 1502 758 1533 At
772 1507 873 1533 metuo
888 1505 921 1532 ut
940 1501 1146 1532 Nausistrata
1168 1502 1311 1540 mitigari
1335 1504 1365 1531 et
1380 1501 1484 1532 sedari
1498 1500 1608 1540 possit.

143 1547 211 1578 DE.
234 1546 370 1578 Securus
384 1551 472 1584 esto;
494 1556 551 1585 ego
568 1556 619 1576 cos
634 1546 669 1577 in
687 1546 881 1576 concordiam
896 1545 1052 1584 reducam,
1070 1548 1100 1575 et
1116 1545 1149 1575 in
1169 1545 1310 1583 gratiam
1325 1543 1541 1581 reconciliabo,
1557 1543 1611 1573 hoc

141 1589 275 1630 confisus
288 1591 368 1630 quod
383 1590 449 1621 hoec
462 1589 574 1621 mulier
587 1599 603 1619 e
618 1588 700 1620 vivis
715 1588 807 1626 abiit,
822 1598 862 1619 ex
877 1597 938 1627 qua
953 1587 1032 1618 hanc
1047 1588 1202 1626 virginem
1216 1586 1389 1627 suscepisti.
1426 1587 1493 1617 PH.
1520 1586 1613 1617 Itane

142 1641 195 1662 vos
215 1632 318 1671 igitur
333 1643 409 1672 erga
424 1643 471 1664 me
484 1630 625 1672 geritis?
656 1631 745 1662 Satis
766 1640 814 1661 me
840 1630 951 1661 callide
978 1630 1145 1661 adoriminz'
1167 1630 1296 1661 scilicet.
1342 1630 1409 1660 Per
1431 1629 1613 1668 Herculem,

143 1675 311 1716 Demipho,
341 1686 401 1707 non
428 1679 475 1707 est
500 1675 578 1706 utile
601 1674 654 1705 isti
683 1674 842 1705 Chremeti
862 1683 917 1704 nec
941 1675 1140 1708 commodum,
1156 1674 1236 1712 quod
1250 1683 1297 1703 me
1312 1672 1464 1703 irritasti.
1511 1672 1562 1702 An
1578 1675 1614 1701 ta

144 1726 227 1759 vero,
246 1718 389 1760 Chreme,
406 1722 568 1759 postquam
584 1727 717 1759 peregre
739 1717 773 1748 in
791 1717 909 1748 Lemno
935 1725 1033 1755 agens
1060 1716 1187 1747 libidini
1209 1720 1271 1747 tua:
1297 1715 1498 1755 satisficeris,
1513 1724 1567 1746 nec
1583 1718 1614 1745 te

758 1811 999 1824 eeeeeeeeeee

141 1867 233 1909 apud
252 1868 400 1900 Nonium
424 1878 455 1899 v.
472 1869 718 1909 Committere3
745 1869 813 1901 Nec
837 1869 987 1910 mysteria
1012 1868 1144 1906 ecferres
1160 1864 1264 1905 foras.
1309 1865 1365 1897 Sic
1389 1865 1446 1896 alii
1475 1864 1613 1906 passim.

141 1911 191 1942 At
214 1911 311 1942 Bem.
331 1916 520 1951 corrector,
540 1912 583 1943 dc
604 1922 703 1944 versu
727 1913 834 1953 magis
852 1922 952 1953 qnam
971 1912 1012 1942 de
1028 1910 1200 1942 sententia
1215 1909 1398 1948 sollicitus,
1415 1909 1553 1940 delatum
1569 1909 1612 1939 de

142 1963 204 1985 suo
220 1953 327 1985 dedit.
373 1955 553 1987 Quantilla
568 1965 675 1996 opera
691 1956 829 1996 utrique
845 1955 966 1986 melius
990 1953 1202 1985 consulitur?
1240 1953 1335 1985 Vides
1347 1955 1508 1992 peccatam
1525 1955 1613 1982 tuum

141 1997 198 2028 hoc
212 2006 275 2027 esse
290 1997 405 2028 elatum
421 1998 523 2035 foras.
555 1999 660 2030 Bent.
718 1999 796 2029 Esse
817 1999 916 2029 latum
942 1999 1090 2028 Bra—66
1111 1997 1120 2012 ‘
1139 1995 1262 2027 Nostri
1278 1996 1432 2036 plerique
1450 1995 1562 2034 Neque
1578 1995 1612 2025 id

133 2039 205 2078 jam
216 2051 226 2070 :
249 2039 328 2080 lege
342 2040 451 2080 Neque
468 2040 537 2079 jam
550 2042 649 2072 celare
664 2041 718 2072 id!
735 2042 839 2072 Bent.
854 2045 887 2072 et
905 2040 954 2071 sic
967 2040 1068 2071 ssom.
1086 2039 1269 2070 Perlffler
1294 2039 1392 2070 Bem.
1408 2038 1586 2068 auditui-ast
1600 2048 1613 2074 ,·

141 2082 203 2114 sed
217 2091 335 2113 versus
349 2082 494 2123 laborat,
508 2083 572 2114 nisi
589 2084 643 2114 vel
661 2084 737 2115 dnae
755 2085 872 2124 primae
891 2083 1073 2121 dictiones,
1086 2081 1179 2113 facta
1197 2081 1318 2122 dialysi
1336 2081 1369 2111 in
1383 2079 1612 2121 quod,c0nsti-

142 2128 244 2157 tuant
257 2124 445 2165 dactylum,
462 2126 516 2156 vel
532 2126 605 2167 ejus
623 2126 782 2158 dictionis
806 2131 978 2167 postrema
1006 2125 1120 2156 littera
1137 2124 1232 2163 elisa,
1258 2123 1384 2154 deinde
1413 2124 1522 2154 vocali
1550 2133 1613 2163 per

142 2168 367 2209 synaloephen
385 2168 533 2209 abjecta,
549 2170 582 2199 in
599 2169 707 2209 prima
720 2169 802 2200 sede
826 2170 871 2200 sit
888 2168 1074 2209 spondeus,
1098 2167 1131 2198 in
1157 2167 1308 2198 secunda
1326 2176 1420 2206 vero,
1437 2176 1504 2197 non
1520 2165 1614 2197 faeta

141 2211 291 2242 vicissim
308 2211 506 2251 synaloepha
519 2213 552 2242 in
570 2212 782 2253 sequentium
800 2212 986 2243 dictionum
1003 2210 1171 2243 vocalium
1188 2208 1533 2248 concursu,Iambus.
1552 2210 1613 2241 Fu.

143 2253 264 2286 Nostri
279 2254 426 2285 auditura
440 2254 497 2294 sit,
514 2264 613 2285 versu
629 2255 703 2295 ipso
714 2255 873 2295 jubente.
890 2255 988 2286 Bent.
1029 2254 1120 2290 Quod
1135 2263 1171 2284 ea
1184 2253 1286 2284 Both.
1308 2252 1488 2283 auditur-ast
1500 2252 1611 2283 Zeun.

144 2299 231 2328 —68
253 2297 374 2327 Tacite
401 2296 484 2337 ipsos
509 2297 613 2330 Bent.
630 2298 736 2330 Zeun.
753 2298 854 2330 Both.
871 2298 1136 2329 ominium—70
1160 2296 1246 2326 Hiat
1272 2305 1391 2326 versus
1416 2300 1535 2326 contra
1560 2304 1612 2325 ar-

144 2343 267 2379 temet
284 2339 404 2370 Nostri
419 2349 560 2371 morem.
602 2341 748 2381 Repone
765 2344 883 2372 atattat
897 2340 971 2373 nisi.
997 2340 1101 2370 Bent.
1137 2338 1489 2369 Ulciscz'erBoth.-—74
1515 2338 1612 2370 Witt.

142 2381 261 2413 Guelf.
277 2385 308 2413 2.
325 2384 513 2415 excesserit:
534 2393 613 2414 mox
627 2384 808 2424 distinguit
823 2385 927 2415 Bent.
944 2383 1007 2420 sic,
1020 2382 1100 2413 satis
1114 2385 1216 2413 astute
1227 2392 1237 2412 .-
1260 2380 1471 2420 adgredimz'ni
1485 2391 1494 2411 .-
1526 2381 1534 2396 ‘
1554 2381 1610 2411 nbi

140 2425 222 2456 satis
234 2428 336 2456 astute
353 2425 467 2456 Ironia
484 2425 559 2457 est.’
581 2427 790 2466 adgredimim·
805 2437 853 2458 me
878 2427 1014 2458 Μ.-”7
1039 2424 1232 2455 Palmerius
1248 2434 1324 2455 cum
1341 2423 1428 2454 ssod.
1445 2423 1541 2454 Witt.
1560 2424 1610 2455 M.

140 2467 214 2498 ΕΡ.
231 2467 298 2498 Ain
314 2471 347 2498 tu
362 2469 507 2500 tandem:
531 2473 567 2500 et
583 2469 632 2500 sic
654 2470 711 2502 Br.
728 2475 764 2500 et
784 2470 853 2501 Ms.
874 2470 915 2501 R.
934 2474 971 2500 et
986 2468 1030 2500 V.
1049 2468 1087 2499 C.
1107 2467 1197 2507 apud
1215 2466 1316 2498 Lind.
1363 2467 1372 2483 ‘
1386 2466 1426 2496 In
1443 2466 1541 2497 Bem.
1560 2467 1608 2497 ita

140 2510 268 2550 legitur
283 2522 290 2540 ι
312 2509 378 2542 Ain
395 2509 456 2543 tu?
478 2511 532 2543 ubi
546 2522 613 2552 quce
628 2512 862 2550 libitumsaerz't
875 2521 1006 2552 peregre
1021 2510 1151 2548 seceris.
1178 2510 1267 2551 quod
1285 2513 1319 2540 et
1335 2510 1556 2547 numerosius,
1573 2514 1610 2540 et

140 2553 288 2584 sermoni
305 2553 478 2585 cotidiano
495 2555 784 2586 accommodatius
800 2560 862 2586 est.
887 2555 947 2586 Fa.
973 2554 1070 2585 Bem.
1086 2553 1141 2583 hic
1158 2557 1254 2584 recte
1269 2564 1276 2582 ε
1302 2552 1409 2582 nostri
1426 2552 1609 2584 mendose:

141 2595 209 2627 Ain
221 2599 257 2628 tu
273 2597 408 2636 tandem,
423 2596 475 2627 ubi
488 2607 617 2637 peregre
631 2598 688 2629 tibi
708 2600 787 2638 quod
805 2598 939 2630 lubitum
956 2595 1060 2634 fuerit
1075 2595 1204 2633 seceris,
1250 2596 1339 2626 Cave
1359 2604 1438 2625 vero
1464 2604 1526 2635 pro
1543 2595 1610 2626 Ain

142 2641 190 2678 tu,
205 2649 279 2670 cum
297 2639 443 2680 quodam
460 2640 646 2672 substituas
663 2642 714 2672 An
730 2644 777 2672 tu.
824 2641 893 2672 Cur
920 2640 1009 2670 hoc?
1034 2639 1125 2671 Quia
1152 2638 1234 2669 nihil
1263 2637 1456 2678 praecessit,
1485 2638 1609 2678 inquit,

144 2681 186 2712 ad
204 2682 294 2723 quod
311 2681 504 2714 referatur.'
526 2683 624 2715 Bent.
668 2685 677 2702 ‘
692 2684 891 2715 Lectionem
910 2683 1008 2713 Bem.
1025 2681 1161 2722 quidam
1184 2680 1270 2711 editi
1297 2680 1482 2712 exhibent!
1509 2681 1609 2712 IVest.

144 2727 181 2754 et
195 2724 244 2755 si‘e
260 2725 338 2765 Bip.
355 2725 464 2756 Zeun.
498 2725 563 2764 ubi,
574 2736 641 2767 quce
648 2726 753 2765 fuer-it
763 2726 907 2763 lubitum,
920 2734 1049 2765 peregre
1055 2724 1176 2762 feceris
1191 2724 1380 2755 Rota—78
1406 2724 1539 2754 Novum
1559 2727 1608 2754 ta-

143 2775 222 2798 men
234 2767 385 2810 videtur,
404 2767 530 2800 Veritus
550 2769 653 2811 jungi
679 2768 841 2810 genitivo.
885 2769 1024 2809 Guyeto
1040 2768 1074 2798 in
1092 2767 1236 2799 Sclroliis
1254 2767 1337 2799 Mss.
1355 2765 1463 2805 Huius
1480 2767 1606 2808 glosse-
