1966 3302
302 190 389 233 524
798 204 836 232 P.
870 202 1111 234 TERENTH
1148 205 1264 236 Arm

303 292 391 337 PA.
426 295 651 349 Siquidem
671 295 784 337 istuc
806 296 985 351 impune
1010 298 1226 340 habueris.
1278 299 1369 341 ΡΥ.
1404 299 1565 343 Verum
1582 303 1601 342 'l
1662 302 1754 345 ΡΑ.

474 362 677 404 Reddam
698 363 854 404 hercle.
914 364 1004 405 PY.
1037 364 1191 407 Credo.

302 428 390 470 Sed
413 430 457 470 in
478 430 593 470 diem
611 431 740 480 istuc,
761 431 992 482 Parmeno,
1012 437 1077 474 est
1097 434 1304 485 fortasse,
1325 436 1448 489 quod
1470 437 1684 478 minitare.

303 497 373 537 Tu
389 496 483 550 jam
503 497 733 550 pendebis,
750 498 824 551 qui
846 500 1029 540 stultum
1052 501 1432 544 adolescentulum
1452 503 1658 545 nobilitas
1698 505 1756 547 20

305 563 523 616 Flagitiis,
544 568 590 605 et
611 565 796 606 eundem
817 566 1016 609 indicas:
1048 572 1227 622 uterque
1246 570 1290 610 in
1308 575 1349 612 te
1370 572 1578 625 exempla
1598 573 1747 614 edent.

303 630 394 672 ΡΑ.
427 631 589 673 Nullus
610 645 721 673 sum.
781 633 872 674 PY.
904 634 998 675 Hic
1019 648 1096 689 pro
1118 636 1197 677 illo
1225 650 1397 678 munere
1420 638 1502 679 tibi
1523 638 1666 680 honos
1688 643 1756 681 est

472 699 668 740 habitus:
701 701 825 742 abeo.

302 766 389 807 PA.
421 766 610 819 Egomet
629 780 730 808 meo
752 768 932 819 indicio,
952 770 1096 820 miser,
1119 772 1246 824 quasi
1269 784 1413 823 sorex,
1433 771 1568 814 hodie
1589 774 1716 828 perii.
1757 799 1759 801 -

302 899 368 930 ΡΑ.
392 899 428 931 Si
444 901 565 940 quidem
578 901 612 932 id
627 902 760 934 inultum
774 904 896 943 tuleris,
918 907 984 935 tum
1009 905 1129 936 demum
1153 905 1186 936 id
1210 907 1343 947 lepidam
1360 908 1419 940 tibi
1433 909 1533 941 videri
1547 910 1642 942 dicas.
1686 910 1756 942 ΡΥ.

303 942 402 977 Quasi
418 953 487 975 vero
501 946 534 975 id
550 946 639 976 valae
660 949 803 977 metuam.
848 947 912 978 ΡΑ.
936 948 1005 978 Par
1028 948 1085 978 tibi
1109 948 1207 980 hercle
1228 950 1370 988 referam.
1416 953 1486 983 ΡΥ.
1511 953 1622 991 Credo,
1647 955 1701 984 sed
1724 953 1758 984 in

299 985 422 1023 longam
436 987 516 1018 diem
525 987 612 1025 forte
625 988 742 1019 accidet
756 990 844 1028 illud,
858 991 936 1029 quod
951 990 1037 1020 nobis
1052 991 1206 1022 minitaris
1217 1003 1227 1022 .-
1252 994 1362 1032 tajam
1372 997 1507 1035 pendens
1528 1006 1544 1027 e
1565 996 1650 1027 trabe
1662 1005 1758 1036 vapu-

297 1028 388 1069 labis,
399 1029 452 1068 qui
466 1030 691 1070 imprudentem
706 1034 924 1063 adolescentem
939 1036 1108 1073 spectatam
1124 1037 1154 1064 et
1169 1035 1323 1074 insignem
1337 1036 1481 1077 flagitiis
1501 1039 1618 1077 reddis,
1634 1041 1664 1069 et
1686 1047 1758 1069 eun-

300 1071 369 1101 dem
391 1072 484 1102 etiam
505 1074 622 1113 prodis,
649 1077 679 1104 et
700 1075 874 1105 denuntias.
924 1075 1068 1115 Uterque,
1087 1080 1177 1116 pater
1191 1081 1222 1108 et
1229 1078 1331 1118 filius,
1347 1079 1380 1111 in
1396 1084 1426 1111 te
1438 1091 1545 1121 poenas
1560 1081 1758 1117 exercebant,

301 1123 367 1153 qaae
381 1115 447 1146 sint
467 1116 642 1147 documento
656 1118 777 1157 ceteris,
790 1128 829 1149 ne
843 1118 1034 1158 delinquant.
1078 1119 1146 1150 ΡΑ.
1171 1120 1270 1152 Perii.
1316 1122 1384 1153 PY.
1409 1123 1571 1161 Ejusmodi
1585 1123 1678 1155 honos
1699 1123 1759 1154 tibi

300 1161 331 1186 et
346 1158 530 1196 palmarium
544 1159 692 1199 deffertur,
704 1170 760 1201 pro
779 1161 939 1200 Eunucho,
955 1171 1044 1201 quem
1059 1162 1136 1193 dono
1157 1162 1268 1194 Thaidi
1283 1165 1454 1198 adduxisti.
1497 1166 1644 1198 Discedo.
1689 1166 1756 1198 PA-

302 1199 438 1238 Egomet
458 1211 504 1231 me
520 1201 660 1233 indicans
682 1204 872 1235 sermonibus
896 1213 982 1245 mets,
1005 1204 1094 1245 quasi
1117 1215 1209 1237 sorex
1228 1211 1352 1239 occentu
1375 1212 1407 1240 et
1420 1209 1554 1251 strepitu
1568 1219 1600 1242 se
1612 1210 1756 1251 prodens,

301 1243 377 1273 mila·
387 1244 556 1284 perniciem
571 1245 675 1277 attali.

907 1337 984 1350 ‘m

303 1418 476 1459 Eug.-—18
500 1418 643 1450 Ovidius
658 1420 804 1461 plenius,
819 1420 938 1453 Amor.
951 1431 975 1453 1.
994 1425 1025 1455 6.
1042 1426 1095 1455 23.
1119 1423 1129 1440 ‘
1144 1424 1262 1455 Redde
1278 1424 1412 1457 vicem!
1456 1425 1509 1457 Ita
1526 1430 1562 1457 et
1577 1424 1762 1457 Petronius

302 1471 368 1492 non
389 1462 505 1493 semel.
550 1462 619 1493 Sed
644 1468 679 1493 et
708 1464 740 1493 in
770 1464 973 1505 quibusdam
997 1466 1094 1497 libris
1120 1473 1192 1499 est:
1227 1469 1368 1499 Reddam
1394 1469 1494 1500 hercle
1517 1469 1626 1500 vicem.
1650 1469 1759 1501 West.

303 1505 312 1520 ‘
327 1505 452 1535 Verum
465 1504 473 1517 '
490 1504 663 1536 irridentis
680 1511 743 1545 est,
767 1506 816 1537 uti
832 1507 912 1538 dein
932 1508 942 1525 ⁴
955 1508 1081 1540 credo.’
1105 1509 1182 1549 Rip.
1229 1511 1305 1541 Non
1333 1512 1542 1552 interrogant
1570 1515 1647 1552 post
1669 1512 1678 1528 ‘
1693 1512 1760 1542 Ve-

303 1557 375 1578 rum
388 1547 395 1559 '
415 1549 474 1578 Br.
492 1553 525 1578 et
543 1553 667 1579 nostrae
685 1548 850 1581 edd.-19
874 1550 1017 1590 Antiqui
1036 1552 1112 1582 libri
1129 1553 1259 1584 minare.
1285 1554 1343 1584 Fa.
1390 1555 1435 1585 Et
1463 1554 1615 1595 plerique
1641 1554 1761 1585 nostri.

302 1591 398 1621 Bent.
443 1591 601 1622 Minitare
617 1596 725 1622 metro
742 1593 934 1624 adversum.
959 1594 1033 1635 Bip.
1080 1596 1209 1626 Minore
1225 1597 1326 1628 Bent.
1342 1597 1422 1636 Bip.
1448 1597 1550 1629 Both.
1567 1597 1760 1628 Fert—20.

301 1636 339 1664 21
367 1634 417 1664 Μ.
435 1639 470 1664 et
486 1634 608 1665 Boend.
626 1644 701 1665 cum
728 1641 873 1675 quatuor
889 1637 978 1668 Pall.
1006 1643 1042 1668 et
1065 1637 1144 1669 edd.
1171 1640 1358 1678 veteribus,
1380 1640 1575 1671 denobilitas.
1619 1639 1763 1671 Scilicet

303 1681 338 1706 et
355 1676 519 1707 ‘nobilis'
537 1682 572 1708 et
598 1678 780 1708 ‘nobilito'
806 1679 838 1709 in
866 1679 1018 1720 pejorem
1046 1686 1179 1720 partem
1206 1683 1361 1713 sumitur.
1390 1683 1491 1714 West.
1537 1682 1578 1713 In
1595 1683 1703 1713 altero
1718 1692 1762 1713 ex

301 1719 353 1749 his
370 1720 500 1750 numeri
519 1720 605 1750 male
622 1729 657 1750 se
673 1720 813 1760 habent,
835 1721 867 1752 in
886 1728 1029 1763 utroque
1047 1725 1229 1755 sententia.
1276 1726 1429 1766 Repone,
1453 1726 1500 1757 Tu
1515 1725 1584 1764 jam
1602 1725 1762 1765 pendebas,

302 1763 408 1801 stulte,
433 1764 484 1802 qui
499 1764 759 1794 adulescentulam
775 1764 921 1795 nobilitas
937 1766 1100 1805 Flagitiis,
1123 1771 1153 1798 et
1166 1768 1253 1807 patri
1270 1769 1389 1799 indicas
1403 1780 1413 1800 .·
1431 1772 1558 1809 uterque
1573 1769 1712 1808 exempta
1727 1768 1762 1799 in

304 1809 334 1835 te
360 1807 463 1836 edent.
508 1806 576 1836 Cur
604 1807 776 1837 Chaeream
800 1809 938 1838 stultum
968 1814 1079 1848 vocet,
1104 1811 1195 1840 nulla
1223 1812 1309 1842 ratio
1336 1816 1410 1850 est3
1446 1821 1543 1852 quem
1571 1811 1662 1842 intus
1686 1811 1762 1852 ipsa

303 1853 447 1879 noverat
463 1847 610 1879 feliciter
626 1858 697 1879 rem
721 1859 851 1889 gerere.
897 1850 945 1881 At
961 1851 1130 1882 Parmeno
1147 1853 1283 1894 stultus,
1307 1858 1345 1885 ut
1362 1854 1414 1884 hic
1430 1864 1479 1885 vs,
1498 1857 1528 1885 8.
1553 1856 1562 1871 ‘
1578 1854 1762 1895 Nunquam

305 1891 361 1931 pol
388 1891 554 1922 hominem
581 1892 771 1923 stultiorem
799 1893 866 1923 vidi
893 1903 956 1923 nec
984 1893 1132 1926 videbo!
1176 1897 1286 1927 Porro
1310 1896 1376 1927 duo
1405 1897 1556 1934 codices,
1582 1896 1709 1936 Regius
1727 1901 1762 1928 et

303 1933 545 1973 Academicus,
568 1937 597 1965 et
613 1936 740 1966 eandem
762 1935 849 1975 patri
864 1936 1003 1968 indicas:
1026 1938 1130 1976 unde,
1153 1944 1189 1968 ut
1213 1938 1264 1977 fit,
1290 1949 1353 1970 vox
1382 1939 1514 1970 advena
1538 1939 1762 1971 domesticam

304 1977 447 2017 expulit.
494 1977 568 2009 Nisi
585 1978 672 2008 enim
686 1979 774 2018 patri
791 1979 950 2018 retineas,
973 1980 1052 2020 quid
1071 1981 1124 2010 hic
1141 1979 1244 2012 faciet
1259 1986 1398 2022 uterque,
1421 1987 1457 2013 et
1476 1982 1562 2013 filius
1589 1987 1624 2013 et
1650 1987 1762 2022 pater,

303 2029 380 2050 cum
398 2029 483 2050 unus
500 2023 631 2051 tantum
649 2021 863 2052 nominetur?
906 2022 1066 2064 Denique
1082 2024 1189 2054 nostri
1205 2024 1351 2056 universi
1368 2035 1443 2056 cum
1460 2025 1538 2056 edd.
1554 2029 1638 2056 vett.
1661 2034 1763 2056 exem-

300 2064 354 2102 pla
370 2062 403 2093 in
419 2066 449 2093 le
461 2064 563 2094 edent.
589 2063 692 2094 Bent.
732 2064 837 2095 Stulte
855 2065 955 2096 Bent.
973 2071 1009 2096 et
1024 2066 1126 2096 Both.
1160 2067 1259 2105 Vulg.
1277 2068 1329 2107 qai
1342 2069 1471 2098 stultum
1486 2068 1763 2099 adolescentulum.-

305 2115 371 2135 non
400 2110 506 2136 recte.
552 2106 627 2137 GC.
655 2106 706 2146 qui
732 2108 863 2138 stultum
887 2108 984 2138 istam
1013 2109 1198 2140 denobilitas
1224 2111 1305 2141 adol.
1340 2110 1432 2141 Perl.
1478 2110 1629 2150 Refingit
1659 2111 1762 2141 Bent-

303 2149 411 2187 stulte,
435 2149 487 2188 qui
502 2150 553 2180 ad.
599 2149 749 2189 Sedjam
766 2149 846 2181 satis
862 2151 1040 2181 stultitiam
1064 2161 1164 2182 servo
1188 2152 1389 2192 objecerat3
1412 2157 1448 2184 et
1470 2153 1591 2184 credas
1618 2154 1763 2184 stultum

304 2191 358 2222 hie
375 2190 441 2221 dici
459 2201 500 2221 ex
516 2201 629 2222 amore
647 2197 682 2223 et
698 2201 739 2222 ex
756 2193 867 2233 prima
881 2198 984 2225 aetate
996 2195 1247 2235 imprudentem
1261 2195 1450 2236 Chaeream,
1462 2205 1528 2227 non
1544 2195 1605 2226 nisi
1623 2200 1764 2227 auctore

306 2243 405 2264 servo
434 2234 476 2264 ad
506 2235 578 2265 liaec
610 2234 801 2275 impulsum.
846 2236 1047 2267 Denobilz‘tas
1075 2248 1092 2268 a
1120 2238 1361 2269 Grammaticis
1391 2238 1518 2270 foedum
1550 2242 1612 2270 est.
1658 2239 1762 2278 Vulg-

307 2276 434 2307 omittit
447 2278 557 2316 patri;
581 2279 668 2307 unde
686 2287 765 2308 vero
783 2278 830 2309 sic
845 2283 994 2319 uterque?
1038 2280 1140 2311 Bent.
1163 2290 1242 2311 vero
1270 2282 1435 2322 expungit
1460 2282 1612 2318 eundem;
1636 2280 1669 2311 in
1696 2290 1763 2321 quo

308 2325 342 2349 et
358 2329 474 2350 omnes
489 2320 566 2350 libb.
585 2321 803 2359 conveniunt,
827 2331 888 2352 nec
907 2328 1047 2353 metrum
1067 2324 1209 2355 laeditur.
1236 2324 1312 2362 Bip.
1362 2325 1442 2354 Edet
1470 2324 1599 2364 Delpli.
1647 2324 1762 2354 Exem-

305 2363 358 2402 pla
372 2362 406 2393 in
421 2365 452 2392 ie
466 2362 525 2393 Br.
571 2363 765 2393 Bentleium
784 2364 918 2394 omnino
941 2365 1095 2405 sequitur
1112 2366 1213 2397 Both.
1259 2366 1407 2397 Videtur
1434 2367 1518 2407 Eng.
1542 2366 1664 2405 legisse
1689 2367 1763 2397 ado·

306 2407 565 2436 [ascendente—’22
589 2405 724 2445 Gnyeto
752 2415 866 2437 versus
892 2407 946 2437 liic
973 2407 1170 2438 subdititius
1200 2408 1353 2440 videtur:
1390 2409 1505 2449 credo,
1537 2409 1615 2450 quia
1643 2418 1762 2450 parum

309 2448 491 2478 intellexit.
536 2448 628 2478 ‘Pro
657 2449 714 2479 illo
742 2449 906 2489 munere‚’
943 2459 1004 2489 pro
1032 2451 1209 2481 Eunucho.
1234 2452 1330 2483 Bent.
1378 2451 1477 2492 Abeo]
1512 2452 1644 2492 Explic.
1675 2451 1761 2483 GM.

305 2494 408 2530 patre,
433 2490 490 2521 ΒΓ.
520 2489 659 2521 Choerea.
707 2492 820 2531 Longe
847 2492 1019 2523 aberrant.
1061 2492 1145 2524 Abeo
1170 2503 1236 2524 non
1255 2499 1320 2531 est,
1345 2494 1387 2525 ab
1411 2495 1491 2525 illo:
1517 2495 1589 2533 sed,
1611 2493 1762 2526 discedo.

311 2533 398 2563 Perl.
444 2532 584 2563 Habitus
599 2533 636 2563 ab
653 2534 702 2573 eo]
724 2534 810 2565 Haec
828 2534 956 2565 codicis
972 2536 1077 2566 nostri
1102 2537 1203 2567 lectio
1219 2536 1261 2567 ab
1279 2536 1351 2567 aliis
1368 2537 1468 2569 codd.
1484 2537 1645 2578 noudum,
1660 2545 1763 2579 quan-

311 2581 381 2606 tum
399 2576 481 2615 scit),
499 2576 633 2617 prolata
648 2582 712 2608 cst.
758 2577 842 2608 Abeo
858 2577 961 2609 habet
977 2578 1102 2619 aliquid
1120 2578 1247 2620 frigidi.
1271 2580 1389 2611 Brans.
