1966 3302
515 222 863 252 ADEnrnonum
899 222 1010 252 Aer.
1045 221 1111 250 iv.
1142 220 1210 251 sc.
1244 221 1290 250 v.
1536 211 1621 251 753

167 316 291 360 Nihil
327 314 434 357 mihi
475 316 745 370 respondes?
818 317 919 357 AEs.
952 315 1059 357 Non
1093 314 1304 369 equidem
1339 314 1465 365 istas,
1501 316 1620 369 quod

339 384 491 425 sciam.

166 452 255 494 M1.
289 453 388 494 lta?
417 464 518 493 nam
539 451 745 501 mirabar,
767 451 875 505 quid
891 451 962 491 hic
984 451 1149 504 negotii
1171 455 1290 506 esset
1312 451 1407 492 tibi.

165 520 375 578 Qubuit:
406 519 533 561 salva
553 531 623 559 res
641 524 723 560 est.
784 519 884 559 AES.
917 518 1005 560 Dic
1027 519 1180 577 sodes,
1200 504 1345 572 pater,

164 578 275 630 Tifi'i‘
284 576 396 630 *Vero
417 586 525 640 quid
545 586 650 627 istic
669 590 736 627 est
756 586 820 627 rei
836 587 855 626 s?
917 586 1004 627 M1.
1038 576 1162 628 Nihil
1183 587 1292 628 mihi
1313 587 1487 642 quidem
1506 601 1514 629 ε
1568 587 1624 628 10

164 656 350 699 Amicus
369 655 549 710 quidam
566 668 636 696 me
659 667 686 696 a
701 655 796 696 foro
817 654 1008 696 abduxit
1027 654 1159 696 modo

164 725 274 767 Huc
294 724 566 767 advocatum
598 723 699 764 sibi.
759 723 860 763 AES.
892 721 1048 773 Quid?
1110 722 1196 763 M1.
1235 721 1324 776 Ego
1345 723 1491 765 dicam
1515 724 1622 766 tibi:

165 793 389 835 Habitant
407 793 479 834 hic
499 792 707 846 quaedam
728 792 934 832 mulieres
955 791 1241 845 pauperculae
1259 804 1268 832 ε

164 860 231 902 Ut
251 860 423 915 opinor,
442 859 526 901 has
546 872 632 901 non
652 872 786 900 nosse
806 864 864 909 te,
887 864 934 900 et
954 863 1076 900 certo
1098 859 1214 901 scio:

164 927 324 982 Neque
373 928 490 969 enim
529 928 606 969 diu
653 914 756 970 hiso*
775 928 1126 982 commigrarunt.
1205 927 1308 968 AEs.
1353 925 1476 978 Quid
1529 932 1621 969 tum

337 996 526 1051 postea?
1566 997 1624 1038 15

165 1065 253 1107 Μι.
284 1063 425 1117 Virgo
456 1068 524 1106 est
554 1076 655 1105 cum
681 1068 837 1105 matre.
897 1064 998 1106 AES.
1029 1062 1183 1118 Perge.
1244 1062 1331 1104 M1.
1364 1062 1480 1105 Haec
1502 1063 1623 1118 virgo

336 1133 446 1174 orba
465 1136 534 1173 est
553 1135 681 1186 patre
700 1145 711 1173 z

165 1200 257 1242 Hic
277 1212 403 1241 meus
423 1200 593 1241 amicus
614 1200 680 1241 illi
701 1211 856 1253 genere
878 1203 945 1241 est
967 1211 1245 1253 proxumus:

163 1341 407 1383 nunquamfidez‘
421 1352 498 1373 meoe
512 1343 704 1374 committere
727 1342 835 1374 voluit.
881 1343 974 1375 Nihil
998 1343 1076 1375 mihi
1096 1344 1306 1384 interroganti
1328 1344 1510 1385 respondes?
1556 1344 1624 1375 [ΕΞ.

164 1384 239 1415 Non
249 1384 390 1425 equidem
404 1385 491 1416 istud
505 1386 630 1425 ostium,
642 1390 791 1427 quantum
805 1386 880 1426 scio,
893 1387 1026 1427 pulsavi.
1073 1387 1138 1419 M1.
1165 1388 1238 1418 Non
1251 1388 1404 1428 pulsasti?
1427 1398 1498 1418 nam
1509 1387 1624 1418 mirum

162 1428 284 1467 quidem
299 1428 375 1459 mihi
390 1429 562 1468 videbatur,
577 1430 649 1469 quid
664 1430 714 1460 rei
727 1431 882 1469 agendum
894 1429 944 1460 hic
959 1429 1098 1461 haberes.
1143 1430 1219 1461 Prae
1230 1432 1348 1472 pudore
1363 1430 1473 1462 rubore
1484 1429 1626 1470 suffusus

162 1473 219 1509 est,
242 1480 292 1502 res
317 1470 392 1503 bene
413 1481 445 1502 se
474 1471 608 1504 habebit.
652 1472 722 1503 AEs.
753 1473 828 1508 Dic,
851 1483 955 1514 quaeso
974 1476 1075 1514 pater,
1103 1476 1170 1504 tute
1189 1483 1262 1505 vero
1287 1475 1366 1515 quod
1389 1474 1549 1513 negotium
1576 1474 1625 1504 hic

159 1515 330 1552 gerendum
344 1513 456 1546 habes?
498 1515 565 1546 M1.
590 1515 719 1546 Nullum
735 1517 857 1556 quidem
871 1516 932 1547 mei
947 1526 1061 1554 causa,·
1089 1517 1142 1547 sed
1157 1516 1281 1557 quidam
1297 1527 1336 1548 ex
1351 1517 1460 1548 amicis
1474 1517 1562 1547 modo
1577 1526 1625 1546 me

162 1555 221 1587 Ιιιιι·
235 1567 252 1588 e
258 1557 333 1595 soro
347 1557 500 1595 avocavit,
514 1561 549 1589 ut
564 1558 593 1589 ei
607 1559 757 1598 adessem,
780 1562 810 1590 et
833 1560 962 1590 consilio
985 1569 1050 1591 meo
1076 1560 1260 1591 auxiliarer.
1305 1560 1375 1591 AES.
1402 1557 1626 1600 Quapropter?

162 1599 229 1630 Mr.
253 1600 324 1639 Ego
339 1600 440 1632 dicam
455 1600 512 1632 tibi
523 1610 536 1637 ‚-
558 1602 848 1641 quoedumsoemz'noe
870 1602 975 1644 inopes
1001 1603 1035 1633 in
1061 1603 1133 1633 istis
1151 1603 1266 1633 cedibus
1288 1603 1446 1641 habitant,
1469 1603 1525 1633 has
1549 1606 1625 1642 puto

163 1640 222 1672 tibi
236 1651 300 1674 esse
314 1642 451 1683 ignotas,
467 1646 497 1674 et
508 1644 709 1684 proculdubio
724 1645 770 1676 ita
786 1649 830 1676 est
843 1656 856 1682 ‚·
885 1655 980 1685 neque
995 1645 1077 1676 enim
1090 1647 1186 1677 multo
1203 1646 1333 1677 antehac
1347 1646 1405 1677 hm:
1420 1646 1624 1677 advenerunt.

163 1683 233 1716 AES.
258 1685 344 1721 Quid
367 1689 435 1718 tum
454 1690 585 1727 postea?
632 1687 698 1718 M1.
723 1688 835 1719 Puella
858 1689 904 1719 ibz'
928 1691 975 1719 est
995 1699 1064 1720 cum
1086 1693 1198 1721 matre.
1246 1689 1312 1721 AES.
1338 1689 1497 1720 Continuo
1510 1698 1625 1719 sermo-

162 1736 244 1768 nem,
258 1738 370 1770 quoeso.
414 1729 481 1761 Μι.
504 1729 587 1761 Hoec
600 1731 701 1771 puella
713 1734 805 1771 patre
820 1732 885 1762 vita
891 1731 1005 1769 functo
1026 1732 1153 1773 privata
1177 1735 1242 1763 est.-
1267 1733 1318 1764 hic
1341 1742 1424 1764 meus
1447 1732 1564 1763 amicus
1580 1734 1624 1763 est

772 1837 1012 1849 eeemae‘v

162 1920 226 1949 —6
249 1918 321 1959 Ipse
337 1919 449 1952 omitt.
480 1920 603 1952 Br.—-7
628 1921 728 1962 Isms]
749 1921 833 1953 Sub.
849 1921 956 1953 Fores
983 1921 1110 1963 pepuli.
1155 1921 1291 1955 Quanto
1306 1922 1414 1962 magis
1437 1921 1572 1961 mirum,
1589 1927 1624 1953 et

161 1962 324 2002 quosdam
351 1963 435 1995 Mss.
459 1968 496 1995 et
519 1973 587 1995 non
615 1965 770 2005 pessimae
799 1970 891 1996 notae
920 1965 1030 1997 editos
1054 1964 1163 1997 Codd.
1191 1964 1357 2005 praeferre
1381 1966 1491 1996 instas.
1515 1965 1624 1998 West.

161 2004 270 2036 Iustus
295 2005 337 2036 R.
365 2005 462 2037 Lina.
492 2006 577 2038 GM.
604 2011 643 2039 ut
666 2008 709 2040 al.
735 2009 855 2040 instas.-
879 2017 946 2039 non
974 2008 1100 2049 placet,
1125 2014 1269 2049 propter
1291 2009 1301 2025 ⁴
1318 2007 1501 2050 equidem!
1534 2007 1624 2040 Perl.

163 2047 221 2078 sic
247 2046 309 2079 dat
323 2051 362 2079 et
387 2048 513 2081 Br.—-8
537 2050 635 2081 Itan?
657 2051 702 2083 O.
718 2051 740 2083 1.
763 2061 790 2082 s.
818 2056 854 2083 et
881 2051 1052 2092 Donatus,
1077 2052 1142 2083 Itu.
1165 2051 1327 2083 Faernus.
1374 2051 1494 2082 Nostri
1517 2051 1623 2082 etiam

162 2090 238 2121 Ita.-
260 2090 321 2121 sed
346 2091 432 2123 male
456 2091 607 2124 Fae'rnus
632 2103 694 2134 per
717 2094 1022 2135 interrogationem
1051 2095 1207 2135 protulit.
1231 2095 1329 2126 Bent.
1345 2095 1403 2136 qui
1426 2104 1502 2125 cum
1531 2094 1624 2126 Perl.

161 2133 223 2164 dat
237 2132 311 2164 Ita:
332 2143 416 2174 nam,
430 2136 484 2175 ξε.
505 2136 582 2166 Jam
604 2146 665 2177 pro
684 2147 758 2168 nam
780 2136 898 2169 Guelf.
925 2141 958 2168 2.
982 2143 1018 2170 et
1040 2137 1113 2169 huic
1136 2143 1216 2169 ante
1233 2139 1242 2154 ‘
1257 2138 1420 2168 hic.’—l()
1441 2137 1498 2168 Sic
1522 2137 1625 2168 Faer-

160 2185 244 2207 nus:
267 2176 328 2207 sed
352 2178 459 2208 nostri
482 2176 558 2209 fere
587 2188 702 2211 omnes
717 2180 766 2212 rei
788 2184 845 2212 est.
889 2181 1045 2222 Repono,
1059 2181 1134 2212 istic
1151 2183 1200 2212 rei
1217 2181 1310 2219 suit?
1330 2182 1377 2212 nil
1390 2181 1468 2211 mihi
1490 2180 1623 2220 quidem.

160 2217 242 2251 Jam
267 2219 359 2250 enim
379 2219 459 2252 inde
484 2221 630 2254 exierat.
653 2223 749 2254 Bent.
788 2224 838 2254 Re
860 2233 923 2264 pro
948 2225 996 2255 rei
1022 2224 1125 2256 Both.
1163 2225 1296 2263 Negotiz'
1311 2234 1372 2265 pro
1397 2225 1444 2254 rei
1460 2222 1573 2255 Guelf.
1590 2226 1621 2254 3.

160 2264 246 2311 -11
270 2261 471 2302 GM.aforo
494 2274 563 2296 me.-
585 2265 686 2306 bene,
703 2276 769 2307 quo
790 2267 959 2298 vitaretur
975 2267 1099 2299 hiatus.
1122 2267 1298 2298 Peru—14
1324 2267 1399 2298 Nisi
1422 2267 1530 2307 legem
1556 2266 1623 2297 Pe-

161 2303 254 2339 diam
271 2310 472 2344 metuerem,
497 2307 666 2348 legerem:
696 2309 740 2341 Ut
760 2309 878 2350 opinor,
899 2309 956 2341 has
979 2320 1042 2341 non
1062 2311 1143 2341 nosti
1151 2321 1164 2348 ;
1187 2314 1217 2342 et
1236 2313 1320 2341 certo
1343 2311 1417 2341 scio.
1464 2311 1562 2341 Bona
1585 2310 1624 2340 li-

158 2345 298 2379 brorum
325 2358 418 2390 pars,
438 2351 557 2392 opinor,
572 2351 628 2383 has
649 2362 711 2383 non
735 2362 824 2384 nosse
845 2356 889 2393 te,
905 2353 1003 2393 legit.
1048 2353 1149 2386 Quod
1174 2354 1338 2385 Dacieria
1362 2358 1416 2384 est
1431 2358 1563 2392 secuta,
1587 2358 1624 2383 et

160 2395 240 2422 ante
257 2391 350 2422 illam
367 2392 405 2425 F.
422 2393 460 2425 F.
481 2394 577 2426 West.
618 2395 663 2426 Ut
678 2405 728 2436 op.
751 2396 807 2426 hus
823 2406 882 2427 non
904 2396 1004 2437 nosse]
1030 2396 1107 2427 Hoc
1123 2405 1167 2427 ne
1185 2396 1307 2427 Latine
1336 2395 1473 2437 quidem
1491 2395 1623 2427 dictum

161 2438 242 2482 est..
270 2434 429 2476 Guyetus
447 2445 580 2469 versum
607 2438 715 2478 ejicit.
760 2439 915 2470 Donatus
940 2439 983 2470 ad
1009 2440 1143 2471 locum:
1167 2440 1176 2457 ‘
1193 2438 1292 2470 Adeo
1314 2439 1469 2471 obscurae
1493 2443 1573 2469 sunt
1589 2443 1626 2469 et

159 2477 285 2508 nulllus
302 2479 421 2519 pretii,
437 2482 476 2510 ut
491 2480 612 2520 opinor
640 2480 700 2512 has
724 2491 791 2512 non
816 2491 917 2513 nosse
933 2482 992 2514 te!
1037 2483 1123 2515 Cum
1152 2482 1236 2514 dicit
1261 2483 1270 2499 ‘
1288 2481 1385 2514 Adeo
1402 2481 1464 2522 ut‚’
1481 2491 1622 2513 necesse

160 2524 215 2568 est
229 2528 268 2569 ut
283 2520 421 2569 legerit,
440 2522 484 2553 Ue
507 2524 614 2563 opiner
628 2524 683 2555 has
702 2534 763 2556 non
777 2535 865 2556 nosse
880 2529 911 2556 te
921 2536 931 2556 .-
955 2529 986 2556 et
1000 2529 1084 2557 certo
1097 2526 1172 2557 scio.
1218 2527 1264 2557 Et
1278 2526 1326 2556 sic
1350 2525 1531 2566 legendum
1548 2530 1601 2556 est
1614 2537 1623 2564 ;

161 2561 382 2595 distinctione
401 2574 546 2606 quoque,
561 2571 600 2597 ut
617 2567 784 2607 dedimus,
800 2568 1042 2609 adjuvandum.
1071 2569 1163 2600 Bene.
1205 2568 1338 2610 Opinor]
1361 2569 1416 2600 Sic
1434 2568 1489 2599 ed.
1505 2572 1623 2599 nostra

161 2607 258 2637 1496.
281 2606 402 2638 Heius.
418 2608 508 2640 Dae.
539 2608 596 2640 Al.
630 2609 675 2640 Ut
688 2611 814 2650 opinor.-
837 2613 871 2641 in
887 2621 954 2652 quo
967 2611 1180 2642 emendando
1196 2610 1327 2643 frustra
1342 2611 1497 2643 laborant
1513 2612 1623 2642 West.

162 2651 199 2679 et
220 2649 326 2681 Bent.
342 2650 419 2690 Rip.
435 2660 512 2692 quae
531 2651 591 2683 dat
607 2661 684 2683 cum
700 2654 760 2684 ΒΓ.
794 2654 926 2694 Opinor.
958 2654 1085 2695 Delph.
1103 2655 1188 2696 legit
1217 2656 1278 2695 Op.
1293 2665 1344 2686 eas
1359 2665 1417 2686 non
1433 2664 1520 2685 nosse
1535 2657 1576 2690 te,
1592 2657 1623 2684 et

160 2693 242 2722 certe
262 2692 338 2723 scio.
383 2693 487 2725 Both.
511 2696 705 2735 pauperculoe
722 2719 729 2728 .
747 2718 757 2727 .
775 2696 920 2728 .AEscn.
948 2697 991 2728 Ut
1017 2698 1137 2737 opinor.
1167 2698 1255 2729 Mlc.
1281 2698 1354 2729 Has
1379 2708 1439 2728 non
1465 2707 1553 2728 nosse
1577 2700 1622 2735 te,

161 2736 244 2764 certo
259 2735 335 2781 scio.
379 2734 422 2766 In
439 2736 558 2769 Guelf.
574 2740 606 2768 3.
623 2744 676 2769 est
700 2740 778 2780 quod
800 2739 900 2770 nescis
921 2749 973 2771 eas
986 2744 1064 2780 post
1079 2741 1088 2757 ‘
1102 2741 1280 2772 scios—15
1307 2741 1493 2779 Migrarunt
1520 2740 1619 2771 Both.

163 2778 204 2806 16
232 2776 329 2816 Vzrgo
347 2787 415 2809 cum
430 2783 529 2812 matre
544 2780 676 2813 id.—17
702 2782 823 2823 Genese
839 2785 884 2813 est
899 2782 948 2813 illi
963 2783 1098 2815 id.—19
1122 2785 1182 2816 ΒΥ.
1198 2784 1259 2816 dat
1277 2784 1370 2814 Nihil
1387 2787 1479 2815 recte.
1504 2784 1619 2823 Perge.

245 2830 361 2871 Delph.
372 2836 402 2863 et
418 2833 494 2866 Var.
509 2835 595 2867 Clas.
827 2837 954 2868 Terent.
1460 2842 1477 2868 3
1505 2840 1532 2869 Β
