1966 3302
447 200 866 233 HEAUTONT1MOR.
900 199 1009 230 ACT.
1031 198 1106 228 111.
1138 197 1206 228 SC.
1229 197 1302 227 111.
1514 182 1601 225 603

149 298 245 352 Ego
268 297 322 339 de
343 309 413 338 me
433 296 552 337 facio
574 295 889 350 conjecturam:
920 305 1046 334 nemo
1067 291 1122 333 ’st
1141 303 1336 332 meorum
1361 288 1601 331 amicorum

149 431 286 486 Apud
316 365 732 486 gdgxii'expromere
763 429 911 470 omnia
939 441 1036 470 mea
1066 426 1260 476 occulta,
1292 424 1504 479 Clitipho,
1527 437 1603 465 au—

323 499 473 539 deam:

149 565 287 620 Apud
323 566 458 607 alium
491 565 693 619 prohibet
731 564 936 617 dignitas,
978 561 1098 615 apud
1138 561 1275 602 alium
1313 560 1458 615 ipsius
1497 559 1605 600 sacti

323 633 473 687 pudet,
1549 629 1606 668 15

153 700 225 742 Ne
256 701 453 755 ineptus,
487 714 541 742 ne
573 704 803 754 protervus
835 697 1010 752 videar;
1041 697 1158 753 quod
1188 697 1311 738 illum
1340 696 1484 737 facere
1515 709 1606 737 cre-

324 768 432 810 dito.

152 833 240 876 Sed
266 841 466 877 nostrum
501 835 560 876 ’st
594 833 850 887 intelligere,
883 838 1142 887 utcumque,
1173 835 1302 887 atque
1338 830 1605 884 ubicumque

322 916 439 958 opus
459 903 530 953 sit,
552 901 751 956 obsequi.

153 969 236 1012 SY.
287 970 409 1022 Quid
444 970 548 1012 istic
587 971 761 1010 narrat?
823 968 907 1010 CL.
939 968 1080 1010 Perii!
1140 969 1225 1010 SY.
1257 967 1471 1021 Clitipho,
1511 967 1608 1008 haec

324 1051 406 1091 ego
426 1038 641 1092 praecipio
662 1036 757 1087 tibi,

154 1106 362 1149 Hominis
386 1105 498 1159 frugi
530 1109 575 1147 et
601 1103 882 1158 temperantis
901 1103 1077 1145 functus
1105 1101 1310 1144 officium.
1372 1101 1458 1142 CL.
1487 1101 1609 1143 Tace

155 1244 240 1285 SY.
290 1173 594 1283 chbigssane.
654 1238 744 1281 CH.
795 1239 923 1293 Syre,
965 1238 1105 1293 pudet
1144 1250 1229 1277 me.
1303 1236 1388 1278 SY.
1440 1235 1610 1288 Cred03

323 1321 468 1363 neque
489 1308 534 1350 id
555 1307 733 1362 injuria.
1554 1304 1613 1345 20

154 1423 262 1455 Hodie
277 1423 394 1454 nullum
408 1422 503 1454 habeo
518 1422 652 1454 amicum
667 1422 717 1454 cui
732 1422 862 1453 audeam
876 1422 1019 1461 detegere
1035 1422 1136 1452 omnia
1152 1431 1220 1452 mea
1235 1430 1362 1452 arcana.
1407 1418 1503 1459 Apud
1518 1419 1614 1449 alium

153 1466 219 1505 ejus
232 1467 402 1498 auctoritas
417 1466 590 1503 interdicit,
607 1466 688 1506 apud
703 1465 799 1496 alium
823 1475 871 1496 me
894 1467 990 1506 pudet
1012 1466 1110 1507 ipsias
1123 1465 1219 1503 sacti,
1245 1473 1284 1495 ne
1306 1464 1413 1494 videor
1429 1463 1561 1493 insulsus
1583 1464 1615 1492 et

151 1510 316 1550 petulans.-
340 1510 418 1549 quod
432 1509 521 1540 crede
545 1509 595 1540 illi
613 1508 727 1540 Clinia:
753 1507 901 1548 accidere,
923 1518 1029 1548 nempe
1055 1518 1124 1539 eum
1147 1507 1256 1539 timere
1278 1516 1316 1537 ne
1338 1510 1411 1537 ante
1427 1509 1456 1536 te
1472 1506 1616 1536 rideatur

150 1555 314 1593 protervus
329 1555 358 1582 et
375 1551 514 1583 lascivus.
560 1552 620 1582 Sed
636 1551 778 1582 debemus
802 1551 882 1582 scire
905 1551 1108 1582 obsecundare
1131 1554 1161 1581 et
1188 1550 1337 1581 inservire
1363 1548 1525 1579 commodis
1539 1547 1615 1578 alio-

154 1604 224 1626 rum
237 1594 497 1636 qualitercumque
513 1598 544 1625 et
558 1604 743 1636 quocumque
765 1594 798 1625 in
824 1595 886 1625 loco
911 1604 1066 1625 necessum
1080 1595 1132 1624 sit.
1177 1594 1240 1624 SY.
1262 1591 1402 1624 Audisne
1417 1592 1490 1631 quid
1505 1594 1615 1622 narrat

159 1638 304 1669 Chremes
314 1641 426 1679 poter?
470 1637 532 1668 CL.
560 1637 681 1669 Occidi.
728 1638 790 1668 SY.
816 1637 965 1677 Clitipho,
979 1637 1061 1668 sicut
1077 1637 1146 1676 jam
1154 1636 1223 1675 feci
1239 1645 1279 1666 ex
1293 1635 1391 1676 officio
1407 1634 1500 1670 servi,
1515 1633 1616 1674 probi,

156 1684 187 1711 et
200 1681 302 1719 utilis,
317 1685 347 1712 te
361 1682 519 1719 admoneo,
534 1683 568 1711 ut
583 1680 725 1711 discedas
740 1680 854 1720 aliquo,
880 1683 915 1710 ut
929 1679 1029 1718 jussit
1050 1683 1151 1721 pater.
1197 1680 1260 1711 CL.
1284 1678 1360 1717 Sile,
1376 1678 1507 1708 obsecro.
1552 1676 1615 1707 SY.

156 1722 254 1755 Recte
266 1723 405 1765 profecto
421 1733 467 1754 me
482 1727 583 1754 tacere
598 1724 657 1755 vis.
702 1724 770 1755 Cn.
790 1723 820 1753 0
839 1722 931 1764 Syre,
940 1724 1036 1764 pudet
1051 1733 1109 1754 me.
1154 1722 1218 1754 SY.
1237 1722 1311 1752 Non
1326 1721 1432 1752 dubito
1448 1724 1477 1751 te
1487 1719 1618 1761 pudere,

766 1816 1008 1830 eouemoeeo

157 1893 233 1916 cnm
255 1888 291 1915 et
308 1883 413 1915 ceteri
441 1884 514 1925 ejus
532 1889 567 1916 et
583 1884 691 1915 nostri
709 1884 856 1915 universi
871 1883 1019 1915 habeant
1035 1883 1173 1924 prohibet
1183 1883 1214 1920 f.
1237 1880 1386 1912 numeris
1402 1880 1616 1920 melioribus,

158 1932 195 1959 et
210 1927 339 1957 minore
367 1927 528 1958 licentia?
553 1928 646 1958 Beni.
692 1927 809 1958 Facere
833 1937 866 1967 p.
890 1928 965 1967 Bip.
990 1927 1085 1959 Peri.
1111 1926 1317 1966 Delph.-—13
1345 1924 1493 1964 Reponit
1510 1924 1616 1955 Bent.

159 1971 211 2002 De
227 1980 273 2000 me
288 1980 344 2009 ego
358 1969 389 2007 f.
402 1980 428 2001 c.
472 1970 528 2001 Ita
552 1976 589 2001 et
613 1970 706 2001 Perl.
744 1970 888 2001 Bothius
908 1971 950 2001 D.
972 1981 1011 2001 m.
1026 1969 1114 2008 facio
1131 1979 1186 2008 ego
1201 1979 1227 1999 c.
1245 1977 1330 1998 nemo
1345 1967 1512 1997 amicorum
1528 1967 1619 1997 hodie

159 2018 217 2044 est.
241 2012 320 2053 Bip.
345 2013 472 2054 Delph.
495 2013 662 2044 amicorum
688 2013 948 2044 ominum—14
973 2013 1031 2044 Br.
1055 2013 1174 2043 occulta
1198 2012 1341 2050 audeam,
1359 2010 1432 2041 sine
1452 2009 1617 2040 etia—15

159 2056 245 2087 Mss.
267 2061 303 2086 et
328 2055 412 2086 editi
439 2056 576 2097 quidam
601 2056 699 2096 piget.
724 2056 833 2087 West.
876 2056 885 2073 ‘
904 2056 996 2087 Facti
1020 2056 1122 2096 piget.
1158 2054 1199 2085 In
1227 2054 1326 2084 Bem.
1343 2058 1380 2084 et
1397 2053 1522 2093 aliquot
1542 2052 1618 2083 aliis

161 2097 323 2139 antiquis,
345 2099 453 2138 pudet,
469 2099 557 2139 quod
575 2100 680 2137 magis
696 2098 832 2129 videtur
857 2098 1065 2129 convenire.’
1096 2098 1157 2129 Fa.
1199 2097 1208 2114 ‘
1224 2096 1342 2128 Nostri
1371 2104 1486 2126 omnes
1515 2095 1618 2134 piget,

159 2150 226 2173 uno
254 2141 363 2181 Regio
377 2140 550 2182 excepto!
568 2142 661 2173 Bent.
691 2142 700 2158 ‘
722 2142 815 2180 Piget
832 2141 904 2172 Er.’
928 2141 1098 2172 Perl.-17
1123 2141 1179 2172 Sic
1197 2138 1298 2171 codd.
1314 2148 1451 2169 omnes:
1467 2138 1528 2168 sed
1544 2138 1619 2169 hiat

161 2188 196 2214 et
214 2183 285 2214 sine
301 2188 471 2215 caemento
489 2190 543 2214 est
561 2184 743 2215 sententia.
789 2184 927 2216 Quanto
946 2185 1119 2214 venustius
1137 2187 1202 2221 est,
1220 2181 1310 2223 quod
1329 2191 1348 2212 a
1361 2191 1415 2212 me
1432 2181 1503 2222 jam
1518 2180 1619 2211 habe-

160 2225 213 2257 bis
230 2235 238 2256 :
260 2229 351 2266 atque
360 2229 535 2267 utcumque,
548 2227 726 2267 ubicumque
742 2236 816 2266 opus
831 2230 877 2258 est
893 2226 1024 2267 obsequi.
1048 2227 1152 2257 Bent.
1170 2225 1313 2257 Bothius
1325 2225 1424 2265 legit,
1443 2224 1497 2254 Et.
1512 2234 1544 2254 n.
1562 2227 1620 2264 est,

160 2269 336 2309 intelligere
351 2272 454 2310 atque,
476 2273 652 2310 utcumque,
673 2269 865 2310 ubicumque,
885 2279 959 2310 opus
977 2273 1034 2308 est,
1051 2281 1079 2300 o.
1106 2269 1201 2300 Perl.
1221 2271 1394 2308 utcumque,
1411 2270 1467 2298 aut
1481 2266 1617 2298 ubicum-

161 2314 328 2352 que.—18.
346 2314 385 2342 19
412 2312 578 2352 Proecipio.
613 2312 731 2343 Utitur
744 2314 918 2352 praesenti,
934 2317 971 2343 ut
987 2312 1149 2343 ostendat
1165 2316 1366 2352 perpetuam
1385 2310 1616 2350 disciplinam.

159 2355 294 2396 Tanaq.
309 2354 419 2385 Faber
430 2355 699 2395 interrogantem
715 2353 800 2386 facit
814 2364 961 2394 servum,
976 2360 1011 2386 et
1027 2364 1156 2385 versum
1171 2358 1370 2395 sequentem
1389 2353 1517 2383 ironice
1542 2361 1618 2392 pro-

163 2397 387 2428 nuntiantem.
435 2397 531 2429 Idem
557 2398 609 2429 (31.
637 2398 819 2429 Perizonio
847 2399 1016 2438 placebat.
1034 2398 1125 2438 Guy.
1138 2397 1290 2437 Proecepz'.
1309 2396 1390 2427 Vid.
1407 2405 1510 2436 supra
1526 2404 1565 2425 11.
1583 2397 1615 2426 3.

162 2438 221 2472 fin.
250 2441 350 2472 West.
392 2441 402 2457 ‘
419 2440 714 2479 Abr.Wielingius
733 2441 815 2481 legit
827 2446 863 2472 et
879 2441 1083 2478 distinguit:
1116 2440 1189 2471 CH.
1208 2440 1358 2480 Clitipho,
1380 2439 1444 2469 haec
1459 2448 1516 2477 ego
1538 2447 1618 2478 prae-

161 2482 242 2522 cipio
254 2483 323 2514 tibi.
368 2483 430 2514 SY.
458 2483 705 2522 Hominisfrugi
721 2487 751 2513 et
767 2483 1105 2524 temperantisfunctus
1121 2483 1253 2524 officium
1268 2482 1292 2515 ΞΡ
1320 2482 1429 2512 Idem.
1467 2481 1618 2512 Interro-

164 2531 247 2566 gant
264 2530 342 2567 post
358 2525 419 2557 tibi
441 2526 537 2557 Bent.
554 2526 655 2557 Both.
679 2526 719 2557 Z.
737 2527 813 2567 ssip.
850 2526 1002 2558 Functu’s
1017 2525 1073 2567 off.
1099 2526 1201 2558 Bent.
1226 2525 1266 2558 Z.
1311 2528 1319 2543 ‘
1333 2525 1412 2557 Par.
1436 2534 1470 2566 p.
1489 2533 1557 2555 var.
1575 2523 1619 2553 sis

819 2622 961 2655 NOTAE

208 2700 248 2729 12
274 2697 324 2728 Ea
334 2697 476 2738 prohibet
493 2698 600 2736 facere
615 2701 671 2729 tua
683 2699 864 2740 proesentia]
919 2698 1112 2741 praesentiu.

164 2746 453 2788 lumper-sonaliter,
478 2747 511 2779 id
535 2752 600 2788 est,
620 2748 863 2791 cujuscumque
