1966 3302
266 237 354 282 762
758 247 800 277 P.
833 243 1077 275 TERENTII
1111 243 1230 275 ΛΡΜ

270 343 360 384 DE.
391 341 463 384 Ah
483 342 640 383 stulte!
669 344 716 382 tu
739 340 795 382 de
817 340 1016 382 Psaltria
1035 353 1104 380 me
1127 338 1325 380 somnias

267 411 435 463 Agere:
466 412 551 452 hoc
571 414 804 463 peccatum
826 409 872 449 in
893 409 1102 462 virginem
1124 412 1194 448 est
1213 407 1368 447 civem.
1430 404 1516 446 Mi.
1548 405 1668 448 Scio.

269 479 360 520 DE.
393 478 513 520 Eho!
554 477 675 518 scis?
724 479 767 517 et
804 477 989 530 patere?
1066 475 1151 516 M1.
1184 473 1351 525 Quidni
1391 473 1569 527 patiar?
1630 473 1720 515 DE.

439 545 526 586 Dic
548 544 672 593 mihi,

269 613 374 655 Non
394 612 591 654 clamas?
623 624 714 652 non
735 610 935 652 insanis?
997 608 1084 650 M1.
1115 608 1243 651 Non:
1274 608 1425 650 malim
1447 608 1640 662 quidem.

269 681 360 724 DE.
392 679 510 720 Puer
542 683 675 720 natus
708 682 790 720 est.
849 678 937 720 M1.
970 677 1030 719 Di
1060 678 1171 718 bene
1203 677 1395 718 vortant!
1461 676 1554 718 DE.
1585 675 1724 729 Virgo

439 747 547 788 nihil
568 747 717 788 habet.
1668 745 1724 801 1¹0

268 816 355 858 M1.
386 814 566 857 Audivi.
627 815 717 856 DE.
748 813 806 855 Et
827 812 1030 854 ducenda
1048 811 1252 854 indotata
1273 812 1361 854 ’ΒΗ
1423 811 1511 853 Μι.
1532 812 1726 855 Scilicet.

266 946 430 987 quoefecit.
474 947 544 978 DE.
568 946 621 977 Ah
636 946 757 986 inepte:
779 949 815 977 tu
830 945 888 977 tibi
899 945 1066 986 persuades
1072 943 1157 982 falso
1172 954 1219 976 me
1230 944 1268 975 de
1285 942 1420 984 fidicina
1446 942 1646 974 renuntiare:
1669 942 1724 972 hoc

265 990 540 1030 recensflagitium
547 991 672 1028 factmn
686 993 731 1020 est
745 989 778 1020 in
793 988 950 1029 virginem
965 989 1062 1019 civem
1078 987 1230 1018 Atticam.
1275 987 1341 1018 Mi.
1366 986 1426 1017 Sat
1439 986 1514 1017 scio.
1551 986 1617 1016 DE.
1641 985 1723 1023 Eho,

265 1032 339 1071 scis,
354 1036 496 1064 ettamen
511 1033 544 1064 id
558 1033 715 1074 permittis
717 1032 813 1074 fieri?
846 1032 912 1064 M1.
938 1030 1140 1067 Quamobrem
1156 1041 1215 1061 non
1228 1029 1427 1070 permittam?
1470 1028 1540 1060 DE.
1564 1029 1626 1060 Dic
1637 1027 1728 1066 mihi,

267 1085 362 1115 quare
377 1086 437 1107 non
452 1076 607 1114 clamitas,
632 1076 785 1116 increpas,
809 1079 957 1115 tanquam
971 1074 1011 1105 ad
1030 1073 1185 1105 insaniam
1201 1073 1364 1103 redactus?
1409 1071 1475 1102 Μῐ.
1491 1071 1574 1109 ,Non
1587 1082 1598 1101 .·
1619 1071 1726 1101 malim

266 1118 401 1158 quidem,
415 1119 443 1149 si
449 1119 527 1160 fieri
537 1123 651 1160 posset,
666 1119 759 1150 aliter
775 1128 849 1149 esse.
898 1119 966 1148 DE.
996 1117 1047 1147 Ex
1070 1116 1125 1147 illa
1146 1116 1271 1154 virgine
1292 1114 1402 1154 genuit
1414 1113 1533 1155 filium.
1576 1113 1642 1144 Ml.
1666 1112 1726 1144 Dii

267 1162 354 1201 bene,
360 1161 557 1202 feliciterque
572 1162 605 1193 id
619 1163 780 1193 succedere
796 1161 902 1192 velint.
947 1161 1014 1191 DE.
1043 1159 1140 1199 Virgo
1160 1159 1216 1190 illa
1231 1159 1345 1189 nullum
1361 1158 1481 1189 omnino
1497 1166 1562 1188 rem
1576 1155 1724 1196 possidet.

268 1204 334 1236 Μ’ῑ.
361 1203 496 1237 Rescivi.
542 1206 612 1237 De.
638 1206 683 1236 Et
712 1205 801 1236 illum
829 1213 958 1236 uxorem
987 1202 1117 1245 acfipiet
1146 1202 1211 1233 sine
1240 1202 1305 1232 ulca
1333 1202 1423 1232 dote?
1467 1200 1533 1232 M1.
1564 1199 1725 1231 Nimirum

875 1298 1120 1311 OOmNNO‘&

267 1379 392 1421 Delph.
422 1380 515 1413 Peri.
561 1381 608 1413 At
634 1391 695 1422 pro
711 1382 764 1414 ΑΙι
781 1382 884 1414 Both.
930 1382 1001 1414 Siet
1023 1381 1225 1422 Delph.-—6.
1242 1382 1261 1410 7
1284 1378 1428 1410 Variant
1443 1376 1538 1409 Libri
1553 1375 1672 1417 scripti
1689 1379 1726 1408 et

268 1424 437 1464 impressi.
482 1424 523 1455 In
540 1425 612 1455 aiiis
629 1431 692 1465 est,
717 1426 780 1465 Oh,
799 1427 919 1464 stulte,·
942 1435 1057 1456 rursus
1074 1425 1106 1455 in
1124 1424 1211 1461 aliis,
1240 1424 1269 1453 Ο
1290 1423 1382 1453 stulte
1396 1433 1406 1453 .·
1425 1420 1513 1462 quod
1530 1420 1636 1460 magis
1652 1428 1725 1450 cor-

267 1468 421 1507 ripientis
439 1477 512 1498 esse
528 1468 675 1499 videtur.
706 1469 805 1500 IVest.
852 1469 902 1500 Ah
916 1469 1023 1507 stulte,
1038 1471 1073 1498 tu
1087 1469 1124 1498 de
1137 1466 1270 1508 psaltria
1287 1475 1333 1496 me
1347 1465 1479 1495 somnias
1494 1465 1608 1502 Agere.
1652 1461 1724 1493 Hoc

264 1513 424 1551 peccalum
439 1514 484 1540 est
499 1510 531 1541 in
545 1511 701 1550 ‘virginem
716 1512 824 1542 civem.
863 1512 950 1552 Scio]
988 1511 1017 1541 Ο
1042 1511 1136 1541 stulte
1160 1510 1262 1540 habet
1286 1509 1373 1539 liber
1402 1507 1608 1538 Bembinus:
1634 1505 1723 1546 qnod

269 1553 375 1591 magis
392 1552 527 1583 videtur
543 1555 761 1594 corripientis
779 1564 865 1587 esse.
909 1555 1089 1586 Praeterea
1106 1552 1197 1593 apud
1215 1561 1330 1582 omnes
1346 1551 1368 1582 l.
1385 1560 1411 1580 s-
1426 1550 1498 1581 haec
1516 1548 1618 1579 verba
1634 1549 1723 1578 hunc

266 1597 418 1627 ordinem
435 1596 574 1632 habent,
597 1598 651 1628 hoc
664 1603 820 1638 peccatum
835 1597 868 1628 in
882 1597 1036 1636 virginem
1050 1600 1094 1628 est
1112 1596 1218 1631 civem,
1234 1603 1419 1635 versusque
1435 1593 1484 1623 ita
1500 1592 1532 1623 in
1555 1591 1723 1622 Bembino

266 1644 302 1669 et
317 1639 390 1669 aliis
406 1638 554 1670 ordinati
571 1644 669 1671 sunt:
698 1641 726 1671 Ο
741 1641 849 1679 stulte,
864 1644 899 1671 tu
914 1641 952 1671 de
967 1640 1099 1680 psaltria
1114 1648 1160 1669 me
1175 1638 1308 1669 somnias
1318 1636 1434 1676 Agere,
1449 1636 1503 1675 ζιοι·
1516 1637 1675 1675 peccatum
1690 1633 1724 1664 in

265 1682 420 1721 virginem
431 1685 477 1712 est
489 1683 596 1713 civem.
621 1683 704 1714 Scio.
727 1684 787 1714 Fa.
834 1684 903 1713 Pro
922 1684 951 1713 Ο
967 1683 1071 1713 nostri
1095 1691 1223 1720 omneS‚
1249 1680 1302 1711 Ah
1326 1680 1432 1711 stulte.
1479 1678 1580 1709 Forte
1596 1681 1724 1708 utrum·

265 1735 331 1765 que
349 1724 587 1757 retinendum:
613 1725 695 1756 Scio.
731 1726 794 1765 ΑΙι,
814 1729 840 1757 O
854 1727 960 1757 stulte.
999 1726 1046 1757 Ut
1064 1725 1189 1755 Demea
1206 1733 1248 1754 ex
1266 1723 1377 1754 animo
1394 1721 1525 1758 dolens,
1551 1720 1607 1750 vix
1629 1719 1722 1759 loqui

266 1767 373 1808 possit
389 1768 462 1798 sine
480 1768 717 1809 interjectione
734 1769 893 1800 dolentis.
917 1769 1014 1799 Bene.
1059 1768 1129 1799 Pro
1148 1768 1177 1798 Ο
1192 1767 1215 1798 1.
1233 1767 1339 1807 antiq.
1355 1765 1417 1796 Ah.
1446 1764 1530 1796 GM.
1547 1763 1615 1794 Ha.
1655 1762 1724 1793 Ubi

268 1810 373 1842 verba
389 1811 509 1842 abhinc
525 1821 599 1852 quae
617 1812 686 1852 huj.
704 1822 743 1843 ac
759 1812 933 1853 sequentis
948 1821 1065 1842 versus
1081 1815 1268 1851 sequnntur
1284 1809 1316 1839 in
1332 1817 1438 1847 marg.
1455 1806 1568 1837 inveni
1586 1804 1724 1836 addita:

271 1853 360 1893 qnod
378 1853 514 1894 quidem
531 1854 661 1885 codicis
678 1855 815 1886 minime
838 1855 977 1896 optimae
1002 1864 1074 1885 esse
1102 1853 1236 1884 videtur
1253 1856 1356 1882 notae.
1381 1850 1467 1881 Perl.
1511 1848 1636 1880 Sentius
1661 1848 1723 1878 ΒΓ.

268 1897 500 1937 Superscript.
515 1897 662 1936 somnias,
687 1902 849 1939 tanquam
877 1898 981 1928 lectio
1007 1896 1179 1928 textnnlis.
1204 1896 1323 1926 Bruns.
1360 1893 1429 1923 Dat
1447 1893 1504 1924 ΒΓ.
1537 1891 1600 1923 ΑΙι.
1623 1890 1728 1921 Stulte

269 1943 305 1969 tn
320 1941 358 1970 (Ie
382 1949 426 1979 ps.
442 1949 489 1970 me
503 1941 619 1971 sentias
635 1941 752 1980 Agere,
769 1942 820 1979 ὅγε.
868 1941 896 1971 Ο
922 1950 981 1979 pro
997 1940 1048 1971 Ah
1063 1939 1100 1970 Z.
1118 1939 1220 1970 Bent.
1235 1937 1358 1977 Delph.
1377 1935 1533 1967 Peri—s
1557 1934 1609 1964 Ex
1624 1934 1722 1964 Bem.

270 1982 417 2022 corrige,
434 1982 514 2014 ΟΙιο.
540 1983 598 2014 Fa.
644 1984 764 2015 Nostri
784 1984 859 2014 Eleo.
884 1984 986 2014 Bent.
1029 1983 1097 2013 Oho
1113 1982 1195 2012 dant
1215 1981 1315 2012 Bent.
1332 1979 1370 2010 Z.
1388 1978 1478 2009 Peri.
1514 1976 1582 2007 Ohe
1597 1976 1724 2016 Delph.

270 2025 336 2056 Dic
352 2025 429 2055 mihi
444 2025 502 2056 dat
518 2026 659 2056 Micioni
686 2027 854 2057 Boon—9
878 2026 991 2056 Malim
1014 2025 1149 2066 quidem]
1176 2024 1253 2056 Non
1270 2021 1429 2054 convenit
1444 2021 1534 2051 inter
1550 2019 1725 2060 Interpre-

270 2074 334 2106 tes‚
358 2068 423 2099 utri
447 2068 521 2099 haec
539 2068 643 2099 verba
668 2070 736 2100 sint
763 2068 955 2107 tribuenda,
979 2069 1181 2105 Demeaene,
1208 2076 1249 2097 an
1275 2064 1439 2102 Micioni;
1463 2062 1549 2093 illud
1580 2062 1726 2093 maxime

270 2110 441 2151 Guyetus,
465 2111 527 2142 hoc
543 2111 635 2143 Mur.
652 2111 822 2144 defendit.
866 2112 1022 2143 Donatus
1042 2110 1191 2148 dubitat,
1207 2109 1250 2140 ob
1263 2108 1463 2139 varietatem
1480 2106 1564 2136 Mss.
1597 2104 1726 2136 Viden-

270 2158 327 2184 tur
344 2159 455 2184 autem
473 2155 608 2185 omnino
631 2155 790 2186 Micionis
808 2164 881 2185 csse
897 2154 1011 2185 verba.
1057 2153 1238 2185 Consentit
1264 2151 1410 2182 maxima
1436 2149 1520 2180 Mss.
1549 2157 1642 2188 pars,
1665 2147 1726 2178 sed

271 2201 306 2227 et
324 2197 525 2237 optimorum
543 2207 584 2227 ex
602 2198 786 2238 impressis,
809 2202 887 2238 post
902 2197 973 2228 EP.
1022 2196 1104 2227 Rari
1123 2196 1268 2227 Codices
1294 2194 1423 2235 legunt,
1438 2192 1503 2223 M1.
1525 2191 1599 2221 Non
1613 2191 1727 2222 malum

270 2239 410 2279 quidem:
435 2250 467 2280 q.
486 2240 516 2271 d.
541 2240 595 2270 Ne
612 2241 736 2271 malum
755 2241 890 2282 quidem
908 2240 1049 2271 verbum
1067 2249 1169 2270 unum
1187 2241 1368 2279 propterea
1386 2236 1474 2267 dico.
1513 2234 1567 2265 Ita
1584 2233 1726 2265 Fabrini

271 2282 423 2313 reddidit
439 2293 446 2313 :
472 2284 481 2300 ‘
498 2283 574 2313 Non
591 2282 669 2314 dico
692 2293 775 2323 pure
792 2293 858 2314 nna
880 2284 966 2313 mala
982 2281 1121 2323 pamla?
1149 2282 1246 2312 West.
1289 2281 1390 2311 Bent.
1407 2288 1481 2309 cum
1498 2278 1556 2309 Fa.
1574 2281 1610 2308 et
1635 2276 1726 2308 Mur.

271 2325 396 2356 rectius
413 2325 518 2356 verba
534 2326 647 2356 Malim
662 2326 783 2366 quidem
809 2326 952 2357 Micioni
978 2334 1113 2367 quoqne
1140 2323 1275 2355 tribuit.
1319 2323 1408 2353 Nam
1425 2319 1548 2352 mitiori
1563 2318 1725 2350 Micionis

270 2368 408 2408 ingenio
425 2368 530 2408 magis
545 2369 728 2399 convenire
751 2374 828 2400 sunt
849 2369 1086 2400 existimanda.
1109 2367 1209 2398 Zeun.
1256 2366 1331 2397 Non
1346 2362 1466 2403 malim]
1489 2361 1656 2403 Equidem
1671 2371 1732 2405 ac->

270 2411 360 2451 cipio
387 2420 460 2451 pro,
487 2411 588 2442 nolim
618 2412 754 2452 quidem
780 2422 826 2442 sc.
854 2412 1012 2443 insanire.
1047 2409 1146 2442 Conf.
1174 2408 1264 2439 infra
1288 2418 1335 2439 vs.
1352 2410 1405 2438 30.
1451 2404 1628 2436 Editiones
1643 2413 1725 2435 vero

271 2462 402 2491 omneS‚
426 2457 502 2493 post
525 2453 598 2484 Non
625 2459 752 2494 puncto
781 2455 902 2495 posito,
919 2455 1031 2485 Malim
1045 2453 1168 2494 quidem
1183 2452 1257 2483 aliae
1276 2451 1431 2482 tribuunt
1447 2448 1599 2488 Demeae,
1623 2456 1726 2478 sensu

271 2496 504 2536 saneinep103
529 2496 702 2537 pleraeque
730 2497 883 2534 Micioni,
910 2498 1019 2538 plura,
1044 2497 1077 2527 ni
1104 2495 1395 2534 interpellaretur,
1418 2492 1585 2523 locuturo.
1631 2489 1722 2521 Mur.

272 2538 322 2569 ita
339 2539 497 2579 supplet:
525 2539 637 2570 Malim
653 2540 787 2579 quidem,
813 2540 840 2571 si
863 2540 935 2571 fieri
966 2544 1092 2580 posset,
1118 2539 1218 2569 aliter
1241 2546 1340 2574 esse;
1365 2534 1436 2573 sed,
1461 2532 1608 2575 quando,
1634 2532 1725 2572 quod

270 2579 401 2612 factum
425 2585 488 2616 est,
514 2581 676 2612 infectum
702 2581 773 2612 fieri
801 2592 866 2614 non
893 2587 1018 2623 potest,
1041 2591 1139 2622 aequo
1162 2581 1271 2612 animo
1297 2578 1380 2610 fero.
1404 2576 1592 2608 Schmieder.
1637 2574 1724 2606 Haec

271 2623 379 2654 verba
406 2623 544 2653 Damm-
572 2625 724 2654 ti-ibnnnt
750 2625 789 2655 Z.
813 2626 910 2656 noun.
957 2626 1097 2656 Numi-1.
1114 2634 1184 2654 mam
1200 2624 1261 2653 ins.
1279 2621 1395 2653 Guelf.
1412 2621 1529 2650 1.—10
1552 2618 1611 2648 Est
1634 2617 1726 2648 «leuet

271 2666 460 2697 Boiu—11
487 2667 624 2705 Min-nm,
651 2667 684 2697 id
713 2677 829 2707 rogare
858 2669 1034 2704 Demeam,
1061 2668 1116 2708 qui
1143 2667 1217 2706 ipse
1233 2665 1383 2702 dixerat,
1407 2665 1586 2703 peccatum
1601 2669 1675 2691 esse
1693 2661 1725 2690 in

272 2709 437 2749 virginem
455 2709 576 2746 civem,
598 2714 634 2740 et
664 2719 805 2749 puerum
832 2716 962 2747 natum,
986 2710 1184 2750 sciebatque
1202 2709 1312 2748 Leges
1328 2706 1462 2737 Atticas
1478 2704 1530 2735 vel
1555 2702 1727 2734 matrimo-

273 2751 364 2782 nium
377 2751 511 2790 jnbew,
538 2752 588 2781 vei
606 2761 723 2782 necem
741 2754 952 2792 stupratoris.
998 2753 1073 2784 Nisi
1091 2752 1219 2793 potius,
1242 2753 1398 2781 monente
1413 2749 1565 2784 Donato,
1587 2745 1659 2776 sine
1676 2746 1725 2776 in-

273 2794 501 2835 terrogatioue
519 2795 820 2836 pronuntiandum,
843 2801 878 2828 et
899 2795 1113 2837 jungendum
1135 2795 1215 2834 iuis,
1239 2793 1368 2832 ‘Virgo
1384 2790 1465 2822 nihil
1480 2788 1603 2821 habet:
1629 2788 1724 2820 West.
