1966 3302
579 258 802 289 EUNUcffl
838 258 945 287 Acr.
973 258 1014 287 v.
1048 258 1116 288 sc.
1140 259 1170 287 1.
1513 248 1594 287 501

558 416 761 458 ACTUS
794 415 851 456 V.
906 415 1111 457 SCENA
1145 416 1182 455 I.

649 549 816 580 THAIS.
863 549 1097 578 PY‘rHlAS.

145 620 238 662 TH.
270 617 495 669 PERG1N’‚
517 618 727 667 scelesta,
747 630 919 658 mecum
941 617 1155 670 perplexe
1177 617 1327 670 loqui?

145 687 277 735 Βοῖος
298 685 473 737 nesci03
497 685 634 736 abiit3
658 684 832 736 audivi3
856 696 936 736 ego
958 697 1043 724 non
1063 684 1180 725 affui.
1385 728 1388 730 ,

146 755 251 796 Non
266 759 314 795 tu
334 754 446 795 istuc
467 752 575 794 mihi
595 752 767 794 dictura
788 756 938 805 aperte
958 764 1020 802 es,
1043 750 1254 805 quicquid
1278 752 1376 792 est‘?

144 821 283 875 Virgo
304 822 537 863 conscissa
557 825 678 864 veste
699 821 952 875 lacrymans
974 820 1152 861 obticet.

143 889 386 930 Eunuchus
407 890 540 941 abiit3
563 890 843 943 quamobrem
861 889 880 929 Ἰ
918 887 1024 942 quid
1045 887 1211 928 factum
1231 887 1328 927 est?
1352 889 1474 927 taces
1491 886 1510 925 'l
1569 885 1597 925 5

143 956 235 998 PY.
253 956 372 1008 Quid
393 957 474 998 tibi
494 971 574 1010 ego
596 958 758 1008 dicam,
779 957 971 997 misera?
1002 956 1126 996 illum
1148 954 1408 995 Eunuchum
1435 957 1598 1006 negant

145 1024 318 1066 Fuisse.
377 1024 467 1066 ΤΗ.
500 1025 617 1076 Quis
637 1025 719 1066 fuit
745 1024 907 1078 igitur?
970 1022 1059 1063 ΡΥ.
1092 1022 1182 1063 Iste
1205 1021 1404 1063 Chaerea.

142 1092 234 1133 TH.
267 1091 356 1142 Qui
378 1092 594 1135 Chaerea?
653 1092 744 1132 PY.
777 1092 868 1132 Iste
889 1090 1101 1144 ephebus,
1129 1090 1261 1131 frater
1280 1087 1511 1130 Phaedriae.

142 1161 233 1201 ΤΗ.
265 1159 387 1211 Quid
410 1161 492 1211 ais,
515 1159 743 1201 venefica?
804 1158 893 1199 PY.
926 1156 1066 1211 Atqui
1083 1161 1207 1197 certo
1229 1155 1438 1209 comperi.

142 1227 232 1268 ΤΗ.
265 1226 385 1277 Quid
406 1228 459 1276 is,
481 1228 679 1277 obsecro,
712 1225 768 1267 ad
797 1225 908 1266 nos‘?
933 1224 1217 1278 quamobrem
1247 1223 1466 1264 adductus
1499 1222 1596 1262 est?

316 1293 400 1348 Py.
433 1294 632 1347 Nescio3
1543 1289 1598 1330 10

145 1362 251 1404 Nisi
272 1375 448 1404 amasse
472 1362 603 1404 oredo
625 1360 919 1415 Pamphilam.
979 1358 1071 1400 ΤΗ.
1102 1358 1242 1399 Hem!
1263 1357 1422 1399 misera
1439 1356 1598 1397 occidi.

185 1500 252 1530 ΤΗ.
285 1500 451 1539 Pergisne,
472 1500 630 1536 scelerata,
650 1498 797 1530 intricate
820 1499 911 1537 atque
936 1496 1060 1526 obscure
1084 1505 1200 1526 mecum
1224 1495 1325 1535 loqui?
1369 1493 1452 1531 Scio,
1474 1491 1573 1523 nescio
1586 1501 1598 1528 ;

141 1542 247 1573 audivi
262 1546 402 1583 stuprum
417 1543 465 1573 illi
480 1552 543 1573 esse
554 1543 676 1573 illatum
688 1552 698 1572 .·
721 1539 818 1579 abfui,
828 1549 895 1570 cum
906 1539 1018 1570 vitiata
1033 1542 1089 1569 est.
1137 1540 1248 1569 Nonne
1264 1542 1297 1569 tu
1313 1538 1395 1569 istud
1409 1536 1487 1566 mihi
1501 1536 1598 1565 decla-

140 1585 225 1616 rabis
247 1586 325 1626 quod
348 1595 388 1616 ex
410 1589 441 1616 te
463 1595 578 1626 quoero,
594 1584 741 1626 quicquid
755 1583 822 1613 sit?
860 1583 957 1621 Virgo
973 1584 1109 1612 lacerata
1136 1585 1220 1612 vesle
1236 1591 1302 1621 prae
1326 1581 1441 1621 pudore
1466 1578 1600 1614 obticet5

142 1628 311 1659 Eunuchus
325 1628 463 1667 aufugit.
497 1629 702 1663 Quamobrem
714 1625 864 1665 aufugit?
886 1625 958 1666 quid
964 1625 1087 1662 factum
1101 1627 1170 1655 est?
1206 1624 1285 1655 Cum
1305 1623 1371 1654 hoec
1386 1632 1406 1653 a
1427 1626 1457 1653 te
1483 1630 1598 1661 quoer0‚

140 1670 220 1701 nihil
234 1672 393 1711 quicquam
413 1672 587 1711 respondes.
633 1671 701 1701 ΡΥ.
728 1669 813 1705 Quid
831 1678 887 1708 ego
903 1668 1016 1705 infelix
1030 1667 1089 1698 libi
1103 1666 1232 1708 amplius
1252 1667 1432 1707 respondere
1455 1667 1601 1704 possum?

140 1713 262 1745 Dicunt
278 1714 365 1745 illum
384 1715 511 1745 minime
533 1713 718 1745 Eunuchum
733 1712 848 1750 fuisse.
894 1711 962 1741 ΤΗ.
989 1710 1068 1746 Quis
1074 1710 1143 1748 fuit
1157 1708 1284 1749 igitur?
1330 1709 1399 1739 ΡΥ.
1425 1708 1489 1738 Iste
1507 1707 1599 1737 Choe-

140 1765 205 1787 rea.
250 1757 316 1788 ΤΗ.
344 1757 408 1792 Qui
426 1758 581 1788 Choerea?
625 1757 695 1787 ΡΥ.
720 1756 785 1786 Iste
801 1754 985 1791 adolescens,
1002 1753 1109 1791 frater
1126 1753 1293 1784 Phaedrioe.
1336 1752 1404 1782 ΤΗ.
1432 1749 1516 1786 Quid
1538 1750 1598 1788 ais,

139 1798 298 1839 venefica?
341 1800 409 1831 ΡΥ.
433 1800 480 1831 At
500 1809 568 1830 eum
583 1799 682 1840 ipsum
697 1807 760 1830 esse
776 1800 857 1828 certo
874 1796 1013 1835 cognovi.
1059 1797 1129 1827 ΤΗ.
1155 1796 1220 1825 Cur
1235 1796 1275 1826 acl
1288 1805 1353 1831 nos,
1369 1803 1482 1834 quaeso,
1496 1793 1601 1823 venit?

143 1843 210 1873 Cur
225 1844 265 1874 ad
279 1852 335 1873 nos
348 1843 498 1874 adductus
512 1840 583 1874 est?
630 1843 698 1874 ΡΥ.
722 1840 846 1879 Nescio,
860 1839 923 1870 nisi
937 1848 1040 1870 amore
1057 1842 1179 1879 captum
1191 1838 1295 1876 fuisse
1308 1838 1397 1868 credo
1413 1835 1598 1876 Pamphilae.

768 1929 928 1942 &ruem
932 1929 1008 1941 tto-e

184 1996 203 2025 3
229 1994 316 2024 Num
348 1997 383 2025 tu
400 1993 444 2025 G.
463 1994 544 2024 ΕΜ.
570 1994 671 2026 West.
716 1993 770 2024 Sic
799 1993 914 2025 Guelf.
930 1995 962 2023 2.
986 1992 1026 2022 Id
1055 1995 1130 2032 post
1159 1988 1368 2031 ‘quicquid’
1384 1991 1414 2020 3.
1443 1989 1515 2020 Dat
1538 1989 1599 2019 Br.

140 2040 246 2077 aperte
272 2040 328 2068 es?
362 2037 518 2078 Quicquid
546 2041 604 2076 est,
628 2037 738 2076 Virgo,
761 2037 880 2076 &cf-5
909 2036 999 2071 Quod
1026 2033 1144 2066 Guelf.
1166 2035 1264 2064 2.—8
1290 2031 1368 2067 Quis
1391 2031 1438 2063 id.
1466 2032 1597 2063 Ms.--9

143 2081 207 2110 Pro
222 2083 304 2110 certo
320 2080 388 2110 Ms.
407 2080 488 2110 Par.
506 2080 596 2110 Perl.
645 2080 739 2110 Certe
755 2080 813 2110 ΒΓ.
832 2082 879 2117 at,
897 2088 972 2109 cum
989 2078 1101 2117 glossa
1126 2076 1169 2107 ad
1189 2077 1273 2106 hanc
1291 2084 1408 2105 vocem
1424 2075 1456 2104 in
1474 2075 1532 2106 ΒΓ.
1551 2075 1597 2105 sit

140 2125 235 2161 certe,
271 2126 330 2153 aut
356 2122 538 2153 lectionem
565 2126 623 2152 aut
646 2123 792 2162 glossam
822 2121 910 2152 male
939 2121 1107 2151 indicasse
1136 2119 1246 2150 Bruns
1277 2117 1512 2149 videtur.——.10
1546 2117 1599 2148 Ad

139 2174 206 2202 nos,
233 2167 288 2195 aut
316 2164 512 2205 quamobrem
537 2165 688 2195 adductus
711 2167 781 2195 est?
823 2163 984 2195 Senarius
1012 2163 1065 2193 hic
1083 2161 1268 2202 impeditus
1284 2160 1411 2199 optime
1427 2160 1598 2200 procedit,

140 2207 425 2248 quemadmodum
454 2208 579 2247 legitur
608 2208 642 2237 in
668 2208 765 2238 Bem.
788 2207 829 2237 ad
851 2216 918 2245 ηοε,
951 2205 1144 2246 quamobrem
1168 2203 1362 2235 adductu’st:
1399 2203 1449 2234 ita
1476 2208 1511 2234 et
1538 2203 1596 2235 Vi.

140 2250 206 2280 nisi
224 2250 312 2291 quod
331 2250 435 2281 habet
451 2251 601 2281 adductus
622 2250 694 2280 sine
721 2253 778 2281 est.
801 2250 859 2281 Fa.
902 2248 969 2280 Aut
990 2250 1022 2278 in
1047 2247 1202 2278 omnibus
1225 2246 1350 2278 nostris
1366 2251 1431 2284 est,
1454 2255 1520 2276 uno
1537 2255 1596 2276 ex-

141 2299 255 2333 cepto.
301 2293 405 2324 Certe
422 2293 626 2334 elegantiam
642 2302 735 2323 suam
752 2293 805 2323 hic
823 2291 935 2323 habet.
972 2291 1017 2322 Et
1034 2300 1150 2321 versus
1167 2299 1271 2320 causa
1287 2289 1365 2320 olim
1383 2289 1484 2329 ejecit
1499 2289 1599 2319 Bem-

140 2334 239 2366 binus
269 2335 454 2367 Librarius.
511 2336 616 2376 Lege,
638 2336 680 2366 ad
704 2345 772 2372 me;
794 2338 849 2366 aut
869 2334 1063 2374 quamobrem
1086 2334 1263 2364 adductust.
1288 2333 1389 2362 Bent.
1445 2331 1598 2371 Reponit

141 2378 243 2410 Bent.
264 2380 304 2410 ad
321 2388 382 2418 me,
405 2379 533 2419 quippe
549 2377 639 2419 quod
657 2378 729 2409 sola
742 2377 841 2408 Thais
859 2377 993 2408 domina
1010 2377 1066 2408 sit.
1111 2376 1180 2407 Sed
1204 2375 1320 2414 miror,
1343 2383 1443 2415 quam
1460 2374 1597 2404 aberra-

140 2421 230 2452 verit
245 2422 288 2452 V.
307 2422 351 2452 D.
380 2422 438 2462 qui
463 2422 597 2452 nesciat
623 2421 785 2461 pluralem
814 2430 988 2450 numerum
1010 2419 1108 2460 hujus
1135 2418 1344 2460 pronominis
1366 2417 1455 2448 sicut
1482 2418 1596 2457 singu-

140 2463 245 2494 larem
262 2465 452 2505 promiscue
474 2464 638 2504 usurpari.
661 2464 750 2495 Peri.
796 2462 1031 2494 Proculdubio
1055 2463 1118 2492 hoc
1141 2471 1207 2491 non
1230 2460 1373 2492 nescivit
1396 2460 1596 2492 Bentleius:

139 2515 207 2537 non
233 2511 308 2538 erat
335 2506 420 2538 adeo
442 2506 598 2538 indoctus
620 2511 656 2537 et
683 2506 860 2546 imperitus
882 2506 1103 2545 ingenuarum
1118 2505 1305 2535 literarum.
1351 2503 1457 2534 Novit
1473 2513 1512 2533 ac
1528 2511 1597 2533 me-

140 2549 251 2580 minit.
294 2550 362 2581 Aut
387 2550 469 2580 dant
496 2550 555 2581 ΒΓ.
577 2549 673 2581 Perl.
720 2550 781 2579 Est
804 2549 932 2579 omittit
947 2549 1134 2579 Both.—ll
1160 2547 1246 2577 Post
1265 2547 1275 2564 ‘
1291 2545 1411 2577 occidi’
1433 2555 1496 2585 ego
1517 2554 1596 2583 non,

141 2595 180 2623 ut
203 2592 317 2634 multi,
339 2602 484 2632 comma,
505 2592 565 2623 sed
589 2601 667 2624 cum
683 2592 792 2623 West.
817 2598 980 2632 punctum
999 2590 1107 2632 posui.
1131 2590 1219 2621 Peri.
1265 2590 1405 2621 Comma
1428 2588 1510 2619 dant
1536 2588 1595 2619 Br.

796 2684 831 2717 N
835 2684 940 2718 01*AE

182 2751 203 2779 4
231 2749 329 2788 Virgo
352 2750 503 2780 conscissa
517 2749 614 2790 veste]
644 2749 744 2781 Thais
762 2750 838 2781 bre·
893 2753 1124 2782 recensuerat.

142 2799 231 2831 viter
256 2798 363 2831 refert
389 2810 463 2840 quae
480 2799 543 2831 sibi
570 2799 711 2841 Pythias
735 2800 839 2831 latius
