1966 3302
310 237 423 279 1004
804 247 845 278 P.
876 246 1119 277 TERENTH
1155 247 1269 277 Ami

306 344 402 386 Aut
419 344 539 385 unde
559 341 663 384 mihi
685 341 902 383 auxilium
923 348 1074 397 petam
1092 344 1110 382 ¹?

311 412 430 454 Nam
450 424 615 461 vereor,
634 411 739 452 hera
758 424 812 451 ne
832 412 890 451 ob
911 425 1056 453 meum
1077 424 1260 453 suasum
1295 411 1472 466 indigne
1491 410 1651 466 injuria
1672 411 1762 453 affi-

483 480 650 520 ciatur:

310 547 382 588 Ita
401 550 571 600 patrem
592 545 886 587 adolescentis
906 544 1028 586 facta
1046 545 1143 587 haec
1165 547 1351 588 tolerare
1381 546 1513 588 audio
1533 546 1763 587 violenter.

311 615 471 656 CHRE.
504 613 624 656 Nam
655 627 755 667 quae
782 614 878 654 haec
913 626 1024 654 anus
1045 621 1114 655 est
1134 614 1404 666 exanimata,
1441 629 1468 657 a
1501 615 1629 656 fratre
1662 627 1763 669 quae

482 694 661 735 egressa
683 681 736 722 'st
756 682 884 722 meo?
1737 683 1766 723 5

312 751 390 793 So.
423 749 561 800 Quod
582 756 631 790 ut
650 749 857 799 facerem,
888 753 1062 803 egestas
1082 764 1150 791 me
1172 751 1373 805 impulit3
1405 763 1504 793 cum
1525 751 1682 792 scirem
1702 751 1766 792 in-

481 818 632 859 firmas
654 818 830 872 nuptias

312 886 468 927 Hasce
491 898 621 938 esse3
642 893 689 926 ut
710 885 756 926 id
779 885 1055 927 consulerem
1073 900 1084 938 3
1106 886 1269 927 interea
1289 888 1386 928 vita
1404 891 1454 928 ut
1468 887 1512 928 in
1534 890 1627 929 tuto
1643 884 1766 927 foret.

311 953 468 995 CHRE.
490 952 620 994 Certe
643 952 833 1006 aedepol,
849 953 937 994 nisi
957 967 1026 994 me
1049 953 1223 994 animus
1244 954 1374 1005 fallit,
1391 959 1467 997 aut
1485 967 1643 1008 parum
1664 965 1768 1007 pro-

486 1021 679 1074 spiciunt
702 1021 833 1072 oculi,

313 1088 432 1130 Meae
465 1089 682 1130 nutricem
702 1093 845 1142 gnatae
868 1089 1014 1131 video.
1073 1091 1152 1132 So.
1185 1089 1344 1145 Neque
1374 1090 1447 1131 ille
1467 1090 1766 1142 investigatur.

486 1156 644 1199 CHRE.
676 1156 800 1208 Quid
821 1171 948 1211 agam
965 1159 984 1198 ‘t

315 1224 393 1266 So.
427 1224 519 1276 Qui
539 1230 609 1266 est
628 1225 724 1280 ejus
746 1231 886 1279 pater.
946 1225 1102 1267 CHRE.
1134 1225 1277 1276 Adeo,
1301 1238 1356 1267 an
1378 1238 1550 1276 maneo,
1577 1224 1679 1266 dum
1701 1238 1769 1275 ea,

483 1306 583 1347 quae
604 1294 822 1348 loquitur,
844 1295 989 1348 magis
1014 1296 1276 1348 cognosco?
1714 1293 1772 1334 10

314 1421 395 1442 nunc
406 1421 492 1453 opem
507 1411 583 1443 milii
599 1414 802 1454 comparabo?
826 1415 931 1446 Timeo
946 1415 1028 1446 enim
1043 1426 1080 1446 ne
1094 1415 1253 1447 Phanium
1265 1415 1340 1445 hera
1351 1414 1566 1446 contumeliose
1578 1414 1731 1444 tractetur
1739 1420 1773 1442 eo

314 1455 394 1494 quod
409 1456 483 1486 meis
496 1456 690 1487 suasionibus
703 1458 892 1489 crediderit:
915 1459 983 1489 ideo
997 1459 1141 1497 graviter
1151 1458 1242 1496 ferre
1260 1462 1383 1498 patrem
1406 1457 1631 1498 Demiplionem
1654 1455 1772 1486 adoles-

315 1499 413 1528 centis
428 1499 618 1538 Antiphonis
632 1500 725 1536 sacta
748 1501 903 1540 intelligo.
950 1502 1018 1533 Cn.
1045 1502 1195 1537 Quoenam
1209 1505 1256 1532 est
1272 1502 1337 1532 liceo
1353 1501 1456 1531 vetula
1472 1499 1635 1536 exterrita,
1653 1502 1683 1529 et
1698 1507 1772 1528 exa-

315 1540 436 1571 nimata
450 1546 546 1578 metu,
561 1553 630 1582 quoe
645 1544 713 1574 exit
731 1554 749 1574 a
775 1544 862 1574 domo
874 1544 994 1582 fratris
1020 1544 1250 1585 Demiphonis?
1294 1544 1354 1575 So.
1379 1543 1468 1578 Quod
1485 1543 1680 1581 utfaoerem,
1695 1543 1731 1571 ut
1745 1540 1775 1570 ei

315 1585 487 1623 suaderem,
512 1584 637 1625 obsequi
661 1586 779 1617 scilicet
797 1587 983 1627 Antiphoni,
1008 1587 1114 1628 inopia
1136 1597 1183 1618 me
1198 1586 1311 1626 coegit,
1327 1586 1468 1627 quamvis
1481 1585 1560 1616 satis
1570 1585 1775 1626 praeviderem

316 1627 441 1667 nuptias
454 1627 544 1658 hasce
558 1629 647 1659 valde
661 1629 821 1660 instabiles
831 1639 905 1668 esse,
919 1633 949 1660 et
957 1629 1052 1668 facili
1063 1630 1186 1670 negotio
1201 1630 1308 1660 dirimi
1323 1639 1408 1670 posse
1420 1640 1430 1660 .·
1451 1629 1536 1659 suasi
1549 1629 1590 1667 ei,
1605 1631 1641 1658 ut
1653 1628 1775 1658 interea

317 1669 384 1700 vita
410 1669 448 1700 ab
473 1671 555 1701 omni
580 1671 699 1711 injuria
724 1676 794 1703 tuta
822 1676 912 1703 esset.
957 1673 1026 1704 CH.
1050 1672 1132 1704 Sane
1154 1673 1215 1703 nisi
1238 1683 1321 1703 mens
1345 1675 1443 1711 errat,
1467 1675 1524 1702 aut
1544 1671 1629 1702 visus
1642 1669 1775 1709 caligat,

309 1712 391 1754 filiae
406 1723 481 1744 meae
496 1714 649 1745 nutricem
665 1716 750 1745 video
763 1715 966 1756 Sophronam.
1007 1716 1066 1746 SO.
1087 1716 1197 1755 Neque
1211 1716 1306 1746 etiam
1320 1716 1423 1746 sedulo
1439 1715 1620 1755 inquirendo
1637 1711 1775 1753 Stilpho-

317 1765 386 1785 nem
398 1766 466 1786 eum
483 1757 622 1788 invenire
636 1768 804 1798 possumus.
855 1758 922 1789 CH.
948 1758 1034 1793 Quid
1049 1762 1162 1797 agam?
1206 1759 1265 1790 So.
1293 1759 1356 1794 Qui
1372 1758 1415 1788 sit
1430 1758 1494 1796 ejus
1505 1760 1596 1798 pater
1609 1755 1775 1796 deprehen-

318 1798 390 1830 dere
405 1809 465 1830 non
480 1800 626 1832 calemus.
674 1802 744 1832 CH.
767 1801 820 1832 An
835 1811 901 1832 eam
921 1801 1109 1839 conveniam,
1133 1812 1172 1832 an
1189 1801 1238 1832 hic
1253 1801 1428 1841 consistam,
1442 1801 1514 1831 dum
1528 1808 1696 1831 sermonem
1711 1798 1777 1836 ejus

932 1893 1173 1906 emmo-tnnc

322 1958 361 1990 Z.
381 1958 439 1988 ΒΥ.
462 1957 575 1989 misera
590 1958 746 1989 inveniam
758 1959 809 1989 cui
820 1977 862 1982 —
873 1962 904 1990 at
926 1958 932 2001 Ι
951 1970 1007 2000 que
1023 1959 1192 1991 Rota-2
1205 1960 1334 1991 Versus
1349 1959 1403 1990 hic
1419 1958 1512 1989 varie
1527 1958 1667 1998 legitur.
1690 1957 1779 1990 Sunt

323 2001 480 2040 Codices,
504 2001 537 2031 in
556 2001 677 2041 quibus
693 2000 731 2032 τὸ
748 2001 834 2032 Mihi
860 2012 926 2033 non
953 2003 1105 2043 legitur3
1130 2007 1218 2042 sunt,
1247 2003 1279 2032 in
1305 2003 1438 2043 quibus,
1462 2002 1557 2032 Nunc
1580 2001 1679 2037 milzi‚·
1702 2006 1781 2032 sunt

322 2044 439 2079 etiam,
464 2043 520 2074 ubi
537 2044 618 2075 Hoec
633 2045 766 2083 referam
781 2043 914 2076 faciunt
931 2045 1065 2076 initium
1082 2054 1210 2077 versus.
1240 2046 1404 2076 West.——3
1425 2044 1542 2076 Herum
1559 2044 1604 2075 G.
1626 2053 1726 2075 meum
1742 2054 1781 2076 ne

322 2086 358 2116 ob
372 2087 473 2118 Both.
519 2087 615 2117 Bem.
632 2093 668 2118 et
685 2087 786 2128 aliqui
803 2088 859 2118 alii
884 2088 1016 2127 indigna
1042 2088 1179 2125 habent,
1203 2093 1241 2119 ut
1271 2088 1312 2119 ad
1338 2088 1497 2126 injuriam
1514 2085 1695 2118 referatur.
1718 2086 1780 2118 Fu.

324 2130 474 2169 Indigna.
518 2130 575 2161 Sic
592 2139 611 2161 e
627 2140 688 2160 suo
705 2131 803 2162 Bem.
820 2130 983 2166 Faernus,
1000 2141 1134 2172 semper
1150 2132 1182 2162 ei
1197 2130 1282 2162 libro
1299 2131 1480 2166 addictior,
1499 2140 1598 2170 quam
1616 2139 1678 2171 par
1694 2134 1780 2161 erat.

323 2174 431 2204 nostri
447 2182 562 2204 omnes
578 2173 729 2212 indigne;
747 2178 782 2204 et
798 2178 907 2206 recte.
952 2174 1007 2205 Sic
1026 2174 1154 2205 Heaut.
1169 2183 1225 2205 111.
1242 2177 1272 2204 3.
1289 2176 1320 2204 4.
1336 2174 1345 2190 ‘
1361 2174 1456 2205 Facis
1473 2173 1558 2205 adeo
1574 2172 1714 2213 indigne
1729 2173 1780 2204 in-

324 2215 447 2255 juriam
464 2216 525 2256 ilii,
547 2216 603 2256 qui
620 2225 686 2247 non
702 2215 872 2247 abstineas
889 2216 1049 2248 mannm.’
1074 2217 1167 2248 Bent.
1215 2217 1259 2248 Et
1275 2217 1356 2248 Par.
1374 2216 1428 2247 ed.
1443 2214 1588 2256 indigna,
1614 2220 1653 2246 ut
1680 2215 1779 2246 habe-

324 2265 421 2290 retur
438 2268 498 2298 pro
515 2258 675 2291 ablativo.
718 2259 871 2291 Praestat
886 2265 1000 2291 autem
1017 2260 1217 2291 nominativ.
1235 2269 1282 2290 sc.
1309 2260 1403 2290 hera.
1428 2260 1593 2290 Perl.—l.
1608 2260 1640 2290 2.
1658 2261 1678 2289 3
1702 2257 1779 2290 Hoc

326 2302 506 2333 tristichon
534 2302 585 2333 ita
609 2302 803 2342 disponitur
829 2303 862 2333 in
886 2303 1011 2343 Delph.
1038 2304 1122 2339 Quid
1148 2313 1241 2342 agam
1256 2320 1296 2326 —-
1312 2303 1440 2333 consilia
1459 2302 1464 2344 Ι
1484 2301 1566 2333 Haec
1590 2300 1726 2339 reseram
1737 2318 1781 2324 —-

325 2355 432 2376 vereor
451 2343 455 2385 Ι
477 2345 567 2375 Hera
582 2362 624 2368 —
639 2346 869 2387 officiatum—5
894 2345 1011 2387 Aliqui
1027 2346 1120 2384 libri,
1146 2346 1235 2376 inter
1249 2355 1330 2387 quos
1352 2346 1449 2376 Bem.
1465 2350 1500 2376 et
1519 2345 1598 2375 Bas.
1614 2345 1696 2375 item
1712 2344 1781 2375 Do.

330 2389 415 2418 Nam
429 2397 497 2427 quoe
512 2388 576 2418 Itoec
591 2398 668 2419 anus
683 2392 750 2419 est?
772 2389 832 2419 Fa.
876 2389 991 2419 Prava
1016 2389 1191 2420 distinctio
1217 2395 1280 2427 est,
1306 2398 1403 2429 qnam
1432 2388 1481 2418 sic
1507 2387 1672 2428 corrigas,
1696 2386 1783 2418 Nam

327 2441 395 2469 quae
410 2431 474 2461 ltoec
489 2441 564 2461 anus
579 2434 637 2470 est,
653 2431 832 2462 exanimata
848 2432 981 2469 afratre
993 2441 1061 2472 quse
1077 2435 1233 2471 egressast
1249 2441 1325 2462 meo.
1382 2431 1502 2462 Nostri
1515 2439 1651 2471 quoque
1665 2437 1781 2460 omnes

329 2474 394 2504 hoec
409 2483 486 2504 anus
500 2478 565 2504 est.-
590 2478 686 2505 recte
702 2486 710 2505 ε
736 2481 774 2506 ut
789 2475 879 2505 Anus
895 2474 928 2505 in
943 2475 1013 2506 ictu
1030 2476 1085 2506 sit.
1133 2474 1235 2513 Apud
1264 2473 1417 2505 Servium
1437 2473 1478 2505 ad
1497 2472 1625 2512 Georg.
1640 2474 1782 2504 ιν..445.

331 2517 416 2547 Nam
432 2527 498 2557 qua>
512 2520 557 2547 est
573 2517 639 2547 haec
654 2527 743 2548 anus.
767 2518 869 2548 Bent.
917 2518 1070 2553 Quoenam
1097 2517 1146 2548 M.
1165 2517 1238 2549 EA.
1286 2517 1427 2556 Namque
1443 2517 1501 2547 ΒΥ.
1525 2525 1604 2546 mox
1618 2515 1706 2546 modo
1730 2514 1782 2546 M.

328 2569 394 2589 meo
411 2559 509 2591 abest
525 2569 544 2590 a
558 2560 658 2591 Witt.
698 2560 847 2595 Quoeuam
864 2559 980 2591 Gnelt'.
996 2563 1104 2591 3.—6.
1120 2563 1139 2590 7
1156 2560 1212 2590 Ita
1227 2560 1311 2600 legit
1331 2559 1429 2590 Both.
1448 2559 1537 2594 Quod
1550 2561 1585 2589 ut
1599 2557 1784 2589 consulerem

328 2606 452 2640 egestas
467 2603 591 2642 impulit
606 2613 666 2641 me,
682 2612 750 2634 cum
765 2604 855 2634 hasce
868 2603 994 2644 nuptias
1013 2602 1017 2644 Ι
1039 2603 1186 2645 Infirmas
1200 2612 1265 2633 esse
1277 2602 1400 2640 scirem,
1414 2604 1531 2643 &tn—7
1546 2601 1634 2631 Dum
1649 2608 1784 2630 versum

330 2645 418 2675 hunc
435 2645 603 2685 expungit
617 2645 789 2685 Guyetus,
814 2646 911 2676 simul
932 2655 1066 2677 sensum
1084 2645 1298 2676 commodum
1315 2644 1541 2685 praecedentis
1559 2643 1660 2674 tollit.
1687 2643 1784 2674 West.

332 2686 464 2718 Clarius
482 2688 627 2727 patebit,
652 2688 677 2718 si
695 2688 896 2729 distinguas,
920 2693 953 2720 ul
971 2690 1003 2720 id
1018 2689 1202 2719 consulerem
1218 2688 1349 2724 interea,
1376 2687 1441 2718 vita
1453 2690 1488 2718 ut
1502 2685 1646 2723 —foret.
1671 2685 1782 2716 West.

330 2732 394 2760 ——8
419 2730 463 2760 O.
480 2731 502 2760 l.
519 2740 544 2761 s.
560 2734 614 2761 aut
627 2740 737 2770 parum
759 2732 951 2772 prospiciunt
965 2731 1055 2762 oculi.
1079 2741 1155 2772 quae
1172 2731 1352 2762 collocatio
1370 2730 1549 2761 verborum
1563 2737 1697 2759 versum
1711 2726 1782 2759 effi-

334 2772 380 2803 cit
398 2773 608 2804 trochaicum
632 2775 907 2809 acatalecticnm,
932 2774 1121 2814 cujusmodi
1147 2779 1226 2805 sunt
1250 2779 1319 2805 tres
1345 2777 1538 2814 sequentes.
1562 2771 1622 2802 Fa.
1665 2770 1723 2802 Ita
1747 2774 1785 2802 et

334 2816 441 2847 nostri
469 2815 629 2847 universi.
653 2816 814 2848 Bent.—9
839 2818 946 2857 Neque
966 2818 996 2848 is
1020 2817 1120 2850 Both.
1167 2817 1347 2857 ‘Legimus
1374 2825 1392 2847 e
1417 2816 1512 2846 Bem.
1528 2813 1602 2854 quid
1616 2812 1698 2854 ago!
1722 2813 1783 2844 Fa.
