1966 3302
497 222 844 255 ADELPHORUM
878 221 986 251 Ac'r.
1011 219 1085 248 ιιι.
1118 220 1187 249 sc.
1214 217 1271 247 11.
1515 204 1597 244 711

161 323 244 365 Cui
265 322 434 363 miserae
456 319 630 372 indigne
650 331 728 372 per
747 318 833 358 vim
856 317 1012 357 vitium
1034 313 1262 356 obtulerat.
1312 311 1388 351 So.
1412 307 1517 350 Non
1538 307 1601 348 in-

329 388 477 440 telligo
1545 376 1600 415 10

161 457 293 506 Satis,
316 468 413 510 quae
435 455 655 507 loquatur.
716 449 840 492 CAN.
872 450 1073 503 Propius,
1095 449 1292 495 obsecro,
1323 442 1603 490 accedamus,

331 526 544 567 Sostrata.
602 519 692 562 GE.
723 519 820 561 Ah!

164 592 240 633 Me
261 593 463 633 miserum
481 593 490 633 !
522 592 599 632 vix
620 602 717 631 sum
739 599 920 641 compos
941 586 1075 627 animi
1094 599 1103 626 ε
1123 584 1185 644 ita
1205 583 1339 624 ardeo
1359 578 1601 622 iracundia.

165 660 287 701 Nihil
309 665 378 700 est
397 659 515 714 quod
535 658 696 716 malim,
717 643 857 710 quam
870 644 992 695 illam
1012 639 1384 695 totani‘'familiam
1405 647 1509 688 mihi
1531 645 1604 686 da-

333 730 367 770 ri
387 729 578 775 obviam,
608 716 668 724 ‘W'
890 728 892 730 ’

165 798 228 840 Ut
258 810 338 850 ego
371 797 480 837 iram
512 795 624 835 hanc
656 793 701 832 in
732 804 811 832 eos
841 803 1040 832 evomam
1061 801 1245 837 omnem,
1264 787 1367 827 dum
1398 783 1606 837 aegritudo

332 864 427 905 haec
444 867 512 903 est
530 873 709 902 recensz

164 933 285 978 Satis
305 931 409 972 mihi
428 930 473 972 id
491 929 677 970 habeam
695 926 922 982 supplicii,
943 926 1045 967 dum
1067 925 1168 966 illos
1188 921 1382 964 ulciscar
1403 918 1549 960 modo.

166 1000 271 1041 Seni
291 999 480 1040 animam
499 997 684 1051 primum
705 995 1003 1048 extinguerem
1035 993 1138 1047 ipsi,
1161 990 1235 1044 qui
1267 987 1376 1030 illud
1398 985 1611 1040 produxit

337 1067 507 1126 Qi
1556 1054 1611 1095 16

165 1135 282 1187 Tum
302 1138 446 1175 autem
467 1133 627 1185 Syrum
657 1131 956 1185 impulsorem,
989 1127 1088 1177 vah,
1118 1126 1281 1180 quibus
1302 1125 1422 1165 illum
1443 1123 1609 1163 lacera-

337 1214 427 1242 rem
448 1200 590 1241 modis
607 1200 616 1240 !

168 1268 409 1311 Sublimem
429 1268 617 1309 medium
648 1266 897 1319 arriperem,
921 1269 967 1305 et
1002 1262 1149 1316 capite
1171 1260 1359 1314 primum
1381 1258 1426 1298 in
1455 1261 1609 1298 terram

339 1341 590 1385 statuerem,

169 1462 189 1482 a
213 1450 356 1492 perfidia,
371 1459 463 1491 neque
476 1450 554 1489 quod
565 1452 684 1488 tempus
695 1446 836 1488 pariendi
847 1445 1025 1476 imminebat
1037 1443 1214 1485 proximum
1224 1441 1356 1480 virgini,
1370 1450 1460 1481 quam
1470 1440 1612 1470 violarat.

171 1494 229 1525 So.
255 1495 324 1524 Non
339 1493 418 1523 satis
431 1493 519 1532 capio
533 1502 598 1531 quae
615 1491 698 1521 Geta
712 1490 800 1520 dicit.
846 1489 912 1520 CA.
938 1487 1224 1528 Appropinquemus
1238 1485 1352 1524 magis,
1367 1494 1418 1514 oro
1433 1487 1475 1522 te,
1489 1482 1613 1513 Sostra-

169 1539 214 1566 ta.
259 1536 325 1568 GE.
342 1535 394 1566 Ah
406 1545 453 1566 me
469 1533 646 1572 infelicem!
668 1533 725 1563 vix
735 1542 800 1563 sum
814 1535 922 1573 potens
944 1530 1052 1568 animi,
1067 1530 1114 1559 ita
1134 1528 1295 1558 iracundia
1309 1526 1519 1568 inflammatus
1538 1535 1614 1555 sum.

172 1578 265 1609 Nihil
280 1582 323 1609 est
340 1580 418 1618 quod
429 1576 530 1616 magis
545 1580 642 1617 optem
656 1586 746 1616 quam
759 1585 864 1605 omnes
876 1584 915 1604 ex
930 1573 991 1604 ista
1008 1571 1154 1603 Mitionis
1161 1570 1290 1608 familia
1303 1569 1379 1600 milii
1392 1569 1492 1599 obvios
1506 1567 1616 1608 offerri

170 1624 205 1651 ut
216 1622 295 1652 iram
308 1622 386 1651 hanc
402 1630 518 1651 omnem
529 1620 560 1650 in
577 1629 626 1650 eos
641 1628 776 1658 egeram,
789 1619 861 1648 dum
876 1617 926 1647 hic
941 1616 1027 1647 dolor
1040 1623 1125 1645 meus
1138 1623 1234 1644 novus
1249 1616 1306 1644 est.
1351 1613 1449 1643 Poena
1462 1611 1617 1652 safficiens

170 1664 368 1702 mihifnerit,
382 1664 454 1694 dum
467 1664 553 1693 modo
570 1672 646 1692 nunc
661 1661 807 1692 ultionem
822 1661 859 1690 de
873 1659 936 1690 illis
949 1668 1064 1689 sumam
1073 1668 1084 1695 ‚·
1107 1657 1173 1688 seni
1196 1656 1284 1697 patri
1294 1655 1429 1696 primum
1443 1655 1539 1684 vitam
1555 1654 1616 1684 eri-

167 1716 283 1746 perem,
298 1706 350 1747 qui
361 1710 424 1737 tam
435 1706 593 1736 scelestum
600 1704 744 1742 juvenem
758 1703 792 1734 in
808 1704 904 1733 lucem
919 1701 1036 1732 edidit:
1060 1704 1124 1730 tum
1140 1703 1243 1730 autem
1258 1698 1372 1739 Syram
1386 1697 1615 1736 instigatorem,

170 1749 229 1780 cah
241 1749 256 1780 !
277 1749 385 1789 quibus
400 1749 485 1779 illum
500 1747 659 1779 tormentis
674 1744 882 1778 dilaniarem!
906 1745 938 1776 in
950 1744 1079 1775 sublime
1091 1744 1206 1774 elatum
1226 1741 1360 1772 medium
1375 1741 1438 1779 ejus
1453 1749 1562 1779 corpus
1577 1741 1617 1769 ad

171 1801 219 1823 me
244 1792 409 1832 tralaerem,
429 1795 461 1822 et
483 1790 671 1831 proecipitem
687 1790 720 1820 in
735 1790 830 1820 sotum
845 1790 957 1820 durum
978 1790 1007 1818 et
1029 1796 1173 1817 saxosum
1187 1784 1355 1820 afflderem,
1370 1785 1427 1822 sic,
1440 1786 1474 1813 ut
1490 1783 1555 1821 ejus
1570 1791 1616 1813 ce-

771 1883 1014 1896 ΝΜΜΙΔΝ

172 1964 273 2005 Vulg.
295 1964 423 2003 indigne
446 1973 503 2004 per
524 1964 598 2003 vim,
620 1962 861 2003 praepositione
880 1965 993 1995 acuta,
1008 1959 1141 1990 nomine
1165 1956 1362 1997 gravissimo
1386 1957 1519 1986 elevato
1543 1960 1616 1986 tan-

172 2017 272 2048 quam
287 2007 466 2038 enclitico:
489 2007 538 2037 sic
555 2008 564 2024 ‘
583 2005 728 2037 duriter’
744 2010 779 2036 et
794 2005 915 2036 similia
930 2005 1102 2043 leguntur,
1118 2005 1218 2042 atque
1238 2001 1301 2030 hoc
1318 2000 1427 2040 ipsum
1451 1999 1485 2028 in
1503 2003 1618 2030 vetere

173 2050 405 2089 inscriptione.
428 2049 524 2080 Both.
536 2049 590 2090 qui
605 2049 706 2089 igitur·
717 2049 802 2088 legit
815 2049 988 2086 indigniter
1002 2046 1033 2076 υἱ
1045 2045 1249 2076 vitiant—ll
1277 2043 1354 2078 Qua:
1363 2042 1500 2082 loquitur
1510 2042 1618 2073 Idem.

174 2095 258 2126 ,—13
283 2093 322 2122 R.
349 2101 415 2122 non
431 2092 534 2122 habet
547 2095 655 2122 totam.
701 2091 843 2121 Botliius
858 2090 942 2130 legit
963 2098 1053 2129 quam
1068 2088 1161 2118 illanc
1185 2086 1247 2124 t.f.
1262 2086 1333 2116 «lari
1358 2085 1477 2115 obviam
1493 2086 1619 2115 omisso

173 2135 262 2166 mihi.
284 2135 344 2166 ΒΓ.
361 2134 401 2165 Ζ.
425 2134 550 2173 Delph.
565 2134 636 2164 dari
654 2133 743 2164 mihi.
780 2133 863 2164 Dari
877 2133 920 2163 mi
942 2132 1023 2172 Bip.
1040 2131 1229 2162 Bent.-l4
1258 2130 1303 2160 Ut
1317 2129 1396 2158 iram
1411 2128 1500 2158 hanc.
1527 2128 1618 2167 Lege

175 2188 218 2209 ex
234 2178 332 2208 Bem.
348 2182 384 2208 et
399 2176 472 2207 aliis
488 2175 560 2207 fere
576 2176 742 2215 omnibus,
761 2176 803 2206 Ut
825 2186 881 2215 ego
897 2176 976 2206 iram
992 2175 1079 2205 hanc.
1103 2173 1164 2203 Fa.
1205 2171 1302 2202 Unus
1316 2176 1447 2201 tantum
1473 2175 1508 2201 et
1534 2171 1619 2201 alter

175 2229 194 2251 e
210 2220 335 2251 nostris
361 2228 428 2259 ego,
474 2219 634 2250 Ceterum
652 2228 735 2250 unus
763 2228 805 2248 ex
831 2218 1018 2256 veteribus,
1034 2215 1188 2254 ‘egritudo
1202 2218 1246 2245 est
1263 2215 1326 2245 Ιιαί,ἱ
1346 2223 1459 2249 recem,
1473 2223 1537 2244 non
1555 2214 1619 2244 lioec

175 2267 232 2295 est.
256 2263 375 2294 Recte.
400 2262 581 2293 Bent.——l5
607 2262 697 2302 Guy.
725 2260 861 2292 inficete
880 2269 1014 2291 versum
1039 2260 1127 2289 hunc
1145 2258 1323 2298 expungit.
1351 2257 1447 2287 Wcst.
1491 2256 1619 2287 Versus

176 2306 359 2345 claudicat,
374 2304 438 2336 nisi
453 2305 487 2335 in
502 2305 511 2322 ‘
531 2304 609 2335 durn
622 2304 630 2318 '
647 2304 844 2344 synaloepha
871 2309 994 2341 cesset,
1011 2302 1112 2342 piane
1134 2306 1254 2331 contra
1278 2304 1385 2330 artem
1409 2306 1444 2330 et
1467 2299 1621 2330 Terentii

174 2358 314 2380 morem.
357 2348 444 2378 Dele
459 2347 523 2378 ista
538 2348 610 2378 dum
624 2348 691 2378 illos
711 2347 840 2377 ulciscar
858 2348 955 2377 modo.
1004 2343 1264 2375 Hemistichium
1282 2348 1347 2380 est,
1363 2347 1399 2372 ut
1414 2351 1491 2372 mox
1508 2351 1555 2372 vs.
1569 2344 1622 2372 19.

175 2392 272 2423 Bent.
315 2391 456 2421 Bothius
480 2391 564 2430 legit
586 2392 659 2422 dum
678 2390 747 2420 illos
766 2390 897 2421 ulciscar
921 2399 986 2420 meo
1010 2388 1193 2419 moda—16
1216 2387 1275 2417 ΒΥ.
1297 2385 1370 2416 Seni
1390 2386 1620 2415 animum—18

176 2433 356 2465 Assentior
380 2433 553 2464 Palmerio
579 2439 613 2464 et
641 2433 790 2472 Guyeto‚
806 2432 1009 2473 legentibus,
1027 2429 1138 2471 Capite
1157 2439 1286 2468 pronum
1310 2428 1341 2459 in
1365 2431 1483 2458 terram
1503 2430 1624 2458 statue-

175 2487 252 2508 rem.
295 2476 400 2508 Juvat
416 2476 502 2507 hanc
518 2476 709 2514 lectionem,
727 2475 816 2516 quod
832 2475 1002 2506 nonnullae
1019 2473 1185 2504 editiones
1209 2471 1351 2507 habent,
1369 2470 1534 2501 Sublimem
1560 2480 1621 2501 me-

175 2520 260 2551 dium
274 2519 409 2560 primum
422 2519 601 2558 arriperem,
612 2522 641 2549 et
656 2519 757 2559 capite
771 2519 803 2549 in
815 2522 931 2550 terram
941 2520 1118 2548 statuerem.
1140 2514 1279 2545 Scilicet
1294 2514 1371 2555 quia
1387 2513 1422 2543 τὸ
1437 2515 1445 2530 ‘
1459 2513 1600 2553 primum
1613 2513 1623 2526 ’

177 2567 372 2603 suspectum
390 2566 478 2597 erat,
494 2561 585 2591 varie
608 2561 812 2592 collocatum
826 2566 890 2592 est.
936 2560 1001 2591 Sed
1024 2564 1060 2590 et
1084 2568 1209 2599 pronus
1235 2567 1329 2588 error
1352 2557 1416 2587 t'uit
1429 2559 1437 2573 ⁴
1456 2555 1620 2596 primum'

178 2604 401 2636 describentis
426 2602 492 2634 ἀντὶ
517 2604 573 2634 τοῦ
593 2603 602 2620 ‘
617 2604 782 2644 pronum!
827 2604 949 2644 Neque
969 2602 1072 2633 ullum
1089 2600 1302 2632 commodum
1318 2609 1451 2630 sensum
1476 2597 1535 2628 τὸ*
1554 2598 1621 2638 pri-

178 2650 290 2687 mum,’
306 2647 364 2678 sed
381 2647 549 2678 incuriose
567 2647 750 2687 repetitum
766 2647 901 2677 videtur
917 2655 959 2677 ex
971 2655 1069 2676 versu
1086 2647 1138 2675 16.
1167 2643 1266 2674 West.
1311 2642 1480 2673 Sublimem
1491 2642 1623 2672 medium

177 2691 354 2731 arriperem,
369 2689 470 2730 capite
486 2690 617 2730 primum
632 2689 666 2720 in
679 2693 795 2721 terram
808 2692 989 2720 statuerem.
1032 2687 1111 2719 Alia
1130 2686 1308 2717 collocatio
1324 2685 1402 2716 mihi
1417 2685 1522 2724 magis
1546 2694 1622 2723 pro-

181 2733 260 2763 bata
276 2737 328 2764 est
343 2734 376 2764 in
392 2732 479 2764 libro
496 2732 678 2764 Bembino:
702 2731 871 2763 Sublimem
895 2732 1029 2763 medium
1049 2730 1184 2770 primum
1197 2729 1377 2769 arriperem,
1391 2731 1420 2758 et
1436 2727 1535 2767 capite
1549 2728 1580 2757 in
1599 2730 1623 2758 t.

180 2783 205 2806 s.
221 2775 280 2808 Fa.
324 2775 401 2807 Hoc
418 2775 506 2817 quod
532 2775 717 2807 Bembinus
739 2774 889 2815 exhibet,
907 2774 1074 2806 Sublimem
1099 2772 1231 2804 medium
1248 2772 1380 2812 primam
1408 2771 1585 2811 arriperem,
1602 2779 1621 2799 a
