1966 3302
307 251 389 291 584
806 260 841 286 ε’.
875 257 1111 287 TuRuNTn
1146 257 1262 287 AFRJ

693 416 893 458 ACTUS
929 416 993 458 ΙΙ.
1053 414 1258 457 SCENA
1295 414 1375 456 IV.

540 532 758 563 ssAccHIS.
792 532 1087 562 ANTJPHILA.
1127 532 1314 561 CLlNlA.
1345 530 1526 560 SYRUS.

309 604 425 643 BAC.
468 603 705 650 AEnupon,
735 613 832 640 mea
865 607 906 640 te
946 598 1173 653 Antiphila
1211 599 1359 649 laudo,
1400 602 1444 639 et
1491 598 1757 639 fortunatam

473 669 645 723 judico,

309 738 360 780 Id
384 751 481 779 cum
503 734 730 783 studuisti,
753 733 825 774 isti
847 734 995 774 formae
1017 737 1068 774 ut
1088 746 1234 774 mores
1254 732 1509 773 consimiles
1533 732 1697 772 forent:

309 807 589 858 Minimeque,
622 804 686 844 ita
706 815 774 843 me
799 802 857 842 Di
880 805 1039 852 ament,
1062 803 1209 851 miror,
1235 802 1273 841 si
1295 806 1338 841 te
1360 801 1445 842 sibi
1467 800 1656 854 quisque
1677 812 1757 840 ex-

478 871 606 926 petit.

311 943 426 985 Nam
447 940 566 989 mihi,
589 937 720 992 quale
744 936 966 990 ingenium
988 937 1181 987 haberes,
1201 938 1288 978 suit
1306 936 1473 977 indicio
1496 936 1652 976 oratio.

310 1011 365 1052 Et
404 1022 502 1050 oum
537 1008 705 1058 egomet
733 1018 847 1046 nunc
883 1019 1052 1046 mecum
1083 1006 1129 1046 in
1165 1006 1311 1046 animo
1344 1005 1478 1045 vitam
1506 1008 1626 1045 tuam
1653 1014 1757 1043 con-

1732 1070 1751 1079 .-

483 1075 647 1124 sidero,
1727 1081 1757 1108 o

310 1145 601 1195 Omniumque
621 1142 730 1182 adeo
750 1146 1011 1190 vostrarum,
1032 1140 1187 1193 volgus
1209 1153 1306 1193 quae
1330 1141 1409 1180 abs
1431 1152 1478 1180 se
1501 1139 1757 1190 segregant;

317 1213 368 1253 Et
389 1225 470 1253 vos
492 1224 592 1251 esse
611 1209 882 1258 istiusmodi,
918 1214 962 1249 et
983 1221 1064 1248 nos
1084 1220 1171 1248 non
1193 1221 1310 1257 esse,
1331 1206 1446 1248 haud
1467 1205 1665 1247 mirabile
1687 1203 1756 1244 'st.

313 1281 426 1322 Nam
456 1277 636 1333 expedit
667 1279 811 1318 bonas
838 1289 936 1316 esse
968 1275 1121 1316 vobis:
1153 1287 1250 1325 nos,
1282 1274 1541 1328 quibuscum
1574 1277 1642 1312 est
1670 1283 1756 1320 reS‚

478 1359 562 1387 non
584 1346 743 1385 sinunt.

310 1416 491 1468 Quippe
512 1413 653 1455 forma
673 1411 857 1465 impulsi
877 1416 1043 1459 nostra,
1063 1422 1145 1449 nos
1167 1413 1386 1449 amatores
1408 1407 1581 1448 colunt:

312 1484 426 1524 Haec
448 1483 525 1522 ubi
545 1483 775 1522 immutata
796 1484 878 1528 est,
900 1479 967 1518 illi
987 1490 1112 1518 suum
1133 1477 1324 1517 animum
1342 1475 1430 1516 alio
1447 1473 1686 1515 conferunt.
1705 1472 1760 1514 10

313 1550 416 1591 Nisi
439 1550 478 1591 si
500 1552 784 1603 prospectum
804 1548 974 1589 interea
994 1545 1162 1598 aliquid
1185 1547 1266 1593 est,
1288 1543 1469 1584 desertae
1492 1541 1700 1583 vivimus.

357 1661 420 1690 BA.
446 1660 511 1690 Per
526 1658 621 1689 oedem
638 1655 790 1693 Pollucis,
806 1666 822 1686 ο
838 1664 911 1686 cara
926 1652 1101 1694 Antiphila,
1116 1653 1236 1683 laudem
1253 1651 1310 1683 libi
1325 1650 1437 1689 tribuo,
1452 1652 1481 1680 ei
1498 1652 1528 1680 te
1545 1648 1674 1686 felicem
1696 1657 1761 1679 esse

312 1713 415 1734 censeo
425 1713 436 1739 ;
460 1703 538 1742 quod
553 1700 636 1732 omni
651 1699 754 1730 studio
769 1697 930 1736 curavisti,
945 1700 980 1728 ut
1002 1705 1099 1727 mores
1120 1695 1166 1727 tui
1182 1699 1282 1726 essent
1307 1693 1518 1725 convenientes
1540 1696 1571 1723 et
1591 1690 1762 1729 conformes

308 1744 532 1786 pulchritudini
547 1747 577 1774 et
591 1742 748 1775 venustati
766 1740 912 1782 corporis.
961 1740 1027 1770 Nec
1041 1739 1153 1769 mirum
1162 1741 1207 1769 est
1222 1737 1298 1768 mihi
1323 1738 1383 1777 (ita
1399 1746 1445 1766 mc
1462 1735 1522 1766 Dii
1545 1733 1708 1773 adjuvent)
1733 1733 1761 1764 si

312 1793 340 1820 le
354 1790 479 1831 quisque
494 1790 620 1826 exoptat
634 1795 720 1817 suam
735 1794 798 1815 esse
811 1794 823 1821 ‚·
845 1793 916 1814 num
931 1792 1028 1813 sermo
1044 1780 1190 1818 tuussuit
1205 1781 1282 1811 mihi
1298 1780 1393 1811 index
1402 1778 1521 1818 ingenii
1535 1778 1582 1808 tui
1592 1788 1602 1807 .·
1625 1780 1668 1816 et,
1691 1785 1762 1813 ‚cum

313 1833 394 1872 apud
410 1841 456 1862 me
468 1829 571 1861 animo
586 1829 719 1860 meditor
734 1827 885 1858 rationem
896 1826 971 1856 vitoe
986 1829 1059 1863 tuoe,
1074 1828 1166 1863 atque
1177 1824 1271 1854 etiam
1285 1822 1419 1853 omnium
1434 1824 1603 1852 vestrarum
1611 1819 1760 1858 juvencu-

313 1876 425 1911 larum,
441 1883 507 1914 quae
527 1872 713 1903 summm-ent
730 1881 748 1901 a
763 1880 816 1901 suo
833 1868 983 1900 consortio
999 1871 1170 1898 amalorum
1185 1866 1425 1904 multitudinem,
1447 1863 1559 1894 mirum
1574 1873 1633 1892 non
1648 1865 1693 1892 est
1707 1871 1762 1892 vos

313 1928 374 1948 esse
387 1919 474 1956 tales,
491 1916 594 1956 quales
610 1914 697 1954 estis,
713 1916 742 1944 et
751 1923 804 1944 nos
829 1922 888 1943 non
899 1921 962 1943 esse
977 1910 1072 1941 vestri
1088 1909 1224 1940 similes:
1246 1919 1317 1939 nam
1333 1906 1416 1938 vobis
1430 1905 1571 1937 conducit
1584 1908 1614 1936 et
1634 1913 1761 1935 commo·

314 1963 384 1991 (lum
400 1963 446 1991 est
468 1958 572 2000 proboe
593 1967 654 1988 esse
679 1956 775 1992 vitam
797 1955 845 1986 illi
860 1957 1026 1992 amatores,
1042 1952 1219 1993 quibuscum
1243 1951 1387 1982 habemus
1412 1948 1673 1984 consuetudinem,
1700 1957 1761 1977 non

313 2003 498 2043 permittunt
513 2011 568 2032 nos
583 2010 648 2031 esse
663 1998 748 2030 vobis
763 1998 890 2036 similes,
915 1997 987 2036 quia
1010 1995 1135 2026 incitati
1149 1997 1254 2025 nostra
1268 1992 1498 2034 pulchritudine
1521 2000 1576 2021 nos
1600 1990 1736 2029 diligunt
1747 1999 1761 2026 ,·

313 2050 474 2086 postquam
487 2045 546 2075 iste
561 2045 648 2074 (iecor
663 2041 792 2072 amissus
807 2044 865 2080 est,
891 2040 939 2070 illi
961 2040 1000 2069 acl
1027 2038 1107 2068 alias
1129 2037 1243 2068 amicas
1270 2047 1288 2067 α
1313 2035 1398 2066 nobis
1423 2033 1582 2075 deficiunt.
1626 2033 1762 2071 Interea,

314 2090 389 2125 nisi,
411 2091 483 2119 dum
501 2087 600 2128 floret
615 2085 723 2124 forma
746 2088 865 2121 nostra,
895 2086 924 2113 et
947 2081 985 2112 ab
1002 2081 1065 2112 illis
1081 2081 1287 2117 observamur,
1301 2077 1420 2118 aliquid
1432 2077 1590 2118 provisum
1606 2079 1650 2106 est
1664 2074 1763 2112 nobis,

315 2132 466 2171 exigendo
481 2129 594 2162 abillis
607 2127 770 2169 1›ecur3ias,·
793 2127 890 2158 vitam
914 2125 1037 2164 agimus
1063 2123 1217 2154 derelictae
1245 2125 1275 2153 et
1303 2121 1442 2159 alffectae.
1486 2119 1658 2159 Postquam
1677 2117 1763 2149 vobis

919 2219 1153 2233 eeeeeeeeeeee

358 2275 377 2302 2
403 2272 487 2302 Dum
502 2277 563 2309 pro
579 2277 647 2299 cum
661 2265 775 2298 Guelf.
792 2269 823 2298 2.
853 2265 959 2296 Abest
973 2266 1028 2296 isti
1045 2268 1074 2295 l.
1101 2262 1201 2294 Both.
1224 2260 1381 2296 studuisti,
1402 2259 1462 2289 illi.
1508 2256 1574 2288 Alii
1597 2266 1695 2287 mores
1715 2260 1762 2288 ut.

317 2317 379 2346 —3
403 2314 443 2344 In
459 2311 554 2342 libris
572 2310 739 2341 nonnullis
753 2314 805 2340 est
821 2310 990 2348 quisquam.
1035 2306 1166 2338 Probat
1188 2304 1352 2336 Boiu-5
1378 2300 1503 2340 Deiph.
1527 2299 1673 2340 Adeoque
1695 2309 1763 2330 vus-

316 2362 437 2388 {rarum
451 2355 659 2386 omnium—7
676 2353 752 2383 Esse
768 2352 954 2383 istiusmodi.
973 2351 1056 2381 Mss.
1073 2348 1209 2390 quidam
1228 2356 1292 2377 non
1311 2349 1498 2384 agnoscunt
1511 2341 1548 2373 τὸ
1562 2351 1636 2372 esse.
1655 2343 1763 2372 West.

321 2403 379 2431 ⁷——8
405 2399 487 2430 Mss.
504 2396 638 2438 quidam
655 2401 691 2425 et
705 2395 872 2435 impressi,
897 2394 990 2425 bonis.
1014 2393 1124 2424 Idem.
1161 2392 1170 2407 ‘
1190 2389 1283 2422 Vobis
1302 2397 1366 2418 esse
1383 2387 1483 2417 bonas.
1528 2385 1568 2416 In
1585 2393 1616 2415 0.
1633 2385 1656 2415 Ι.
1673 2394 1700 2414 S.
1716 2384 1764 2415 ita

319 2449 384 2482 est,
408 2442 499 2472 bonas
515 2448 576 2470 esse
600 2437 704 2468 vobis?
728 2438 786 2468 Fa.
833 2438 842 2454 ‘
859 2437 915 2468 Sic
939 2442 975 2468 et
1004 2435 1110 2466 nostri
1139 2433 1292 2474 plerique
1319 2430 1412 2460 bonas
1440 2438 1502 2459 esse
1527 2427 1630 2462 volut,-
1653 2432 1689 2458 et
1714 2426 1763 2458 sic

321 2485 449 2516 Nonius
466 2493 498 2514 v.
522 2484 530 2500 ‘
545 2479 731 2521 expedire?
779 2479 893 2511 Nihilo
911 2484 1025 2510 tamen
1042 2478 1147 2508 minus
1166 2483 1307 2515 repone,
1330 2472 1415 2502 honis
1431 2480 1494 2502 esse
1519 2469 1628 2501 vobis!
1661 2469 1762 2500 Bent.

324 2528 419 2558 Bonis
434 2527 516 2557 dant
532 2523 623 2555 Peri·
641 2523 807 2555 Rom—9
831 2523 908 2552 Nos.
954 2521 1069 2552 Primo
1097 2518 1272 2560 legebatur
1297 2516 1394 2551 nobis,
1420 2518 1538 2554 postea
1564 2517 1762 2543 correctum.

323 2571 526 2602 Brunsf—IO
564 2566 709 2597 Dubiam
734 2565 915 2596 lectionem
939 2563 1023 2595 facit
1047 2564 1142 2594 Beni.
1173 2561 1205 2591 in
1230 2570 1295 2599 quo
1322 2563 1386 2594 est,
1409 2556 1582 2588 imminuta.
1619 2553 1764 2585 Videtur

322 2619 433 2644 nutem
449 2613 541 2642 locus
557 2618 735 2648 expressus
752 2618 771 2639 e
789 2608 900 2638 Plaut.
917 2606 1068 2638 Mostell.
1087 2614 1110 2636 1.
1127 2608 1160 2635 3.
1175 2606 1227 2635 43.
1251 2603 1260 2618 ‘
1276 2602 1392 2633 Nilulo
1409 2609 1484 2639 ego,
1497 2607 1594 2639 quam
1611 2606 1699 2628 nunc
1714 2603 1764 2637 tu,

322 2661 433 2686 amata
450 2663 535 2689 sum,
552 2657 653 2691 atque
670 2651 727 2681 nni
751 2650 850 2680 modo
868 2650 955 2690 gessi
977 2658 1099 2679 morem
1116 2658 1124 2685 ς
1150 2647 1216 2678 Qui
1233 2646 1286 2685 pol
1303 2653 1368 2681 me,
1387 2642 1440 2673 ubi
1459 2645 1562 2672 aetate
1579 2640 1642 2670 hoc
1659 2645 1764 2679 caput

321 2700 464 2729 colorem
480 2694 710 2732 commutavit,
732 2692 898 2732 Reliquit,
915 2691 1132 2731 deseruitque
1150 2699 1213 2719 me.
1240 2687 1302 2718 tibi
1324 2686 1411 2716 idem
1439 2683 1603 2719 futurum,
1629 2681 1759 2713 crede.'

322 2741 388 2771 Sed
408 2745 441 2770 et
459 2736 746 2778 praxstantissimae
763 2735 855 2773 edd„
882 2736 1026 2765 Veneta}
1045 2738 1189 2770 veteres,
1202 2731 1298 2763 Jnnt.
1316 2728 1393 2759 Aul.
1411 2728 1461 2758 St.
1484 2726 1557 2756 aliae
1582 2725 1755 2760 exhibent,

325 2784 494 2813 immutata.
521 2781 628 2810 Wcst.
672 2778 836 2809 Imminulu
864 2777 983 2818 probat
1002 2777 1058 2808 Fa.
1077 2782 1109 2806 et
1138 2775 1220 2805 dant
1245 2773 1321 2812 Rip.
1353 2771 1472 2801 Z.-ll
1499 2766 1765 2808 Mss.plusculi;
