1966 3302
311 221 397 264 836
806 232 846 261 P.
879 231 1121 262 TERENTH
1158 231 1272 262 Arm

312 325 625 380 Quapropter?
658 326 763 379 quia
790 327 920 378 enim,
951 328 1027 382 qui
1052 341 1127 369 eos
1162 327 1378 380 gubernat
1414 325 1605 378 animus,
1640 324 1757 366 infir-

480 407 596 434 mum
619 398 784 446 gerunt.
951 384 1018 403 ‘'¹'‘

306 461 468 504 Itidem
488 461 579 501 illae
602 461 804 501 mulieres
823 465 927 501 sunt
946 461 1098 511 ferme,
1124 465 1168 501 ut
1188 461 1328 513 pueri,
1345 459 1434 500 levi
1451 459 1682 501 sententia.

308 529 515 570 Fortasse
548 541 684 569 unum
716 528 897 582 aliquod
918 529 1097 569 verbum
1127 528 1242 569 inter
1274 540 1352 568 eas
1383 526 1495 568 iram
1522 526 1633 568 hanc
1664 539 1768 568 con-

481 596 650 637 civerit.

310 663 442 704 PAM.
475 662 578 712 Abi,
613 662 848 711 Parmeno,
884 660 1010 711 intro,
1044 674 1098 702 ac
1129 674 1200 702 me
1222 661 1397 702 venisse
1417 660 1583 703 nuntia.
1640 661 1765 702 PAR.

484 729 631 771 Hem!
663 729 769 782 quid
791 729 874 769 hoc
898 730 1000 770 est'?
1068 729 1191 769 PAM.
1223 729 1361 769 Tace.

309 797 545 853 Trepidari
566 797 720 847 sentio,
738 801 783 838 et
803 797 969 838 cursari
989 810 1160 839 rursum
1179 809 1400 851 prorsum.
1483 796 1612 839 PAR.
1647 795 1768 850 Age-

483 865 604 915 dum,
627 864 683 904 ad
706 864 839 905 fores.
1221 852 1355 867 '‘mm‘'
1709 864 1767 906 35

309 987 403 1023 certe,
416 994 513 1023 mens,
529 994 596 1024 quoe
608 993 657 1015 eos
673 984 770 1020 ducit,
784 983 894 1015 debilis
910 987 941 1014 et
965 984 1145 1014 inconstans
1160 983 1322 1013 admodum
1337 985 1381 1012 est
1391 992 1401 1011 .-
1423 981 1569 1012 .similiter
1582 980 1646 1011 illoe
1659 980 1767 1012 mulie-

307 1036 358 1057 res
369 1027 531 1066 suntfere,
544 1030 577 1057 ut
592 1027 694 1067 paeri,
705 1027 764 1058 levi
776 1028 944 1065 voluntate,
958 1030 988 1057 et
1003 1026 1143 1066 opinione
1152 1037 1162 1056 .·
1178 1025 1316 1063 fortasse
1332 1034 1424 1055 unum
1438 1024 1538 1055 nescio
1553 1024 1633 1063 quod
1643 1022 1767 1054 verbum

310 1069 389 1100 hanc
401 1069 591 1100 simultatem
605 1070 688 1100 inter
701 1079 753 1100 eas
767 1070 904 1100 excitare
916 1069 1028 1110 poluit.
1074 1068 1171 1100 ΡΑΜ.
1195 1068 1272 1107 Abi,
1288 1067 1453 1105 Parmeno,
1462 1068 1594 1105 domam,
1607 1066 1641 1097 in
1654 1076 1713 1106 qua
1722 1069 1767 1097 est

310 1112 509 1149 Philumena,
536 1123 572 1143 ac
601 1122 648 1144 me
675 1123 714 1143 ex
745 1112 848 1143 Imbro
879 1113 1008 1143 rediisse
1037 1111 1130 1149 refer.
1175 1111 1267 1142 PAR.
1302 1109 1397 1148 Hem,
1426 1110 1500 1149 quid
1522 1109 1578 1139 hoc
1605 1111 1664 1147 est,
1688 1109 1768 1149 qaod

309 1155 402 1185 audio
413 1159 426 1186 ?
469 1156 569 1186 ΡΑΜ.
591 1155 670 1194 Sile,
686 1156 759 1186 audi
773 1155 955 1194 diligenter.
1003 1155 1094 1185 PAR.
1124 1154 1202 1185 Voce
1218 1154 1350 1184 tremula
1365 1153 1506 1183 timorem
1519 1151 1654 1182 indicari
1668 1151 1767 1191 perei-

307 1198 376 1239 pio,
392 1198 430 1230 ab
444 1198 495 1235 iis,
512 1198 565 1239 qui
579 1198 665 1229 intus
680 1202 764 1239 sunt,
777 1202 808 1230 et
822 1199 879 1229 hac
900 1201 931 1230 et
945 1198 1017 1229 illac
1039 1197 1207 1228 dis-cursari
1222 1199 1306 1236 ante,
1319 1199 1350 1227 et
1365 1198 1461 1226 retro.
1504 1196 1602 1226 PAM.
1624 1193 1766 1234 Agedum

912 1298 952 1310 θ’
957 1298 1055 1310 ΝΜΟ·
1059 1297 1159 1309 ,ΜΝ

308 1371 414 1403 noxiis
436 1371 520 1402 inter
542 1382 573 1403 se
598 1381 673 1412 quas
697 1370 886 1402 Rom—31
910 1371 951 1401 In
969 1369 1078 1401 Codd.
1106 1367 1304 1410 quibusdam
1320 1366 1500 1407 Pamphilo
1515 1365 1677 1397 tribuitur
1691 1377 1764 1407 qua-

306 1418 443 1455 propter.
467 1415 576 1446 West.
593 1415 641 1446 sic
657 1414 785 1454 Delph.
809 1414 890 1444 Eam
911 1413 1069 1455 infirmum
1085 1411 1200 1443 Guelf.
1217 1413 1334 1441 3.—32
1359 1410 1433 1442 Nisi
1450 1410 1524 1450 quis
1545 1409 1690 1440 mulieres
1705 1411 1764 1441 tri-

311 1457 478 1498 syllabum
494 1456 614 1495 faciat,
627 1458 710 1488 eliso
727 1455 838 1487 medio
865 1466 892 1495 e,
919 1466 1033 1487 versus
1052 1465 1117 1486 non
1134 1458 1283 1485 constat.
1329 1453 1388 1484 sed
1408 1452 1542 1493 judicio
1558 1461 1634 1483 meo
1650 1453 1765 1484 delen-

309 1500 389 1531 dum
407 1505 500 1531 esset
514 1500 550 1530 τὺ
564 1501 643 1539 illae,
658 1500 747 1541 quod
766 1499 893 1540 alioqui
907 1509 973 1530 non
991 1498 1091 1529 modo
1107 1507 1173 1529 non
1189 1496 1330 1536 adjuvat
1357 1505 1502 1533 sensum,
1518 1495 1577 1526 sed
1603 1495 1634 1525 ei
1659 1496 1763 1526 etiam

308 1543 552 1574 incommodat.
576 1544 636 1575 Fa.
681 1542 790 1573 Immo
813 1543 880 1572 alia
900 1542 955 1572 via
970 1546 1125 1572 servatur
1141 1540 1304 1581 rythmus.
1350 1538 1428 1569 Levi
1444 1538 1497 1569 hic
1513 1538 1764 1578 monosyllabon

310 1590 376 1623 est,
391 1591 427 1616 ut
444 1586 523 1616 alibi
542 1586 651 1616 Novo.-
687 1585 775 1626 quod
793 1584 894 1615 facile
911 1584 1013 1623 feres,
1032 1585 1059 1615 si
1087 1583 1358 1624 pronuntiaveris
1375 1590 1414 1612 eo
1430 1591 1494 1621 quo
1519 1585 1652 1612 veteres
1668 1590 1765 1620 sono,

310 1628 410 1669 Letoi,
429 1630 542 1660 Νοιυο.
566 1629 667 1660 Bent.
705 1629 785 1659 Leve
803 1628 836 1658 in
860 1628 1009 1658 ablativo
1037 1637 1098 1667 pro
1124 1627 1184 1658 levi
1199 1625 1385 1656 Rom—33
1416 1624 1581 1655 Verbulum
1598 1624 1665 1654 duo
1681 1624 1764 1656 Mss.

309 1673 400 1711 apud
427 1671 536 1702 Boecl.
579 1675 588 1689 ⁴
602 1671 706 1703 Vides
723 1672 757 1701 in
775 1670 863 1701 Iram
885 1671 1114 1712 synaloepham
1141 1668 1279 1709 negligi,
1295 1672 1415 1699 contra
1429 1676 1556 1697 morem
1583 1671 1618 1697 et
1642 1666 1766 1707 legem.

310 1715 480 1754 Gnyetus‚
494 1715 573 1745 lianc
594 1715 676 1745 ircim
699 1714 879 1745 conciverz't.
923 1714 989 1745 Sed
1005 1714 1061 1744 ille
1080 1712 1122 1743 ad
1136 1712 1263 1751 digitos
1280 1711 1384 1751 pedes
1400 1709 1621 1748 numerabat3
1644 1719 1766 1740 accen-

309 1761 404 1788 tuum
423 1758 557 1797 ignarus
575 1762 610 1788 et
626 1767 776 1788 securus.
822 1756 910 1788 Edd.
935 1760 1018 1788 vett.
1045 1756 1130 1786 inter
1145 1765 1196 1786 eas
1211 1755 1276 1785 iras
1292 1753 1366 1785 has.-
1401 1752 1460 1783 sed
1490 1752 1765 1784 triahonioeote-

307 1800 402 1831 leuta
418 1810 535 1840 parum
552 1801 716 1831 concinne
742 1799 904 1837 veniuut;
938 1804 974 1831 et
999 1803 1168 1839 praeterea
1192 1797 1347 1828 codicum
1373 1796 1530 1836 quicquid
1560 1795 1684 1836 ubique
1711 1801 1764 1826 est

307 1843 388 1874 iram
403 1843 492 1874 hanc.
539 1843 697 1874 Donatus
714 1842 755 1873 ad
773 1843 882 1873 locum
900 1854 906 1871 :
929 1842 938 1859 ‘
957 1842 1098 1882 Legitur
1114 1847 1149 1872 et
1166 1839 1357 1871 Conse-ivisse
1371 1838 1464 1879 (lege
1482 1836 1685 1878 Concivisse).
1707 1838 1764 1869 Sic
1813 1878 1815 1880 q

308 1886 474 1917 Plautus:
499 1886 508 1903 ‘
528 1886 686 1917 Fortasse
702 1889 735 1916 te
752 1895 865 1916 amare
881 1883 1124 1925 suspicavere!
1155 1884 1241 1914 Nam
1260 1888 1393 1913 veteres
1409 1880 1577 1912 infinitivo
1592 1882 1693 1911 modo
1706 1882 1765 1912 ad-

301 1929 499 1969 jungebant
516 1927 702 1960 Fortasse.’
746 1928 863 1959 Plauti
878 1928 972 1958 locus
990 1927 1088 1958 hodie
1104 1936 1170 1957 non
1188 1931 1285 1956 extat
1300 1936 1308 1963 ;
1332 1925 1379 1955 sic
1404 1929 1517 1955 tamen
1533 1923 1764 1964 corrigendus,

307 1972 455 2003 Fortasse
481 1976 544 2002 tete
569 1982 674 2003 (intare
698 1971 894 2011 suspicarier.
919 1975 957 2001 ut
980 1971 1078 2001 Poen.
1108 1979 1142 2000 v.
1168 1972 1198 2000 2.
1221 1970 1276 1998 44.
1313 1970 1321 1985 ⁶
1341 1968 1500 1998 Fortasse
1525 1966 1675 1998 medicos
1704 1976 1762 1998 nos

307 2024 381 2045 esse
399 2014 618 2045 arbitrarier.'
664 2014 858 2045 Noluerunt
880 2014 1040 2052 Magistri
1069 2021 1192 2053 pueros
1219 2021 1294 2042 suos
1321 2011 1476 2042 obsolete
1496 2009 1610 2051 loqui;
1633 2008 1694 2040 sed
1711 2010 1763 2040 vel

305 2067 425 2088 versus
450 2058 628 2097 dispendio
654 2056 865 2087 Infinitivum
888 2059 1073 2087 mutarunt.
1131 2055 1345 2085 Revocemus
1371 2063 1452 2084 vero
1479 2052 1601 2092 denuo,
1617 2052 1764 2084 Fortasse

304 2110 399 2130 unum
414 2100 538 2140 aliquod
551 2101 676 2131 verbum
692 2100 774 2130 inter
789 2110 839 2130 eas
855 2099 936 2130 iram
959 2099 1036 2129 lianc
1055 2098 1231 2135 concivisse,
1246 2107 1306 2127 ere.
1353 2095 1553 2126 Addidimus
1568 2105 1629 2134 ere,
1645 2104 1763 2126 versus

307 2143 443 2184 quidem
460 2152 583 2182 causa3
605 2143 676 2177 sed,
694 2147 729 2172 ut
744 2146 839 2181 puto,
858 2142 1041 2172 verissime.
1088 2142 1177 2172 Nam
1192 2140 1249 2180 qui
1266 2139 1496 2176 existimabat,
1518 2137 1683 2169 concivisse
1701 2147 1763 2178 per

306 2195 343 2216 se
361 2186 503 2221 adscito,
519 2184 592 2216 fore
608 2185 714 2216 Ianib.
731 2185 884 2216 'l‘etram-
901 2185 1072 2216 Catalect.
1090 2184 1116 2214 is
1132 2182 1307 2214 nesciebat
1334 2181 1415 2222 quid
1431 2182 1476 2212 sit
1491 2179 1659 2221 ejusmodi
1673 2180 1763 2212 Iam-

306 2228 428 2260 bicus.’
451 2229 550 2259 Bent.
583 2229 593 2245 ‘
609 2230 766 2260 Donatus
784 2228 868 2268 legit
882 2228 1061 2266 concivisse,
1078 2237 1152 2268 quae
1169 2225 1281 2256 verior
1296 2225 1396 2255 lectio
1412 2229 1476 2255 est.
1523 2224 1612 2254 Nam
1629 2227 1763 2256 veteres

304 2271 314 2287 ‘
332 2270 501 2310 fortasse‚’
516 2273 524 2288 ‘
536 2271 693 2310 scilicet,'
708 2272 717 2288 ‘
731 2270 908 2301 videlicet’
923 2280 999 2301 cum
1012 2270 1178 2301 infinitivo
1192 2268 1457 2299 construebant:
1475 2266 1545 2298 vid.
1557 2266 1664 2298 Gron.
1675 2265 1762 2298 Obs.

307 2323 363 2345 111.
379 2318 410 2345 9.
426 2318 460 2344 et
477 2319 595 2345 notata
611 2315 652 2345 ad
670 2314 795 2345 Heaut.
812 2322 854 2344 1¹.
871 2316 903 2344 3.
920 2313 1004 2344 1173
1028 2313 1069 2344 R..
1086 2313 1129 2344 D.
1167 2310 1376 2342 eoncitat-erit
1395 2319 1414 2340 e
1430 2309 1580 2348 margine
1597 2309 1635 2340 C.
1652 2308 1762 2340 edidit

306 2356 409 2388 Both.
424 2357 432 2374 ‘
447 2357 535 2389 Quia
546 2358 704 2388 Donatus
717 2356 758 2387 ad
771 2356 844 2388 haec
856 2361 970 2387 notat:
986 2356 1060 2386 ‘Sic
1074 2356 1230 2391 Plautus,
1241 2355 1250 2370 ‘
1265 2354 1424 2384 Fortasse
1438 2357 1472 2383 te
1486 2360 1598 2383 amare
1608 2351 1761 2391 suspica·

306 2399 498 2430 bere.'nam
513 2404 647 2431 veteres
664 2399 830 2430 infinitivo
846 2399 945 2430 modo
959 2398 1204 2439 adjungebant,
1220 2394 1391 2435 fortasse}
1401 2399 1436 2426 et
1450 2394 1603 2426 Terentii
1619 2398 1653 2425 et
1667 2394 1760 2426 Don-

304 2442 410 2473 lectio
427 2443 548 2473 merito
563 2443 778 2473 sollicitatur.
825 2441 865 2472 In
891 2442 949 2472 illo
973 2451 1034 2482 pro
1054 2440 1230 2471 Concicerit
1251 2443 1330 2469 sunt
1354 2438 1410 2479 qui
1426 2437 1557 2478 legunt,
1574 2436 1761 2474 concivisse,

304 2485 359 2515 vel
388 2485 554 2516 Conciisse.
607 2485 783 2516 Posterius
809 2484 983 2516 Gronovio
1000 2485 1123 2524 placet,
1138 2482 1285 2514 Observ.
1302 2490 1356 2512 111.
1375 2484 1406 2512 9.
1434 2481 1543 2521 quiet
1557 2479 1761 2520 suspicabere,

305 2527 395 2566 quod
414 2532 524 2558 tamen
540 2529 735 2568 suspicacere
749 2528 877 2568 legitur
892 2527 924 2557 in
943 2527 1115 2567 plerisque
1133 2525 1243 2557 Codd.
1260 2523 1418 2565 antiquis,
1430 2522 1580 2554 restituit
1595 2522 1759 2562 suspicari.

305 2569 438 2608 Malim,
452 2571 649 2610 suspicarier,
675 2575 795 2610 utpote
823 2570 963 2610 propius
993 2569 1161 2601 accedens
1178 2567 1220 2598 ad
1237 2568 1408 2607 vulgatam
1425 2565 1621 2604 lectionem,
1637 2572 1673 2595 et
1689 2574 1758 2596 ma-

304 2613 355 2651 gis
370 2613 589 2645 Plautinum?
618 2614 806 2645 West.-—34
831 2613 861 2652 I,
878 2613 1032 2643 Parmeno
1056 2613 1126 2643 vult
1143 2611 1292 2642 Palmer.
1317 2611 1349 2640 in
1371 2609 1529 2649 Spicileg.
1546 2618 1578 2648 p.
1596 2609 1669 2640 123.
1712 2611 1759 2638 est

304 2654 398 2685 delet
414 2656 596 2686 Both—35
622 2656 666 2688 G.
678 2655 857 2687 Fabricius
873 2656 949 2686 Tace
969 2655 1144 2695 Pamphilo
1161 2653 1294 2692 tribuit,
1311 2651 1354 2683 ad
1369 2660 1514 2686 servum,
1529 2650 1658 2690 reliqua
1673 2649 1758 2685 Par-

301 2693 447 2728 menoni.
465 2698 572 2728 donec
583 2699 780 2738 Pamphilus
797 2699 1019 2732 rursus,Noli.
1045 2698 1085 2729 In
1099 2697 1170 2728 aliis
1185 2696 1293 2728 Codd.
1310 2696 1379 2726 ita:
1404 2695 1497 2725 PAR.
1513 2693 1677 2733 Trepidari
1687 2702 1758 2724 sen·

300 2739 359 2778 tio,
375 2743 404 2770 et
421 2741 540 2770 cursari
556 2750 676 2771 rursum
697 2751 850 2781 prorsum.
896 2741 993 2772 PAM.
1019 2741 1171 2779 Agedum,
1188 2740 1228 2770 ad
1247 2739 1338 2777 fores
1352 2737 1462 2768 accede
1481 2736 1618 2777 propius.
1664 2735 1755 2768 PAR.

299 2782 396 2814 Hem.
412 2783 583 2815 sensistin?
618 2784 763 2814 Rursum
781 2785 813 2815 iu
832 2784 917 2820 aliis,
935 2784 984 2815 uti
1004 2784 1109 2823 edidi,
1129 2784 1192 2814 nisi
1210 2781 1300 2824 quod
1315 2781 1386 2821 illa,
1402 2779 1590 2811 Sensistt‘n’?
1613 2777 1755 2810 Parme-
