1966 3302
490 248 801 280 Pflomuxoms
834 248 944 280 Aer.
979 249 1051 279 111.
1083 250 1151 280 sc.
1184 250 1238 280 11.
1514 239 1592 281 971

148 347 265 390 Nam
285 358 364 400 per
384 345 481 399 ejus
500 358 651 396 unam,
671 348 719 386 ut
740 343 893 395 audio,
921 347 998 386 aut
1020 345 1182 395 vivam,
1213 346 1290 388 aut
1310 343 1485 394 moriar,
1505 356 1601 385 sen-

317 414 510 455 tentiam.

147 483 234 525 GE.
267 481 475 523 Pha-§dria
497 480 578 520 tibi
601 478 743 520 adest.
808 478 901 520 ΑΝ.
923 479 1150 522 Ubinam?
1211 480 1300 523 GE.
1327 479 1520 522 Eccum!
1544 479 1600 520 ab

316 562 398 590 sua
416 549 624 603 palaestra
645 548 739 588 exit
757 547 889 588 foras.
1544 546 1601 587 20

144 681 245 717 ditum
261 680 380 721 patrui,
395 689 430 711 ne
445 679 550 710 salvus
565 680 604 710 acl
619 689 690 710 suos
704 679 811 709 redeat
822 688 832 708 .·
855 688 926 709 nam
943 688 983 710 ea:
999 679 1065 717 ejus
1080 680 1246 718 sententia,
1260 682 1293 710 ut
1310 679 1412 718 audio,
1427 678 1506 709 mihi
1520 688 1602 709 mors

143 727 198 755 aut
212 724 278 755 vita
295 723 409 754 veniet.
447 723 514 754 GE.
540 722 688 754 ΡΙιαίἰν-ἰα
704 723 743 753 ad
759 725 790 752 te
805 721 934 753 accedit.
972 721 1041 754 ΑΝ.
1070 722 1203 753 Ubinam
1218 726 1263 753 est
1277 725 1290 753 ?
1335 722 1400 754 GE.
1425 722 1506 753 Ecce
1521 731 1600 757 eum,

142 778 162 798 a
175 777 231 798 sua
244 767 391 807 palaestra
403 766 520 807 prodit.
1012 784 1015 785 ν

753 836 991 850 ‘ettone‘eoe

144 921 243 948 metus
265 920 322 948 est.
353 916 411 948 Sic
439 925 456 946 e
481 915 646 947 Bembino
678 915 773 947 dedit
798 917 858 948 Fa.
883 916 941 947 sed
960 923 1188 948 correctorem
1205 916 1268 947 hoc
1285 913 1388 955 sapit,
1403 913 1460 955 qui
1476 913 1600 946 lambi-

145 966 221 990 cum
236 960 326 991 hunc
350 959 495 991 reddere
513 959 631 999 voluit,
646 963 685 990 ut
700 969 776 990 cum
794 965 958 1001 sequente
977 965 1194 1001 congrueret.
1243 959 1388 994 Quantus
1402 961 1511 993 metus,
1523 967 1602 988 nos-

143 1002 188 1033 tri
205 1002 367 1038 universi,
381 1006 418 1033 ut
432 1011 535 1042 supra
551 1011 574 1033 1.
591 1005 622 1033 2.
637 1004 667 1032 7.
692 1006 700 1019 ‘
720 1003 842 1034 Nescis
859 1013 925 1044 quo
947 1003 981 1034 in
1008 1008 1102 1034 metu
1129 1007 1162 1032 et
1188 1002 1324 1034 Quanto
1352 1001 1384 1031 in
1412 1000 1541 1041 periclo
1558 1001 1599 1031 si-

142 1045 238 1076 mus!
283 1046 443 1082 Quantum
459 1049 567 1084 metus,
584 1045 681 1086 quasi
698 1044 909 1077 divideretur
925 1051 1049 1084 metus,
1063 1050 1097 1077 et
1114 1046 1145 1075 in
1164 1045 1294 1076 trutina
1311 1048 1510 1085 poneretur,
1526 1053 1601 1074 meo

138 1088 270 1128 judicio
289 1088 445 1129 putidum
462 1093 525 1119 est.
549 1089 645 1119 Bent.
698 1088 773 1119 Huc
787 1099 866 1120 nanc
881 1089 998 1120 salvum
1014 1089 1072 1121 ΒΓ.
1120 1089 1278 1123 Quantum
1300 1091 1397 1118 metus
1419 1087 1600 1118 Perl.-l9

145 1131 235 1172 Guy.
251 1130 288 1162 τὸ
303 1132 365 1170 ejus
381 1131 560 1172 expungit.
588 1131 684 1162 West.
730 1132 814 1162 Nam
837 1142 892 1173 per
915 1132 980 1171 ejus
1002 1142 1104 1168 unam,
1117 1135 1152 1162 ut
1166 1131 1269 1166 audiv,
1285 1134 1338 1162 aut
1354 1131 1455 1161 vivum
1469 1133 1523 1160 aut
1538 1140 1601 1160 mo-

142 1173 223 1210 riar,
235 1175 430 1206 sententiam.
465 1175 519 1205 Sic¹
533 1173 621 1212 libri,
637 1179 672 1205 et
688 1173 859 1206 lambiens
876 1180 950 1213 est3
975 1184 1050 1206 cum
1066 1184 1108 1206 ex
1126 1175 1213 1205 serie
1228 1175 1433 1205 Trochaicus
1451 1182 1525 1204 esse
1542 1172 1601 1203 de-

144 1216 234 1248 beat.
283 1218 384 1256 Lego,
406 1217 491 1247 Nam
504 1218 540 1247 de
553 1217 617 1255 ejus
638 1227 712 1255 una,
729 1221 765 1248 ut
787 1217 891 1254 audio,
906 1221 961 1248 aut
975 1217 1078 1249 vivam
1092 1221 1148 1249 aut
1169 1217 1286 1248 moriar
1307 1216 1472 1248 sententia.
1495 1215 1599 1247 Bent.

141 1260 284 1291 Bothius
298 1260 380 1300 legit
400 1260 485 1290 Nam
504 1270 560 1299 pro
575 1260 639 1298 ejus
653 1270 714 1291 una
728 1264 781 1291 aut
804 1271 832 1291 υ.
849 1264 904 1291 aut
924 1271 964 1292 m.
980 1264 1014 1292 ut
1030 1261 1133 1297 audio,
1148 1261 1314 1292 sententia.
1362 1259 1486 1299 Delph.
1504 1259 1602 1297 Nam,

141 1306 175 1333 ut
191 1303 294 1341 audio,
311 1312 370 1344 per
384 1313 476 1335 unam
490 1302 554 1342 ejus
569 1306 622 1333 aut
638 1313 666 1334 v.
685 1313 715 1334 α.
736 1313 778 1335 m.
795 1304 991 1335 sententiam.
1038 1302 1153 1335 Guelf.
1170 1307 1202 1335 2.
1228 1303 1363 1335 ordinat
1386 1306 1421 1333 ut
1438 1302 1530 1333 audio
1543 1311 1601 1342 per

139 1344 208 1382 ejus
218 1356 322 1378 unam.
354 1345 393 1376 In
405 1348 435 1376 3.
450 1351 502 1377 est
520 1345 606 1376 Nam
617 1349 751 1377 ut.—20
776 1346 1022 1386 Reponendum
1039 1357 1081 1379 ex
1098 1346 1228 1378 duobus
1242 1347 1357 1388 Regiis
1370 1351 1485 1377 monet
1498 1345 1600 1376 Bent,

146 1387 344 1420 Ubinam’st?
364 1390 420 1421 Ita
436 1393 472 1420 et
488 1388 580 1420 Perl.
617 1387 670 1421 ΑΙ.
688 1399 707 1421 ιι
722 1399 778 1420 sua
787 1391 946 1430 paloestra.

793 1487 933 1519 NOTAE

182 1565 225 1594 20
255 1562 370 1593 Eccum
399 1561 437 1593 ab
465 1572 521 1593 sua
547 1561 712 1603 palcestra]
741 1561 841 1595 Quod
895 1563 964 1594 leta
980 1561 1012 1594 in
1039 1560 1214 1603 palaestra,
1239 1572 1315 1604 quae
1341 1566 1395 1593 est
1419 1562 1512 1594 locus
1541 1562 1598 1594 ubi

140 1612 302 1643 Phaedria
319 1612 351 1642 in
368 1611 467 1643 domo
484 1613 600 1643 amicae
619 1613 752 1644 assidue
764 1623 839 1644 ver·
895 1614 1084 1645 luctatores
1098 1615 1192 1649 nudi,
1204 1615 1327 1646 etoleo
1340 1614 1508 1655 quondam
1524 1623 1600 1655 per-

142 1668 247 1704 setur,
273 1663 558 1705 quemadmodum
576 1665 681 1705 pugil,
696 1669 757 1695 aut·
769 1665 840 1696 ath·
898 1664 1224 1701 fusisluctabantur.

527 1919 730 1962 ACTUS
766 1920 857 1963 ΙΙΙ.
919 1920 1122 1987 SCENA
1160 1922 1225 1963 ΙΙ.

401 2043 654 2074 PHAEDRIA.
702 2044 866 2075 DORIO.
912 2045 1155 2074 ANTIPHO.
1195 2046 1339 2075 GE'PA.

138 2122 274 2164 PHAE.
298 2122 482 2173 DORIO,
501 2121 618 2172 audi,
642 2123 846 2165 obsecro.
910 2123 998 2166 Do.
1023 2124 1130 2165 Non
1151 2124 1301 2166 audio.
1351 2123 1487 2164 PHAE.
1510 2123 1596 2164 Pa-

307 2203 494 2244 rumper.
557 2190 644 2230 Do.
678 2190 798 2241 Quin
822 2193 971 2233 omitte
989 2206 1073 2234 me.

136 2259 272 2300 PHAE.
305 2258 442 2308 Audi,
465 2259 584 2313 quod
607 2259 766 2301 dicam.
828 2261 918 2302 Do.
950 2260 1013 2302 At
1036 2260 1151 2301 enim
1172 2258 1306 2301 taedet
1327 2259 1421 2314 jam
1443 2259 1596 2301 audire

308 2323 462 2368 eadem
482 2327 656 2369 millies.

182 2455 254 2487 Pu.
279 2456 392 2494 Dorio,
408 2459 494 2498 audi,
518 2459 655 2490 obtestor
676 2462 717 2490 te.
762 2459 834 2491 Do.
859 2460 932 2490 Non
957 2460 1062 2491 audio.
1108 2460 1179 2492 ΡΗ.
1203 2460 1291 2491 Audi
1311 2461 1479 2500 paulisper.
1526 2458 1593 2489 Do„

141 2497 239 2540 Quin,
251 2499 318 2531 sine
335 2509 381 2530 me
396 2500 452 2532 ire.
497 2502 569 2534 Pu.
594 2503 680 2534 Audi
695 2503 774 2543 quod
789 2503 901 2534 dicam.
946 2503 1014 2535 Do.
1036 2504 1081 2535 At
1096 2504 1185 2545 piget
1201 2514 1248 2535 me
1263 2504 1366 2535 eadem
1383 2503 1497 2534 millies
1510 2511 1596 2542 repe-

755 2609 994 2621 Oeeaeaeaeneeoe

176 2682 218 2714 In
234 2683 314 2724 Rip.
332 2689 398 2715 act.
416 2693 473 2715 111.
490 2694 536 2715 sc.
551 2688 582 2715 5.
613 2684 653 2715 Iu
671 2685 774 2715 Both.
791 2694 846 2715 ιιι.
863 2687 959 2716 4.-1
988 2686 1070 2721 Quin
1088 2687 1194 2717 omitte
1211 2697 1268 2718 me.
1315 2687 1462 2719 Videtur
1478 2688 1593 2728 legen-

136 2725 214 2757 dum
230 2727 333 2765 mitte,
359 2737 401 2758 ex
420 2728 551 2759 ratione
569 2737 696 2766 versus,
720 2732 758 2759 ut
782 2729 825 2759 sit
853 2729 1042 2760 trochaicus
1067 2735 1268 2761 tetrameter
1294 2731 1531 2770 catalecticus,
1557 2736 1594 2762 ut

136 2775 331 2810 sequentes,
357 2770 388 2801 in
407 2780 472 2811 quo
494 2771 538 2801 sit
561 2775 758 2810 anapaestus
786 2771 819 2801 in
847 2772 961 2803 tertia.
987 2772 1046 2803 Fa.
1091 2773 1192 2804 Both.
1212 2773 1310 2814 legit,
1335 2774 1593 2814 Dorio,0bsecr0,

135 2811 220 2844 audi.
268 2813 352 2846 Non.
388 2814 588 2855 I’arumper!
614 2814 699 2850 Quin
714 2814 821 2846 omitte
836 2815 910 2847 me!
953 2813 1064 2847 Abest
1085 2825 1131 2847 me
1145 2816 1308 2849 Guelt22.
1354 2817 1475 2852 Nostri
1493 2817 1592 2858 pleri-
