1966 3302
270 216 356 258 654
765 229 805 259 P.
838 229 1082 260 TERENTH
1115 230 1234 261 Arm

268 323 512 377 Postquam
533 326 600 364 est
619 323 800 364 inventa
821 336 938 373 vera,
959 324 1139 365 inventa
1168 328 1235 365 est
1261 337 1413 376 causa,
1443 337 1535 379 qua
1563 328 1609 367 te
1640 338 1722 367 ex-

442 391 663 444 pellerent.

268 457 352 500 CL.
384 458 467 500 Est
498 459 751 500 verisimile.
811 459 895 500 SY.
936 457 1008 499 An
1043 463 1089 500 tu
1129 461 1186 502 ob
1225 464 1460 515 peceatum
1497 460 1584 501 hoc
1621 473 1722 502 esse

438 526 560 566 illum
582 527 737 566 iratum
760 527 927 580 putas?

269 592 352 635 cr..
384 592 489 635 Non
512 593 712 634 arbitror.
772 594 856 635 SY.
889 593 1024 635 Nunc
1048 594 1170 635 aliud
1187 600 1367 649 spec-ta:
1399 598 1559 637 matres
1573 609 1723 639 omnes

439 660 544 700 filiis

267 730 320 771 In
342 732 532 783 peccato
554 728 809 783 adjutrices,
830 731 997 771 auxilio
1018 731 1062 771 in
1084 736 1271 784 paterna
1292 730 1454 785 injuria

265 798 421 841 Solent
456 811 580 839 esse:
631 798 677 839 id
706 811 795 838 non
827 798 885 840 fit.
948 798 1033 841 CL.
1065 799 1229 841 Verum
1267 800 1407 842 diois:
1455 799 1560 854 quid
1601 814 1715 843 nunc

437 866 615 916 faciam,
636 866 781 919 Syre?
1666 869 1725 910 40

267 935 351 976 SY.
382 934 690 986 Suspicionem
712 934 858 974 istanc
879 947 936 975 ex
957 934 1045 974 illis
1068 948 1242 988 quaere3
1273 948 1362 977 rem
1381 935 1529 990 profer
1549 937 1718 990 palam:

266 1002 427 1043 Sinon
447 1004 516 1041 est
539 1013 703 1051 verum,
736 1001 792 1042 ad
823 1001 1170 1043 misericordiam
1201 1004 1356 1045 ambos
1387 1004 1584 1046 adduces
1617 1005 1722 1055 cito,

439 1072 516 1109 aut

263 1138 409 1181 Scibis
449 1138 574 1192 cujus
614 1137 691 1177 sis.
751 1136 834 1178 CL.
876 1136 1020 1179 Recte
1062 1138 1248 1192 suades;
1285 1139 1459 1181 faciam.
1519 1139 1606 1183 SY.
1637 1140 1720 1183 Sat

434 1214 548 1247 recte
569 1205 654 1246 hoc
674 1205 781 1246 mihi

262 1346 385 1383 reperta
403 1346 461 1383 est,
475 1343 594 1375 occasio
609 1346 656 1374 est
669 1347 791 1384 reperta
809 1347 938 1384 propter
961 1353 1050 1385 quam
1066 1347 1096 1376 te
1109 1343 1263 1383 ejicerent.
1309 1346 1368 1377 Cr..
1395 1346 1484 1382 Quod
1495 1346 1553 1386 ais,
1565 1346 1723 1387 probabile

261 1389 318 1417 est.
374 1387 434 1417 SY.
458 1387 508 1417 Αη
532 1386 668 1426 opinaris
698 1387 892 1418 Chremetem
916 1387 1004 1417 illum
1026 1391 1146 1427 putrem
1172 1392 1258 1420 tuum
1284 1390 1482 1428 indignatum
1505 1400 1580 1427 esse,
1609 1390 1646 1420 ob
1667 1389 1722 1422 lwc

252 1428 441 1469 flagitiwm
462 1432 541 1469 quod
563 1430 654 1460 scivit
677 1433 707 1461 te
734 1430 922 1461 Bacchidem
949 1429 1078 1462 amare?
1124 1431 1187 1462 CL.
1211 1432 1285 1462 Non
1301 1433 1420 1472 opinor.
1465 1433 1527 1464 SY.
1545 1433 1637 1464 Num·
1651 1442 1721 1464 con·

261 1472 365 1503 sidera
381 1472 474 1503 aliam
489 1483 554 1504 rem
567 1484 578 1510 ,·
601 1483 703 1503 omnes
724 1477 837 1504 matres
859 1473 1057 1513 utplurimum
1071 1477 1141 1504 sunt
1158 1475 1374 1506 auxiliatrices
1379 1475 1463 1516 filiis
1477 1475 1553 1515 suis,
1569 1486 1637 1507 curn
1652 1485 1722 1516 pec-

262 1519 420 1554 caverunt,
438 1519 467 1546 et
484 1526 570 1555 opem
586 1515 626 1546 iis
634 1515 757 1553 ferunt,
776 1517 896 1556 quando
918 1521 1008 1555 puter
1023 1517 1055 1547 in
1071 1527 1120 1547 eos
1134 1517 1236 1557 inique
1258 1517 1337 1557 agit.
1383 1519 1476 1549 Nunc
1490 1519 1578 1550 vides
1592 1522 1722 1550 matrem

261 1561 348 1593 tuam
363 1558 488 1589 minime
503 1563 533 1589 te
547 1558 702 1596 adjurare.
750 1559 809 1590 CL.
836 1558 926 1590 Dicis
941 1569 1056 1590 verum.
1105 1559 1189 1595 Quid
1215 1570 1299 1599 ergo,
1327 1560 1416 1602 Syre,
1432 1561 1507 1592 mihi
1524 1571 1605 1592 nunc
1627 1571 1722 1601 agen-

262 1602 335 1632 dum
348 1605 416 1632 est?
461 1602 523 1632 Sv.
551 1602 663 1637 Quaere
679 1601 716 1632 ab
732 1602 794 1633 illis
810 1602 844 1632 id
860 1603 938 1642 quod
953 1602 1133 1643 suspicaris,
1156 1613 1196 1634 an
1223 1603 1265 1634 sis
1289 1614 1393 1635 eorum
1406 1604 1513 1646 filius,
1534 1614 1627 1635 necne
1639 1615 1649 1635 .·
1670 1604 1721 1636 dic

261 1644 327 1674 illis
338 1645 444 1685 plane,
469 1654 562 1684 quare
578 1645 728 1675 adductus
743 1646 786 1675 sis
805 1646 837 1675 in
860 1655 927 1676 eum
942 1645 1154 1685 suspicionem.
1200 1645 1240 1677 Sz'
1262 1648 1295 1677 id
1314 1646 1398 1684 falso
1420 1647 1598 1687 suspicari&
1612 1647 1723 1678 statim

261 1687 393 1718 adduces
409 1697 458 1718 eos
473 1688 512 1717 ud
529 1687 733 1718 miserendum
749 1688 815 1719 tui.-
839 1692 906 1727 aut,
920 1688 947 1719 si
962 1698 1066 1719 terum
1081 1693 1125 1720 est
1142 1692 1172 1720 te
1188 1699 1248 1720 non
1265 1699 1327 1721 esse
1343 1691 1565 1732 eorumfilium,
1582 1691 1659 1721 scies
1681 1690 1722 1721 ezr

261 1739 366 1761 eorum
380 1731 479 1761 relatu
494 1731 579 1770 cnjus
589 1730 643 1762 sis.
691 1730 750 1763 CL.
774 1731 863 1762 Bene
875 1731 952 1762 mihi
968 1730 1111 1763 consulis.
1161 1732 1250 1768 Quod
1264 1734 1388 1773 suades,
1395 1733 1528 1771 savium.
1571 1733 1634 1765 SY.
1662 1733 1721 1765 Sa-

869 1829 908 1840 ‘⁵0
910 1829 1108 1841 eeeeeeeeee

261 1898 337 1930 cod.
355 1908 409 1940 ap.
426 1899 524 1930 Lind.
544 1900 623 1935 Quoe
637 1900 824 1940 parion-36
848 1901 901 1932 Sic
915 1900 1011 1932 dedit
1028 1901 1088 1932 Fa.
1132 1899 1163 1932 A
1194 1899 1324 1932 duobus
1347 1899 1473 1931 nostris
1501 1899 1600 1931 abest
1625 1910 1719 1932 vera.-

260 1942 294 1972 in
311 1942 385 1973 aliis
402 1942 517 1973 sedem
535 1949 653 1975 mutat.
701 1944 739 1974 In
760 1954 825 1975 uno
842 1944 941 1975 deest
957 1945 1092 1975 inventa.
1139 1944 1292 1984 Repone,
1319 1943 1486 1984 Postquam
1510 1947 1556 1974 est
1579 1944 1720 1983 inventa,

259 1985 386 2016 inventa
401 1995 471 2016 vero
487 1989 531 2016 est
547 1996 649 2026 causa,
671 1997 700 2027 q.
723 1990 747 2017 t.
772 1997 797 2019 e.
822 1988 925 2019 Bent.
970 1987 1030 2018 Br.
1057 1988 1100 2018 Ρ.
1125 1996 1195 2017 vere
1216 1987 1341 2017 inventa
1366 1990 1424 2025 est,
1449 1987 1471 2018 i.
1498 1995 1524 2017 e.
1549 1997 1576 2017 c.
1622 1989 1632 2004 ‘
1649 1987 1717 2017 Ms.

260 2027 343 2058 Par.
359 2038 418 2068 qua
433 2038 488 2058 re:
511 2029 600 2069 qnod
618 2039 683 2060 non
710 2030 855 2060 alienum
875 2040 894 2061 a
918 2039 1011 2061 more
1038 2030 1205 2060 Terentii.
1233 2029 1341 2061 Andr.
1359 2038 1400 2060 11.
1424 2032 1454 2060 3.
1478 2028 1522 2060 8)
1546 2030 1718 2061 Perl.—-—37

259 2071 358 2110 Legit
375 2072 478 2102 Bent.
496 2076 560 2101 tam
576 2082 637 2102 esse
649 2073 747 2103 illum.
788 2073 890 2105 Both.
909 2074 959 2104 An
976 2076 1038 2103 tam
1054 2084 1080 2103 ο.
1096 2083 1126 2113 p.
1142 2073 1197 2103 hoc
1212 2072 1299 2102 illum
1316 2082 1380 2102 esse
1393 2072 1416 2102 i.
1431 2074 1552 2112 p.-—38
1579 2073 1720 2112 Expecta

260 2112 379 2144 Guelf.
395 2117 515 2145 2.-39
538 2115 639 2155 Vulg.
665 2115 698 2145 in
724 2119 855 2156 paterna
882 2116 1000 2154 injuria
1027 2115 1132 2147 Solent
1158 2125 1233 2153 esse,
1257 2115 1346 2156 quod
1374 2115 1554 2145 sententiae
1579 2114 1718 2155 quidem

260 2166 361 2187 causa
376 2155 457 2187 ferri
477 2163 613 2197 potest3
638 2158 696 2188 sed
715 2158 794 2198 quid
811 2159 974 2190 faciemus
989 2159 1034 2197 τῷ
1047 2168 1111 2189 esse
1128 2159 1174 2188 sic
1192 2158 1385 2189 collocato?
1408 2167 1484 2188 nam
1511 2157 1616 2188 Solent
1646 2167 1719 2188 cor·

258 2199 371 2239 ripere
391 2200 610 2239 posteriorem
629 2201 808 2241 syllabam,
834 2202 887 2233 cui
904 2202 1050 2241 placeat,
1075 2207 1111 2232 et
1127 2201 1184 2242 qni
1200 2201 1264 2232 hoc
1281 2201 1401 2241 probet
1419 2201 1544 2231 Bent.?
1567 2200 1715 2242 accedit,

259 2242 350 2283 quod
366 2243 399 2272 iu
417 2242 515 2273 codd.
533 2243 575 2282 B,
591 2243 669 2274 Hel.
684 2244 828 2281 legitur:
853 2248 883 2276 ee
899 2245 1028 2283 auxilio,
1051 2244 1138 2275 sicut
1157 2254 1188 2283 p.
1208 2247 1455 2274 commutantur
1470 2243 1559 2273 inter
1585 2253 1620 2274 se
1637 2253 1718 2274 con-

252 2285 388 2324 junctio
404 2289 439 2316 et
455 2286 695 2326 compendium
713 2287 806 2318 verbi
832 2289 842 2305 ‘
857 2287 958 2319 esse?
1003 2287 1210 2328 Conjunctio
1238 2286 1374 2327 quidem
1402 2295 1532 2316 versum
1554 2286 1715 2326 jugulat:

252 2329 322 2368 jam
340 2332 375 2359 et
392 2328 459 2358 arsi
476 2327 601 2359 fruitur
615 2328 653 2359 τὸ
669 2331 677 2346 ‘
692 2330 841 2362 anxilio!
865 2331 961 2362 Both.
979 2330 1035 2371 qui
1052 2330 1131 2361 inde
1154 2330 1250 2370 legit,
1273 2330 1306 2360 in
1327 2329 1432 2370 patria
1452 2329 1570 2366 injuria
1586 2328 1694 2360 Solent
1706 2340 1716 2360 :

257 2371 291 2401 id
306 2370 517 2412 nonfit.—40
542 2371 629 2403 Gov.
645 2378 681 2403 et
697 2373 788 2404 Mur.
802 2373 838 2404 τὸ
854 2374 932 2405 dicis
948 2374 1077 2409 delent,
1101 2373 1144 2404 ob
1160 2378 1318 2403 metrum.
1367 2373 1490 2412 Neque
1506 2377 1559 2402 est
1585 2371 1619 2402 in
1646 2382 1715 2402 om-

257 2413 355 2444 nibus
372 2414 456 2444 Mss.
503 2414 588 2444 Post
603 2416 676 2455 quid
693 2416 777 2446 Mss.
805 2422 840 2447 et
869 2416 952 2447 editi
980 2416 1116 2457 qnidam
1143 2416 1350 2446 interserunt
1363 2414 1401 2445 τὸ
1414 2424 1482 2454 ego.
1527 2413 1607 2454 Alii,
1629 2423 1716 2453 ergo.

257 2456 366 2487 West.
415 2457 498 2491 Quid
528 2467 603 2496 ergo
623 2468 655 2488 n.
678 2459 707 2495 s.
732 2458 832 2499 Syre?
877 2458 1038 2490 Difficilis
1068 2459 1274 2495 octonarius,
1307 2458 1370 2488 nisi
1401 2458 1507 2498 legas,
1539 2458 1611 2496 quid
1636 2467 1714 2496 ego:

257 2509 358 2540 quam
373 2499 554 2530 lectionem
573 2501 605 2530 in
622 2500 787 2540 aliquibus
803 2502 825 2532 l.
843 2511 869 2532 s.
888 2501 1012 2532 inveni.
1038 2501 1096 2532 Fa.
1142 2501 1270 2532 Omnes
1285 2501 1393 2531 nostri
1420 2509 1515 2539 ergo.-
1539 2509 1601 2531 nec
1628 2498 1716 2531 diffi-

258 2541 331 2572 cilis
362 2547 414 2572 est
443 2543 648 2573 octonarius.
680 2544 776 2574 Bent.
825 2545 911 2579 Quid
937 2554 1010 2584 ergo
1034 2544 1093 2574 ΒΓ.
1120 2544 1198 2583 Bip.
1224 2543 1263 2574 Z.
1288 2544 1415 2583 Deiph.
1462 2543 1604 2573 Bothius
1631 2542 1715 2583 legit

262 2584 387 2616 Verum.
433 2585 497 2615 Dic:
512 2595 595 2624 ergo,
618 2586 689 2625 quid
703 2597 734 2618 γι.
748 2587 779 2624 f.
797 2586 830 2617 S.
875 2588 961 2626 Ergo
981 2592 1055 2627 post
1070 2587 1143 2627 quid
1159 2585 1275 2618 Guelf.
1292 2589 1406 2617 2.-41
1431 2585 1501 2616 Alii
1525 2585 1630 2624 istam,
1654 2586 1714 2616 im·

257 2627 424 2667 probante
441 2628 498 2658 Fa.
546 2628 629 2668 Ipsis
645 2638 709 2659 non
726 2629 790 2659 illis
806 2629 922 2660 Guelf.
947 2633 978 2662 3.
1020 2630 1149 2668 Profert
1178 2633 1210 2660 2.
1254 2628 1412 2660 ‘Excidit
1439 2638 1481 2659 ex
1507 2627 1572 2658 fine
1595 2637 1715 2659 versus

257 2670 455 2710 conjunctio
471 2674 536 2701 aut.
583 2671 724 2711 Repone
740 2672 843 2712 igitur
856 2673 978 2712 pulum:
1002 2676 1070 2712 aut,
1086 2672 1122 2703 Si
1138 2682 1198 2703 mm
1213 2694 1221 2703 .
1232 2694 1256 2704 ..
1270 2673 1400 2703 adduces
1414 2671 1499 2708 cito;
1521 2670 1588 2701 Aut
1602 2669 1717 2701 scibis?

256 2713 445 2743 Brenn—42
475 2713 554 2743 Vera
571 2713 688 2744 Guelf.
705 2718 736 2745 2.
783 2715 861 2754 Aut,
889 2716 976 2754 qnod
995 2716 1095 2755 vulgo
1112 2715 1145 2745 in
1162 2714 1226 2746 fine
1241 2715 1337 2753 hujus
1355 2723 1469 2744 versus
1486 2713 1630 2753 positum
1649 2717 1714 2752 est,

257 2756 389 2786 locatur
405 2755 448 2785 ab
466 2756 521 2786 Er.
540 2757 599 2787 Br.
614 2766 652 2787 ac
669 2757 770 2787 Both.
794 2759 835 2788 ab
863 2758 957 2788 initio
982 2759 1253 2798 sequentis.—43
1279 2758 1363 2788 Mss.
1391 2756 1539 2796 quidam,
1559 2755 1646 2794 cujus
1670 2755 1714 2787 sis

245 2798 361 2839 filius:
382 2808 422 2829 ex
441 2799 567 2838 glossa.
594 2799 695 2831 IVest.
739 2800 795 2830 ΑΙ.
812 2804 889 2841 post
906 2801 964 2832 Sat
981 2805 1062 2832 recte
1078 2801 1239 2832 omittunt
1255 2800 1321 2832 hoc.
1364 2798 1409 2830 Τὰ
1425 2798 1484 2831 Sat
1499 2801 1580 2830 recte
1595 2803 1660 2831 διο.
1677 2799 1711 2831 in
