1966 3302
268 195 355 236 340
762 202 800 231 P.
830 200 1074 231 'rEREN'ru
1111 200 1226 230 Arni

274 302 396 344 Male
418 303 578 348 metuo,
600 311 652 359 ¹29
677 296 951 338 Philumenae
972 296 1112 348 magis
1134 297 1314 337 morbus
1336 299 1653 349 aggravescat;

275 368 408 420 Quod
432 373 490 418 te,
515 365 766 418 AEsculapi,
788 370 833 406 et
855 369 909 414 te,
932 365 1079 413 Salus,
1100 377 1154 404 ne
1178 365 1281 417 quid
1307 366 1361 405 sit
1380 365 1524 423 hujus,
1546 363 1649 404 oro!

274 436 407 477 Nunc
431 435 487 475 ad
512 446 608 474 eam
632 433 789 474 visam.
850 432 976 473 PAR.
1010 432 1155 481 Heus,
1178 432 1402 474 Sostrata!
1463 431 1539 473 So.
1562 430 1725 472 Ehem!

447 501 574 542 PAR.
608 500 774 541 Iterum
794 500 923 541 istinc
946 499 1195 541 excludere.

274 571 352 612 So.
383 569 550 611 Ehem!
586 569 822 618 Parmeno,
869 567 962 608 tun'
995 567 1067 608 hic
1101 568 1232 608 eras?
1264 566 1400 621 perii!
1432 565 1538 620 quid
1567 565 1729 607 faciam

450 637 648 678 misera?
1701 634 1730 674 5

275 704 378 746 Non
418 705 561 745 visam
596 717 778 745 uxorem
818 702 1057 756 Pamphili,
1097 715 1195 743 cum
1226 702 1269 742 in
1303 713 1522 754 proxumo
1563 700 1636 742 hic
1672 700 1732 742 sit

452 772 601 825 aegra‘?
1326 757 1356 765 W
1402 764 1432 771 m
1462 765 1509 777 Ἣ

276 840 402 881 PAR.
435 840 540 881 Non
574 839 725 880 visas?
757 851 811 879 ne
844 838 993 879 mittas
1015 837 1192 891 quidem
1223 835 1393 878 visendi
1425 849 1562 877 causa
1593 848 1732 890 quen-

446 919 607 960 quam:

277 974 395 1016 Nam
423 975 499 1028 qui
522 976 655 1022 amat,
678 973 749 1014 cui
773 972 875 1013 odio
897 972 1025 1026 ipsus
1047 975 1129 1022 est,
1149 972 1219 1012 his
1240 972 1384 1012 facere
1408 972 1543 1012 stulte
1564 972 1701 1012 duco:

279 1043 498 1083 Laborem
519 1042 694 1082 inanem
715 1041 841 1093 ipsus
864 1041 999 1093 capit,
1021 1047 1064 1081 et
1083 1040 1149 1081 illi
1170 1040 1415 1080 molestiam
1439 1039 1579 1080 affert.

277 1110 393 1151 Tum
416 1114 562 1151 autern
584 1109 702 1149 filius
724 1109 889 1149 introiit
910 1108 1074 1158 videre,
1095 1112 1147 1148 ut
1168 1107 1304 1157 venit,
1328 1107 1435 1160 quid
1456 1109 1570 1160 agat.
1678 1104 1733 1145 10

280 1178 357 1218 So.
389 1176 510 1228 Quid
547 1177 646 1218 ais!
678 1190 734 1217 an
767 1177 889 1217 venit
924 1175 1216 1229 Pamphilus?
1293 1175 1418 1216 PAR..
1448 1173 1596 1215 Venit.
1655 1172 1733 1213 So.

453 1246 537 1287 Dis
559 1245 742 1298 gratiam
764 1243 922 1285 habeo.

277 1377 382 1409 audio,
432 1377 528 1411 Valde
543 1377 634 1408 timeo
649 1385 687 1407 ne
703 1375 897 1407 Philumenae
924 1373 1046 1404 morbus
1059 1372 1187 1412 gravior
1192 1372 1257 1414 fiat
1267 1383 1277 1402 .·
1301 1373 1380 1413 quod
1395 1375 1437 1409 te,
1454 1371 1616 1411 AEsculapi
1630 1371 1736 1404 Medi-

278 1421 356 1451 cinoe
370 1430 496 1461 proeses,
511 1423 598 1460 teque
615 1419 720 1457 Salus,
739 1419 808 1449 Dea
823 1417 981 1454 sanitatis,
994 1419 1029 1447 ut
1042 1416 1121 1446 nihil
1136 1416 1197 1446 tale
1213 1416 1345 1455 accidat,
1356 1425 1475 1455 precor.
1521 1415 1616 1445 Nunc
1631 1414 1680 1446 ibo
1695 1416 1737 1446 ad

279 1464 444 1494 videndam
458 1473 534 1494 eam.
584 1463 676 1493 PAR.
700 1461 803 1501 Heus,
817 1460 970 1491 Sostrata.
1004 1459 1064 1490 So.
1087 1457 1212 1490 Ehem!
1257 1459 1348 1489 PAR.
1373 1458 1512 1489 Secundo
1527 1457 1737 1497 prohibeberis

278 1506 422 1545 ingressu
436 1507 568 1537 istarum
580 1506 702 1536 (edium.
735 1505 791 1535 So.
809 1503 904 1540 Hem,
917 1503 1081 1538 Parmeno,
1094 1504 1166 1532 tune
1177 1501 1227 1532 hie
1238 1504 1326 1532 eras?
1346 1502 1470 1540 perdita
1484 1510 1572 1531 sum:
1595 1500 1671 1541 quid
1681 1510 1737 1540 ego

281 1548 394 1579 faciam
418 1549 552 1584 infelix?
595 1548 648 1578 An
671 1557 731 1578 uon
755 1547 803 1577 ibo
829 1548 867 1577 acl
883 1546 1048 1577 videndum,
1064 1544 1278 1575 Philumenam
1292 1553 1419 1574 uxorem
1439 1543 1605 1583 Pamphili,
1620 1553 1687 1574 cum
1702 1543 1738 1574 in

278 1592 431 1631 proximis
445 1592 492 1621 his
507 1589 623 1622 (edibus
628 1590 733 1628 jaceat
759 1593 899 1628 aegrota?
945 1588 1038 1619 PAR.
1064 1587 1141 1617 Noli
1156 1587 1213 1625 ire,
1229 1597 1283 1617 uec
1306 1586 1413 1617 mittas
1430 1586 1522 1616 etiam
1538 1585 1634 1616 ullum
1648 1586 1736 1626 quia

282 1638 311 1665 te
338 1644 405 1665 eam
428 1634 559 1665 invisat.-
581 1643 653 1664 uam
678 1633 731 1673 qui
757 1641 859 1662 amore
878 1631 1074 1671 prosequitur
1101 1640 1179 1667 eum,
1204 1631 1253 1660 cui
1280 1629 1397 1659 invisus
1422 1632 1452 1660 et
1482 1628 1603 1659 odiosus
1617 1632 1674 1666 est,
1691 1627 1737 1659 bis

279 1677 382 1717 inepte
397 1687 428 1707 se
442 1686 549 1716 gerere
565 1676 716 1706 arbitror.-
748 1685 859 1705 ranum
885 1674 1016 1704 laborem
1035 1673 1099 1712 ipse
1113 1672 1219 1710 sumit,
1240 1676 1269 1702 et
1284 1672 1343 1709 illi,
1359 1681 1447 1711 quem
1462 1674 1557 1706 uniat,
1572 1682 1590 1701 α
1604 1681 1661 1711 quo
1676 1681 1738 1702 uon

284 1721 472 1754 reclamatur,
490 1719 580 1750 toedz'o
593 1722 651 1755 est,
666 1721 697 1749 et
713 1718 915 1756 importunus.
961 1716 1064 1747 Filius
1078 1716 1172 1746 etiam
1183 1719 1253 1745 tuas
1266 1716 1426 1753 ingressus
1447 1717 1493 1745 est
1508 1715 1548 1744 aa
1564 1724 1641 1753 eam,
1651 1716 1737 1754 post-

282 1772 372 1802 quam
396 1763 453 1794 huc
481 1773 520 1792 ex
542 1763 654 1792 itinere
675 1761 784 1799 rediit,
799 1764 833 1790 ut
849 1759 953 1790 videat
968 1760 1113 1799 quomodo
1128 1759 1182 1788 illa
1205 1768 1236 1788 se
1256 1758 1376 1788 habeat.
1421 1758 1480 1788 So.
1505 1757 1590 1792 Quid
1604 1754 1675 1788 ais?
1696 1766 1738 1788 an

281 1806 409 1837 advenit
433 1805 641 1846 Pamphilus?
684 1803 751 1835 ΡΑ.
773 1802 925 1834 Advenit.
968 1803 1027 1832 So.
1052 1801 1127 1832 Dzz's
1150 1801 1275 1840 gratias
1300 1800 1392 1831 habeo
1415 1810 1471 1840 pro
1501 1800 1567 1839 ejus
1594 1800 1738 1831 adventu.

899 1907 1135 1921 eoaeeaeoaeeee‘o

283 1990 344 2022 hic.
368 1989 534 2020 Bent.—3
560 1986 638 2025 Ejus
653 1986 722 2017 Ms.
735 1995 832 2017 unus.
849 1987 1012 2017 Romi—4
1030 1986 1113 2016 GM.
1127 1985 1244 2022 adeam,
1258 1983 1351 2025 quasi
1367 1993 1468 2013 unum
1485 1988 1575 2014 esset
1587 1983 1740 2022 verbum,

285 2043 362 2064 cum
379 2032 422 2073 gl.
445 2039 592 2071 pergam.-
615 2029 674 2060 sed
699 2039 765 2059 non
793 2029 963 2059 intellexit
984 2029 1176 2068 interpres;
1201 2026 1247 2058 cf.
1267 2037 1290 2057 1.
1308 2030 1339 2058 2.
1358 2029 1431 2056 114.
1455 2027 1541 2057 Perl.
1585 2026 1740 2058 Eandem

286 2077 331 2116 gl.
347 2080 382 2107 et
399 2075 458 2105 ΒΓ.
491 2073 670 2104 excludere?
693 2070 777 2111 (sic)
803 2072 889 2111 legit
915 2072 1082 2102 Belin—6
1106 2071 1193 2101 Num
1211 2071 1268 2101 Br.
1284 2079 1301 2099 e
1320 2079 1370 2109 pr.
1395 2079 1439 2099 m.
1468 2078 1486 2099 e
1513 2068 1579 2099 2da
1608 2079 1692 2107 nam,
1706 2070 1740 2100 in

284 2128 391 2158 marg.
409 2118 555 2147 num.——-7
576 2115 648 2145 Non
664 2114 741 2144 vises
758 2115 856 2145 Both.
874 2114 953 2155 quia
968 2124 1027 2144 uon
1043 2114 1126 2144 visas
1142 2118 1194 2144 est
1210 2115 1218 2130 ‘
1237 2122 1322 2152 pene
1347 2111 1504 2142 soloecnm
1517 2110 1537 2149 ;'
1561 2121 1616 2142 uec
1631 2113 1741 2143 mitius

286 2162 359 2193 ΕΡ.
404 2161 413 2176 ‘
432 2160 508 2190 Non
534 2156 608 2188 fere
633 2157 784 2187 invenias
800 2157 921 2187 librum
941 2157 1119 2197 scriptum,
1137 2156 1167 2186 in
1193 2165 1258 2196 quo
1277 2164 1337 2194 pro
1352 2164 1419 2190 uec,
1435 2163 1500 2184 non
1517 2154 1559 2184 sit
1584 2154 1643 2186 ue!
1678 2155 1739 2187 Fa.

285 2208 293 2221 ¹
311 2202 429 2235 Nostri
456 2209 591 2242 qnoque
616 2210 662 2230 ue.
697 2200 743 2230 Et
769 2200 845 2239 lege
863 2200 937 2230 Non
961 2197 1068 2230 visas?
1100 2197 1376 2233 interrogative-¹
1401 2197 1496 2227 Beni.
1529 2197 1596 2227 Neo
1620 2197 1679 2228 Br.
1696 2207 1741 2229 ex

287 2245 422 2277 emend.
447 2245 552 2275 mittes
575 2242 741 2273 Boin—8
765 2243 829 2277 Qui
855 2243 941 2273 illum
957 2240 1071 2273 Guelf.
1087 2244 1118 2272 2.
1149 2240 1217 2271 aico
1240 2241 1307 2272 Gu.
1332 2242 1361 2270 1.
1385 2240 1393 2256 ‘
1414 2237 1502 2279 quod
1529 2239 1618 2269 haud
1645 2240 1741 2271 dete-

286 2288 381 2320 rius!
404 2287 502 2318 Both.
532 2286 540 2302 ‘
560 2284 686 2316 Itidem
705 2285 792 2317 Pali.
808 2291 875 2316 tres
892 2285 981 2325 apud
999 2285 1166 2322 Pareum;
1190 2281 1394 2324 perperam!
1420 2283 1570 2312 Peri-9
1586 2282 1624 2313 Iu
1639 2292 1741 2314 arcem

284 2332 370 2371 ipsus
386 2329 497 2361 Guelf.
513 2330 632 2359 3.-10
656 2328 702 2358 Et
723 2327 775 2358 hic
792 2337 926 2368 quoque
951 2327 1214 2358 numerosiorem
1232 2325 1411 2356 lectionem
1429 2324 1554 2354 liabent
1570 2334 1600 2355 0.
1617 2325 1639 2355 l.
1653 2335 1679 2354 s-
1705 2331 1742 2356 et

286 2375 459 2411 Donatus,
477 2372 554 2403 Tum
569 2370 662 2413 filius
679 2373 750 2400 tuus
764 2371 786 2400 i.
823 2371 880 2402 Fa.
937 2371 992 2401 Sic
1016 2375 1052 2400 et
1078 2369 1183 2399 nostri
1202 2377 1329 2399 omnes·
1355 2368 1451 2398 Bent.
1490 2366 1670 2398 Consemit
1685 2368 1742 2400 ed·

288 2417 370 2457 Arg.
388 2424 465 2447 cum
482 2414 560 2454 figg.
593 2414 752 2444 Erasmus
767 2412 863 2444 dedit
880 2416 943 2444 tum
962 2412 1160 2453 autemfilius
1172 2411 1295 2448 introit,
1310 2410 1399 2450 quod
1415 2414 1450 2440 et
1466 2409 1564 2440 hodie
1580 2409 1638 2440 alii
1654 2411 1743 2442 male

289 2463 497 2500 sequuntur-3
520 2457 619 2487 imino
633 2455 688 2485 alii
706 2459 771 2486 tum
786 2455 985 2497 autemfilius
1001 2459 1071 2495 tuus
1085 2454 1206 2492 introit,
1222 2453 1311 2484 unde
1330 2462 1448 2483 versus
1465 2451 1644 2482 redundat.
1661 2452 1740 2493 Rip.

291 2502 392 2534 Filius
405 2501 475 2532 sine
491 2503 562 2531 tuus
577 2498 671 2531 Junt.
687 2499 760 2529 EV.
779 2501 809 2530 3.
826 2499 896 2529 Ste.
915 2499 998 2529 Dac.
1031 2498 1126 2529 West.
1160 2497 1277 2528 Nostri
1295 2505 1428 2536 quoque
1445 2504 1560 2524 omnes
1577 2494 1741 2536 tumfilius

290 2549 381 2576 tuus:
405 2544 507 2582 vulgo
524 2540 658 2582 ἀμέτρως
679 2545 744 2571 lum
759 2544 862 2572 autem
879 2541 984 2584 filius,
998 2542 1049 2580 also.
1073 2539 1174 2570 Bon..
1211 2539 1268 2579 qui
1286 2538 1394 2568 edidit
1413 2541 1478 2568 tum
1493 2537 1587 2577 filius
1604 2540 1676 2568 tuus
1691 2537 1739 2569 iu-

290 2588 378 2625 troit,
395 2586 467 2626 quid
483 2589 570 2624 agat,
584 2585 701 2623 valere,
717 2587 752 2614 ut
767 2585 872 2614 venit.-
894 2586 903 2601 ⁴
921 2583 1018 2614 abest
1035 2593 1054 2613 a
1070 2582 1154 2614 GM.
1172 2582 1314 2621 aliisque
1332 2579 1483 2621 probatis
1499 2581 1623 2610 autem!
1645 2580 1740 2612 Perl.

290 2634 360 2661 tunc
378 2630 520 2660 Br.—ll
545 2628 671 2658 Versus
688 2636 761 2657 esse
779 2626 883 2657 debet
898 2626 1005 2657 Iamb.
1024 2630 1158 2656 tetram.
1174 2625 1332 2655 catalect.
1350 2627 1385 2653 ut
1411 2623 1537 2652 ceteri:
1575 2631 1680 2662 (lirare
1697 2631 1741 2654 ex

290 2683 321 2703 o.
338 2672 406 2703 fere
424 2672 444 2701 1.
461 2680 487 2701 s.
505 2670 554 2700 ita
571 2670 726 2708 legimus,
743 2670 805 2700 Dis
817 2669 958 2707 gratiam
972 2668 1074 2699 haheo.
1100 2668 1156 2698 Fa.
1203 2667 1298 2697 Unus
1315 2670 1349 2696 et
1367 2665 1453 2695 alter
1470 2673 1510 2693 ex
1528 2665 1650 2695 nostris
1665 2675 1741 2704 gra-

290 2716 368 2746 tiam
383 2713 497 2745 habeo.-
519 2712 640 2752 reliqui
662 2712 796 2749 gratias.
829 2713 928 2743 Beni.
970 2712 1095 2750 gratias
1120 2709 1216 2740 Bodl.
1239 2709 1354 2740 ssoena.
1372 2708 1433 2738 Gr.
1452 2706 1533 2737 EM.
1552 2706 1625 2738 EA.
1642 2707 1740 2739 Junt.

291 2759 363 2790 Ste.
385 2757 604 2795 Pulmamus,
627 2754 704 2784 alii:
740 2753 799 2785 sed
822 2755 962 2794 gratiam
989 2758 1105 2785 tuetur
1129 2753 1253 2784 Mun-et.
1280 2761 1323 2782 ne
1351 2759 1468 2781 versus
1492 2750 1536 2780 sit
1564 2750 1743 2783 acatalect.
