1966 3302
293 241 379 284 606
792 249 832 280 P.
867 246 1108 278 'reanum
1143 246 1260 276 Arm

296 348 542 403 Reperisti,
564 346 644 388 tibi
663 343 785 400 quod
806 342 1014 398 placeat?
1049 355 1106 384 an
1123 340 1315 382 nondum
1336 339 1502 381 etiarn?
1563 337 1647 379 SY.
1680 337 1751 380 De

466 415 647 458 fallacia
1693 404 1752 446 35

298 484 458 526 Dicis?
492 484 554 524 st!
586 480 735 522 inveni
762 492 902 535 nuper
934 478 1171 533 quandam.
1229 474 1319 519 CH.
1350 474 1486 528 Frugi
1519 485 1594 515 es:
1624 472 1752 523 cedo,

471 549 575 604 quid
595 549 691 590 est?

300 618 383 661 SY.
414 618 605 661 Dicam:
637 628 806 666 verum,
837 618 886 656 ut
916 612 1036 655 aliud
1057 625 1116 653 ex
1151 610 1238 652 alio
1267 609 1438 651 incidit.
1499 608 1588 651 CH.
1613 606 1755 659 Quid-

471 698 589 735 nam,
611 683 749 738 Syre?

299 753 382 796 SY.
414 753 632 795 Pessuma
671 751 768 792 haec
802 753 869 791 est
906 748 1130 790 meretrix.
1190 745 1279 788 CH.
1321 745 1393 786 Ita
1426 743 1615 787 videtur.
1649 742 1759 786 ΒΥ.

479 820 623 862 Immo
647 819 685 860 si
709 818 842 859 scias.

300 889 432 932 Vah!
468 887 586 937 vide,
623 885 742 940 quod
784 885 974 939 inceptet
1011 882 1196 924 facinus-
1259 880 1366 922 Fuit
1405 879 1609 934 quaedam
1649 890 1760 920 anus

475 953 708 998 Corinthia

303 1025 424 1067 Hic:
465 1023 569 1065 huic
605 1020 910 1062 drachmarum
949 1016 1112 1071 argenti
1152 1016 1249 1058 haec
1288 1015 1410 1057 mille
1446 1014 1630 1056 dederat
1668 1026 1761 1055 mu-

476 1094 612 1132 tuum.
1704 1082 1764 1122 40

302 1198 343 1219 an
358 1188 491 1218 nondum
507 1186 623 1218 etiam?
666 1184 729 1215 SY.
752 1183 901 1224 Loqueris
916 1183 952 1213 de
958 1180 1086 1221 fabrica
1101 1181 1168 1212 seni
1182 1180 1392 1212 intendenda?
1416 1180 1488 1211 Non
1502 1179 1550 1211 ita
1563 1179 1660 1210 multo
1682 1181 1767 1208 ante-

304 1231 361 1262 hac
376 1229 553 1270 excogitavi
567 1228 714 1269 aliquam.
760 1227 827 1258 CH.
853 1226 958 1265 Frugi
981 1235 1024 1256 σε.
1069 1225 1144 1264 Dic,
1171 1226 1250 1265 quod
1274 1223 1430 1254 invenisti.
1476 1223 1537 1253 SY.
1562 1221 1689 1258 Dicam,
1710 1220 1766 1251 sed

303 1277 338 1305 ut
353 1273 440 1304 uliud
453 1283 494 1304 ex
507 1272 569 1303 alio
586 1271 735 1312 sequitur.
783 1270 851 1301 CH.
879 1269 908 1299 O
925 1268 1018 1310 Syre,
1033 1268 1178 1308 quidnam
1193 1270 1260 1298 est?
1304 1267 1366 1298 SY.
1392 1266 1473 1297 Haec
1488 1264 1640 1297 meretrix
1650 1266 1697 1295 est
1709 1264 1765 1293 ad-

303 1317 423 1347 modum
437 1325 546 1356 pruva.
593 1314 664 1345 CH.
690 1313 776 1344 Talis
800 1314 938 1353 apparet.
984 1311 1046 1342 SY.
1070 1310 1169 1342 Immo
1184 1310 1212 1341 si
1226 1310 1305 1341 scias
1321 1319 1411 1349 quam
1436 1308 1479 1339 sit
1499 1308 1646 1348 pessima,
1671 1305 1766 1337 mira-

304 1360 397 1390 beris.
448 1357 540 1390 Vah!
561 1366 706 1396 cognosce
722 1356 795 1396 quid
816 1354 947 1395 incipiat
965 1354 1074 1393 facere
1085 1364 1096 1384 .·
1117 1354 1257 1394 quaedom
1272 1353 1376 1384 vetula
1391 1361 1432 1382 ex
1450 1350 1600 1381 Corintho
1617 1349 1665 1380 hic
1680 1348 1767 1380 hubi·

304 1402 399 1439 tavit,
424 1401 491 1432 hoec
512 1399 663 1432 meretrix
687 1399 773 1431 dedit
799 1398 847 1429 illi
870 1401 976 1429 mutuo
998 1397 1081 1428 mille
1107 1396 1270 1427 drachmas
1291 1394 1428 1435 argenti.
1491 1394 1561 1425 Cn.
1588 1393 1674 1429 Quid
1695 1391 1768 1422 inde

916 1469 1155 1483 “OOO‘OO‘OO‘

306 1529 407 1557 tecum
422 1524 496 1565 egi?
519 1524 635 1564 egistin
652 1520 757 1564 Syre?
779 1523 915 1553 iim—35
940 1521 992 1553 An
1017 1521 1153 1552 nondum
1179 1516 1299 1550 etiam?
1343 1515 1587 1548 Terentianum
1615 1514 1678 1546 hoc
1702 1518 1767 1546 est.

308 1569 425 1601 Quare
443 1567 572 1608 Gnyeti
588 1577 629 1597 an
643 1569 723 1597 non?
744 1566 903 1605 languet:
929 1565 985 1605 qui
1006 1564 1085 1595 dum
1107 1566 1216 1594 metro
1240 1560 1418 1592 consulere
1444 1560 1527 1597 vult,
1546 1558 1768 1589 Latinitatem

308 1611 465 1652 negligit.
487 1609 524 1641 τὸ
547 1611 659 1644 dudum
686 1613 783 1640 certe
811 1607 1025 1648 requirebat,
1052 1611 1088 1637 nt
1114 1605 1302 1640 diceretur,
1325 1604 1377 1634 An
1393 1603 1530 1633 nondum
1551 1602 1668 1632 etiam?
1711 1600 1768 1630 Sic

309 1654 400 1686 And.
417 1663 442 1686 1.
458 1657 489 1685 2.
507 1656 560 1684 30.
588 1652 777 1684 West.—36
800 1651 887 1681 Mss.
911 1650 1064 1691 quidam,
1091 1648 1204 1679 Dicis.-
1227 1645 1333 1677 inveni
1357 1646 1511 1685 quandam
1533 1653 1640 1683 nuper.
1686 1641 1769 1682 Alii,

309 1696 422 1728 Dicis:
443 1697 525 1734 hem,
550 1695 654 1727 inveni
675 1704 772 1735 nuper
792 1693 953 1733 quandam.
999 1691 1153 1723 Exhibeo
1169 1689 1352 1721 lectionem
1370 1686 1506 1718 Faerni.
1550 1686 1618 1717 Sed
1637 1690 1713 1727 post
1730 1685 1771 1718 F.

310 1739 505 1771 Fabricium
521 1739 607 1778 legit
629 1738 719 1778 Guy.
763 1737 827 1767 SY.
850 1736 901 1767 De
916 1734 1070 1774 fallacia?
1113 1734 1248 1765 quenta
1270 1731 1331 1762 'st:
1352 1730 1459 1762 inueni
1482 1738 1580 1768 nuper
1603 1729 1770 1769 quandam.

311 1782 427 1822 Atque
444 1782 491 1812 ita
506 1786 559 1813 est
575 1781 608 1812 in
626 1779 748 1811 Boend.
794 1779 919 1809 Mirum
943 1787 1037 1817 vero,
1058 1776 1228 1817 placuisse
1252 1774 1322 1805 acri
1345 1773 1487 1812 Critico,
1511 1772 1643 1803 Inventa
1656 1772 1706 1802 ἐι.
1723 1771 1771 1802 in-

310 1826 394 1857 veni.
440 1825 492 1856 Ex
520 1824 622 1855 variis
649 1821 856 1854 lectionibus
884 1820 1092 1861 praetulerim
1119 1819 1209 1850 illam
1236 1817 1548 1849 Daventriensem:
1572 1814 1624 1845 De
1637 1813 1773 1851 fallacia

317 1865 433 1899 Dicis?
456 1868 537 1906 hem,
551 1866 654 1898 inveni
668 1874 765 1906 nuper
780 1865 945 1904 quandam.
991 1862 1171 1897 Quomodo
1187 1865 1223 1893 et
1238 1860 1355 1893 Juntae
1370 1858 1565 1896 ediderunt,
1579 1866 1655 1887 cum
1672 1856 1773 1887 Aldo.

314 1911 401 1943 Rob.
425 1910 638 1951 Stephanus:
675 1909 725 1940 De
741 1907 873 1946 fallacia
897 1904 1016 1938 Dicis?
1038 1908 1098 1943 est,
1119 1903 1224 1936 inveni
1250 1911 1346 1942 nuper
1369 1901 1537 1943 quandam.
1582 1898 1699 1940 Atque
1725 1899 1774 1930 ita

314 1954 411 1985 Rem.
437 1954 537 1986 Idem.
582 1956 591 1970 ‘
613 1952 660 1982 De
680 1950 812 1991 fallacia
835 1949 948 1982 Dicis?
970 1949 1038 1980 hem
1053 1948 1157 1979 inveni
1173 1955 1270 1986 nuper
1285 1943 1453 1986 quandam]
1477 1943 1518 1974 In
1533 1942 1625 1973 nullo
1640 1942 1663 1973 l.
1681 1951 1707 1973 s.
1724 1941 1773 1972 in-

314 1997 413 2028 venio
431 1996 615 2028 dictionem
632 1995 712 2034 hem,
734 2003 810 2034 quae
827 1997 862 2023 et
877 1992 1000 2033 alioqui
1017 1992 1070 2021 hic
1087 1991 1205 2030 inepta
1219 1994 1282 2027 est,
1298 1992 1333 2019 et
1350 1987 1478 2018 nullum
1495 1994 1629 2016 sensum
1647 1983 1749 2015 habet
1764 1994 1772 2014 ε

314 2039 419 2080 aliqui
441 2040 518 2070 loco
534 2038 605 2079 ejus
621 2037 700 2067 nihil
718 2045 854 2076 prorsus
871 2035 999 2066 habent
1014 2045 1022 2065 t
1050 2033 1153 2074 aliqui
1170 2032 1230 2062 has
1249 2030 1332 2062 duas
1350 2039 1451 2061 voces
1466 2029 1592 2059 inventa
1607 2030 1665 2066 est,
1684 2025 1775 2067 quod

314 2088 406 2113 stare
421 2091 488 2113 non
501 2086 636 2123 potest:
654 2080 685 2110 in
700 2079 797 2110 Bem.
809 2083 846 2109 et
859 2078 932 2108 aliis
944 2077 1091 2118 antiquis
1106 2075 1232 2116 legitur
1242 2078 1300 2105 est.
1313 2072 1402 2114 qnod
1416 2081 1489 2103 cum
1504 2071 1558 2102 hic
1571 2070 1662 2101 nullo
1675 2069 1776 2100 modo

315 2126 502 2164 cohaereat,
516 2124 588 2154 sine
601 2122 706 2154 dubio
723 2125 922 2160 corruptum
940 2125 1116 2160 putamus:
1142 2122 1178 2149 et
1191 2127 1252 2158 pro
1269 2119 1325 2155 est,
1343 2114 1523 2155 legendum
1538 2117 1581 2153 st,
1602 2122 1678 2155 quae
1693 2118 1776 2143 nota

316 2174 370 2199 est
391 2167 574 2199 indicentis
598 2163 794 2196 silentium)
820 2164 879 2196 Fa.
920 2163 930 2180 ⁴
947 2163 999 2201 St,
1022 2161 1113 2203 quod
1135 2162 1195 2192 Fa.
1220 2169 1261 2191 ex
1279 2158 1478 2200 conjectura
1494 2156 1621 2197 posuit,
1636 2164 1775 2196 prorsus

315 2211 468 2250 ineptum
486 2214 549 2241 est.
595 2209 765 2241 Quorsum
781 2207 871 2238 enim
890 2205 1023 2236 silentio
1040 2214 1137 2245 opus,
1149 2213 1223 2234 cum
1241 2202 1303 2233 soli
1319 2201 1353 2232 in
1370 2210 1473 2232 scena
1488 2198 1580 2231 sint?
1610 2197 1776 2229 Meliores

317 2253 442 2295 quique
464 2252 602 2284 codices
619 2251 758 2289 habent,
772 2253 840 2286 est;
863 2258 929 2289 quo
946 2247 1085 2285 indicio,
1108 2251 1142 2278 et
1157 2246 1260 2277 istum
1277 2249 1312 2275 et
1329 2243 1475 2284 priorem
1491 2250 1625 2283 quoque
1643 2250 1775 2271 versum

317 2302 414 2327 certo
431 2295 565 2327 restitui
578 2305 586 2325 ε
614 2294 698 2329 Quid
713 2296 770 2324 tu?
792 2293 900 2332 ecquid
914 2292 951 2322 de
965 2292 1017 2322 illo
1032 2291 1110 2331 quod
1122 2290 1237 2320 dudum
1252 2291 1352 2318 tecum
1364 2286 1426 2326 egi,
1440 2285 1546 2325 egisti,
1562 2284 1666 2324 Syre?
1709 2283 1777 2314 Aut

317 2338 450 2377 esttibi,
472 2339 549 2378 quod
572 2338 704 2378 placeat,
724 2346 763 2366 an
780 2336 913 2365 nondum
925 2334 1041 2365 etiam?
1086 2333 1141 2363 De
1159 2330 1291 2370 fallacia
1313 2329 1427 2360 Dicis?
1450 2331 1514 2359 est.-
1534 2326 1640 2358 inveni
1655 2324 1775 2365 nuper!

320 2383 423 2413 Bent.
441 2382 450 2398 ‘
469 2381 572 2420 Vulg.
596 2379 700 2410 Dicis?
716 2382 779 2409 est.-
802 2377 925 2408 inveni:
948 2376 1006 2407 sed
1024 2384 1183 2416 quorsum
1201 2373 1351 2414 pertinet
1366 2370 1447 2402 illud
1461 2372 1527 2401 est?
1543 2368 1653 2400 codex
1668 2366 1714 2405 A,
1730 2368 1778 2398 iu-

319 2423 434 2456 venta!
450 2424 551 2455 Both.
568 2422 623 2463 qui
642 2422 719 2452 inde
737 2421 810 2459 dat,
825 2419 935 2451 Dicis?
959 2419 1019 2450 Est
1033 2420 1157 2450 inventa
1171 2427 1204 2448 n.
1218 2427 1247 2457 q.
1279 2413 1394 2447 Dicis?
1410 2416 1475 2444 est:
1490 2411 1667 2443 inveniBr.
1684 2410 1778 2441 Perl-

324 2465 440 2498 Dicis?
456 2470 502 2498 st:
528 2466 607 2506 Bip.
625 2465 663 2495 Z.
679 2463 807 2503 Delph.
830 2464 839 2481 ‘
860 2463 942 2493 Cedo
958 2462 1031 2502 quid
1045 2462 1079 2492 id
1093 2463 1150 2492 est.
1168 2460 1263 2490 Bem.
1281 2463 1316 2488 et
1332 2455 1485 2488 nonnulli
1500 2454 1556 2485 alii
1573 2463 1638 2485 non
1651 2452 1779 2484 habent

322 2510 526 2550 particulam
542 2509 576 2539 id
591 2507 650 2538 sed
668 2511 811 2547 utroque
828 2504 929 2536 modo
946 2509 1014 2536 stat
1031 2502 1170 2534 versus?
1195 2501 1254 2533 Fa.
1300 2501 1309 2517 ‘
1325 2500 1421 2531 Unus
1437 2502 1568 2530 tantum
1582 2506 1623 2527 ex
1641 2495 1780 2536 optimis

321 2553 458 2592 nostris,
472 2551 546 2591 quid
561 2549 630 2582 est?
654 2549 756 2580 Bent.
801 2548 887 2580 GM.
911 2548 970 2579 ΒΓ.
995 2547 1075 2586 Bip.
1099 2545 1226 2584 Delph.
1252 2543 1286 2574 id
1301 2542 1540 2573 Μύκοι-38.
1563 2541 1605 2570 39
1628 2538 1727 2570 Immo
1752 2538 1779 2568 si

321 2596 411 2626 scias.
472 2592 565 2626 Vah!
600 2593 681 2629 vide,
714 2591 793 2631 quod
821 2591 954 2630 inceptet
975 2589 1115 2627 facinus.
1169 2587 1274 2618 Varie
1302 2586 1376 2616 liaec
1405 2584 1525 2625 legunt
1554 2582 1779 2621 Interpretes.

324 2636 615 2669 Praestantissima
631 2634 810 2665 Librorum
826 2633 909 2664 Mss.
927 2636 962 2663 et
979 2632 1219 2673 impressorum
1248 2638 1324 2668 pars
1343 2627 1497 2664 exhibet,
1519 2629 1557 2656 ut
1572 2623 1676 2655 edidi.
1720 2623 1779 2654 Tr.

324 2681 423 2711 Immo
443 2680 497 2710 hoc
520 2680 589 2709 vide
605 2676 747 2716 sisoius,
774 2676 852 2717 quod
877 2676 1015 2716 inceptat
1034 2674 1174 2712 facinus.
1219 2672 1292 2703 Hoc
1318 2671 1387 2701 vide
1411 2669 1455 2701 G.
1482 2667 1552 2699 ET.
1569 2666 1650 2698 EM.
1678 2665 1780 2697 Wese.

324 2725 333 2739 ‘
353 2722 439 2753 Edd.
459 2726 542 2754 vett.
560 2725 596 2752 et
612 2719 766 2760 plerique
784 2718 890 2749 nostri
905 2717 977 2749 Hoc
991 2718 1073 2748 vide.
1110 2717 1189 2748 Pet.
1205 2719 1319 2746 tamen
1338 2713 1406 2745 Vah
1421 2712 1504 2750 vide,
1517 2713 1555 2741 ut
1570 2709 1631 2741 Fa.
1665 2707 1779 2749 Atque

325 2765 360 2795 id
378 2766 505 2807 placet.
551 2762 714 2803 Plerique
742 2760 848 2792 nostri
876 2761 1022 2801 inceptet,
1048 2768 1115 2790 non
1138 2759 1286 2798 inceptat.
1330 2753 1506 2786 Utrumvis
1532 2750 1661 2792 probe!
1683 2750 1781 2782 Bent.

326 2807 428 2839 Both.
445 2807 532 2848 legit
549 2806 646 2837 Immo
661 2805 689 2836 si
709 2804 801 2835 scias.
848 2802 918 2834 Cn.
947 2801 1041 2834 Vah!
1085 2802 1146 2833 SY.
1171 2801 1243 2832 Hoc
1263 2799 1345 2836 vide,
1370 2797 1450 2839 quod
1473 2796 1609 2835 inceptae
1624 2792 1781 2832 facinus!
