1966 3302
308 216 394 259 642
807 224 845 253 P.
876 219 1119 252 TEREN'rn
1153 220 1271 251 ΛΕΜ

312 326 400 370 CH.
433 323 558 377 Quid
578 322 672 366 ait'l
733 320 832 363 ΜΕ.
864 319 1071 363 Gaudere
1091 319 1207 362 adeo
1236 318 1388 374 coepit,
1424 317 1554 373 quasi
1583 316 1659 372 qui
1689 330 1766 359 cu-

484 394 614 447 piunt
633 391 827 445 nuptias,

314 461 403 503 Cn.
436 461 539 503 Ha!
574 459 656 501 ha!
687 459 767 500 he!
828 456 928 499 ΜΕ.
961 455 1084 507 Quid
1105 455 1279 498 risisti?
1342 454 1431 496 CH.
1463 452 1590 512 Servi
1609 464 1765 494 venere

485 530 529 570 in
547 531 737 569 mentem
757 526 857 581 Syri

315 597 609 640 CalliditateS.
669 595 766 636 ΜΕ.
798 594 958 636 Itane'l
1019 591 1108 635 CH.
1139 592 1304 634 Voltus
1339 602 1517 644 quoque
1545 588 1767 630 hominum

488 664 614 717 fingit
637 664 800 704 scelus.

317 734 414 777 ΜΕ.
449 733 622 775 Gnatus
643 730 764 786 quod
785 743 831 771 se
852 729 1084 772 assimulat
1103 728 1272 779 laetum,
1303 727 1350 768 id
1372 726 1518 768 dicis?
1579 724 1666 766 CH.
1700 724 1768 767 ld.

491 801 590 843 ME.
623 800 753 841 Idem
774 799 892 839 istuc
912 798 1019 838 mihi
1715 793 1771 834 15

316 871 456 914 Venit
476 869 522 911 in
540 871 743 910 mentem.
803 866 893 908 CH.
924 864 1179 907 Veterator!
1241 863 1339 904 ΜΕ.
1370 861 1535 916 Magis,
1567 863 1606 903 si
1630 861 1770 915 magis

491 937 626 986 noris,
647 939 794 990 putes,

319 1010 394 1052 Ita
413 1020 503 1048 rem
525 1018 638 1047 esse.
690 1003 780 1045 CH.
811 1000 915 1043 Ain'
936 1002 1015 1043 tu?
1072 1000 1168 1041 ΜΕ.
1201 998 1323 1050 Quin
1342 1004 1389 1041 tu
1410 998 1628 1040 ausculta.
1679 997 1770 1039 CH.

493 1074 643 1116 Mane.
705 1072 809 1113 Hoc
828 1070 951 1125 prius
974 1070 1088 1112 scire
1106 1073 1288 1122 expeto,

267 1192 281 1207 ι
322 1145 441 1198 Quid
463 1141 706 1198 perdideris
724 1153 734 1182 :
764 1152 867 1181 nam
887 1139 966 1180 ubi
988 1138 1256 1192 desponsam
1274 1136 1484 1178 nuntiasti
1505 1135 1617 1186 filio,

322 1213 538 1255 Continuo
562 1209 771 1263 injecisse
793 1208 927 1249 verba
947 1207 1028 1248 tibi
1049 1206 1334 1254 Dromonem,
1355 1204 1528 1246 scilicet

322 1283 514 1336 Sponsae
546 1282 730 1326 vestem,
759 1288 929 1326 aurum,
961 1278 1096 1328 atque
1127 1272 1312 1314 ancillas
1340 1285 1454 1326 opus
1476 1284 1594 1323 esse,
1625 1284 1776 1326 argen-

493 1355 585 1390 tum
606 1348 653 1387 ut
671 1344 817 1386 dares,
1721 1339 1778 1381 20

321 1494 371 1536 pit
388 1495 504 1533 imeri,
517 1497 665 1535 tanquam
679 1492 726 1524 illi
741 1493 794 1533 qui
808 1493 912 1524 volunt
931 1492 1039 1533 cupide
1055 1499 1183 1522 uxorem
1197 1490 1318 1522 habere.
1365 1489 1433 1521 CH.
1457 1488 1526 1525 Ha,
1544 1487 1596 1527 ha,
1612 1487 1660 1518 he.
1704 1485 1777 1517 ΜΕ.

327 1538 414 1574 Quid
427 1538 551 1569 risisti?
596 1535 818 1568 Cn.Ast11tioe
835 1536 910 1577 Syri
924 1538 1072 1566 venerunt
1095 1533 1174 1565 mihi
1197 1534 1230 1564 in
1254 1533 1442 1564 memoriam.
1487 1532 1562 1562 ΜΕ.
1593 1531 1684 1561 Itane
1708 1530 1780 1559 est?

326 1582 395 1613 CH.
426 1582 530 1612 Etiam
547 1581 692 1612 scelestus
710 1580 764 1610 ille
781 1579 903 1618 forrnot
919 1582 950 1609 et
965 1579 1051 1609 docet
1067 1577 1203 1608 homines
1217 1577 1317 1607 vultus
1331 1584 1507 1615 componere
1521 1575 1561 1604 ad
1574 1573 1781 1606 simulandum

325 1624 489 1665 quemlihet
515 1624 665 1655 habitum.
710 1623 783 1654 ΜΕ.
806 1623 859 1654 An
883 1623 937 1652 hoc
961 1622 1019 1659 ais,
1039 1623 1200 1661 propterea
1224 1621 1303 1660 quod
1319 1619 1411 1660 filius
1434 1617 1540 1648 Clinia
1552 1616 1653 1658 fingit
1668 1625 1700 1646 se
1715 1623 1780 1646 esse

325 1665 460 1699 loetum?
502 1668 573 1699 CH.
595 1666 730 1697 Scilicet.
775 1665 849 1696 ME.
875 1665 1021 1704 Ejusdem
1035 1664 1082 1694 rei
1097 1663 1230 1694 memini.
1277 1663 1345 1694 CH.
1370 1662 1470 1703 Syrus
1491 1663 1538 1691 est
1563 1663 1726 1690 veteranus
1747 1657 1781 1688 in

326 1711 444 1742 astutia
467 1713 496 1741 et
512 1709 666 1747 fallaciis.
711 1709 784 1740 ΜΕ.
810 1709 920 1747 Magis
935 1708 968 1738 id
983 1717 1087 1738 verum
1099 1715 1177 1743 esse,
1192 1706 1221 1736 si
1231 1715 1299 1736 eum
1309 1705 1410 1744 magis
1425 1712 1600 1743 cognoscas,
1612 1700 1782 1733 existimes.

329 1753 398 1785 CH.
424 1753 514 1784 Itane
536 1756 594 1792 est,
619 1756 654 1783 ut
677 1751 778 1783 dicis?
822 1752 896 1782 ΜΕ.
923 1751 1007 1786 Quin
1032 1753 1066 1781 tu
1093 1749 1244 1780 ausculta.
1291 1749 1361 1780 CH.
1387 1748 1471 1779 Siste
1494 1746 1669 1787 paululum
1693 1743 1782 1784 prius

326 1797 435 1828 audire
447 1796 534 1837 cupio
546 1797 620 1836 quid
631 1795 804 1836 perdideris
819 1804 873 1835 per
887 1793 952 1831 ejus
962 1793 1102 1824 technam
1115 1795 1145 1823 et
1151 1791 1334 1830 fallaciam:
1357 1801 1442 1830 nam,
1457 1794 1617 1830 postquam
1630 1786 1784 1818 nuntiasti

318 1840 394 1881 filio
409 1839 571 1880 tuofiliam
591 1848 688 1869 meum
705 1838 900 1878 Antiphilam
915 1837 966 1868 illi
982 1837 1014 1867 in
1030 1845 1157 1867 uxorem
1180 1845 1198 1866 a
1224 1844 1269 1865 me
1290 1834 1483 1874 promissam,
1506 1841 1604 1863 nonne
1618 1840 1723 1861 verum
1739 1832 1785 1860 est

327 1882 516 1914 Dromonem
533 1882 649 1913 dixisse
664 1881 722 1912 tibi
736 1882 818 1912 illico
834 1890 954 1912 necesse
978 1889 1053 1917 esse,
1073 1882 1108 1909 ut
1134 1879 1223 1909 dares
1248 1887 1366 1918 sponsoe
1387 1877 1454 1918 filii
1476 1875 1668 1912 vestimentu,
1693 1882 1782 1903 orna-

328 1929 432 1957 menta
452 1936 556 1967 aurea,
575 1925 783 1966 pedissequas,
801 1933 914 1963 servos,
937 1925 1121 1962 argentum?
1167 1921 1240 1952 ΜΕ.
1274 1920 1366 1951 Nihil
1388 1919 1467 1951 mihi
1492 1919 1653 1961 quicquam
1676 1916 1785 1946 horum

938 2030 975 2041 θ’
981 2027 1176 2041 coeeoeeeee

334 2122 483 2152 Br.-12
506 2120 575 2151 Ms.
601 2119 692 2159 Lips.
719 2118 763 2150 G.
790 2121 824 2148 et
850 2115 973 2148 Boend.
999 2125 1074 2147 cum
1103 2113 1177 2146 EA.
1203 2113 1272 2145 ET.
1294 2112 1375 2144 EM.
1399 2112 1525 2154 occepit.
1570 2110 1643 2142 ΕΡ.
1667 2109 1787 2151 occipit.

332 2164 443 2194 West.
491 2162 677 2193 Veterrimi
692 2171 734 2192 ex
752 2159 889 2199 nostris,
905 2160 979 2190 adeo
994 2158 1118 2199 occepit.
1146 2159 1248 2188 Bent.
1294 2156 1349 2187 Ita
1365 2156 1465 2187 Both.
1503 2155 1613 2195 Occep.
1628 2152 1744 2185 Guelf.
1757 2156 1788 2185 3.

332 2206 421 2237 Ibid.
445 2206 714 2247 concipiunt.-—l3
739 2204 828 2235 Risti
854 2213 914 2242 pro
941 2202 1042 2233 risisti
1069 2199 1184 2232 Guelf.
1212 2201 1327 2231 1.-14
1350 2199 1402 2230 Μ.
1424 2198 1551 2230 homini.
1596 2196 1790 2236 Distinguit

332 2249 519 2290 Bnfingit.
565 2248 768 2279 Scelus—15
794 2245 849 2285 Id]
872 2246 952 2277 Par.
979 2254 1041 2285 pro
1065 2254 1131 2275 var.
1157 2244 1250 2274 idem.
1296 2241 1373 2273 Nisi
1397 2241 1619 2282 anticipatum
1641 2239 1685 2270 sit
1707 2239 1790 2270 idem

334 2293 424 2334 quod
443 2292 604 2333 sequitur.
626 2291 715 2322 Perl.
753 2287 870 2321 Guelf.
889 2291 919 2320 1.
932 2288 1053 2327 itidem,
1069 2297 1131 2326 pro
1146 2287 1237 2318 idem.
1282 2285 1338 2316 Ita
1354 2290 1388 2316 et
1403 2285 1551 2315 Br.-16
1569 2283 1667 2313 Putas
1681 2281 1790 2314 Idem.

335 2339 374 2367 17
400 2335 484 2366 Mss.
501 2341 536 2366 et
553 2334 637 2365 editi
662 2332 798 2374 quidam
816 2337 964 2370 veteres,
984 2333 1129 2371 expecto:
1153 2330 1211 2360 sed
1230 2333 1351 2360 contra
1366 2333 1524 2359 metrum.
1554 2326 1654 2358 West.
1699 2325 1791 2365 Lege

335 2379 522 2409 Manedum:
548 2377 673 2417 alioqui
700 2375 872 2407 claudicat
901 2383 1026 2405 versuS.
1073 2374 1172 2412 Saepe
1200 2372 1352 2403 occurrit
1377 2370 1467 2411 apud
1496 2369 1670 2400 Plautum.
1693 2367 1791 2400 Bent.

335 2421 394 2453 Ita
411 2426 446 2452 et
465 2420 555 2451 Perl.
601 2419 702 2450 Both.
724 2419 818 2449 Mane
830 2429 840 2449 .·
861 2417 949 2458 prius
963 2416 1043 2448 scire
1058 2417 1266 2456 expeto—18
1290 2413 1367 2445 Vet.
1382 2413 1459 2445 cod.
1479 2422 1534 2453 ap.
1551 2411 1649 2444 Lind.
1665 2411 1793 2452 despon-

336 2468 449 2495 satam.
498 2464 599 2500 Credo
625 2466 701 2502 post
725 2462 903 2502 desponsam
927 2458 1044 2491 Guelf.
1061 2461 1179 2490 3.-20
1203 2457 1244 2489 In
1261 2457 1346 2488 Mss.
1365 2456 1564 2497 quibusdam
1581 2454 1794 2485 desideratur

336 2507 374 2538 τὸ
389 2511 492 2547 atque.
537 2505 604 2537 Sed
621 2510 657 2536 et
672 2505 705 2535 in
725 2505 798 2535 EA.
814 2510 849 2534 et
867 2503 938 2534 ΕΡ.
954 2512 1017 2544 qua
1034 2501 1204 2542 particula
1220 2502 1343 2531 omissa
1360 2508 1476 2531 versus
1490 2497 1673 2529 claudicat.
1690 2496 1793 2529 West.

338 2551 437 2582 Bem.
465 2554 501 2580 et
529 2549 585 2579 alii
610 2547 740 2588 antiqui
764 2546 837 2578 fere
860 2555 986 2585 omnes,
1007 2549 1098 2585 atque
1112 2544 1261 2580 ancillas‚-
1284 2544 1333 2574 ita
1348 2543 1451 2574 etiam
1470 2551 1567 2572 versu
1583 2540 1793 2581 requirente.

340 2592 496 2625 Fuiirnus.
543 2592 638 2622 Unus
655 2595 820 2621 tantume
837 2589 974 2629 nostris,
1003 2593 1038 2619 et
1066 2588 1093 2618 is
1121 2587 1308 2625 recentior,
1335 2585 1437 2616 habet
1463 2588 1565 2625 atque.
1612 2583 1747 2623 Nempe
1776 2591 1796 2613 a

341 2634 602 2666 Correctoribus
632 2633 740 2671 venit,
766 2633 807 2663 ad
826 2641 959 2663 versum
975 2629 1255 2662 sustentandum:
1283 2628 1464 2659 sententiae
1482 2627 1568 2658 euim
1585 2631 1701 2666 nocet,
1717 2634 1794 2667 quae

340 2679 462 2709 melius
494 2687 555 2717 per
588 2675 765 2717 Asyndeta
793 2675 956 2706 decurrit.
1010 2673 1100 2705 Illud
1132 2681 1264 2713 quoque
1292 2672 1507 2702 invenustum
1536 2679 1683 2710 prorsus,
1706 2667 1796 2709 quod

341 2723 351 2739 ‘
369 2731 487 2752 aurum
500 2720 508 2733 '
533 2720 604 2750 sine
621 2724 762 2750 accentu
781 2718 839 2757 sit,
861 2715 997 2758 ‘atque’
1019 2717 1052 2747 in
1071 2716 1152 2748 ictu.
1197 2715 1338 2746 Inverso
1355 2714 1476 2746 ordine
1493 2712 1630 2753 scripsit
1643 2711 1796 2744 Auctor:

343 2764 379 2795 S.
398 2774 519 2800 aurum,
547 2773 576 2794 υ.
599 2761 728 2793 ancillas
748 2771 820 2802 opus
841 2770 867 2790 e.
882 2771 912 2791 α.
931 2770 958 2791 ιι.
975 2760 1006 2790 d.
1025 2760 1128 2791 Bent.
1177 2757 1286 2790 Abest
1301 2762 1390 2797 atque
1406 2757 1530 2788 nosti-is
1547 2760 1583 2786 et
1599 2754 1798 2795 antiquiori·

343 2807 406 2839 bus
422 2806 588 2838 omnibns.
634 2805 674 2845 C,
690 2807 798 2835 vestes.
844 2803 943 2834 Both.
962 2802 1017 2843 qui
1035 2802 1118 2842 legit
1133 2801 1170 2833 S.
1184 2804 1294 2841 vestes,
1309 2810 1430 2838 aurion,
1447 2799 1575 2830 ancillas
1589 2807 1617 2830 ο.
1632 2808 1658 2829 e.
1675 2808 1704 2829 α.
1718 2807 1749 2828 u.
1765 2797 1797 2831 d.
