1966 3302
293 227 379 270 636
733 240 741 253 ‚
788 235 828 264 P.
860 233 1100 265 TERENTH
1136 234 1250 265 Annl

296 332 435 373 Porro
454 330 551 372 haec
570 329 735 371 talenta
756 329 876 370 dotis
898 333 1153 383 apposcunt
1172 329 1272 370 duo.
1691 325 1747 368 10

296 398 446 450 Quam
467 398 606 439 multa
624 398 789 451 injusta
809 409 861 438 ac
883 410 1024 450 prava
1044 396 1149 438 fiunt
1170 396 1388 438 moribus!

295 466 409 507 Mihi
429 479 561 515 nunc,
582 465 749 506 relictis
771 466 916 515 rebus,
937 464 1232 506 inveniendus
1253 467 1320 504 est

295 534 492 588 Aliquis,
511 534 662 575 labore
677 533 857 574 inventa
878 533 1071 581 meaeui
1092 532 1190 574 dem
1211 532 1347 573 bona.

295 656 473 683 ornamenta
487 652 644 692 requirent
659 651 719 681 sibi
734 650 865 690 adjungi
877 651 937 682 duo
951 650 1069 682 talenta
1083 659 1140 690 pro
1155 651 1236 681 dote.
1283 649 1385 684 Quam
1399 648 1496 678 multa
1510 647 1618 688 iniqua
1631 650 1661 679 et
1676 656 1746 686 per-

294 704 382 725 versa
393 695 496 736 fiunt,
512 695 560 725 his
572 694 726 734 corruptis
740 694 886 733 temporis
898 692 1045 732 moribus,
1062 695 1096 723 ut
1111 692 1202 723 nimii
1215 695 1246 723 et
1259 691 1475 732 supervacanei
1488 694 1607 721 sumtus
1622 690 1656 721 in
1672 689 1746 720 libe-

295 737 340 767 ris
354 741 384 768 et
400 738 563 768 educandis
575 741 605 768 et
622 735 886 778 elocandisfiant!
920 735 1048 775 Aliquis
1062 738 1107 766 est
1120 745 1200 766 nunc
1214 734 1413 776 reperiendus
1427 733 1505 764 milei
1519 742 1644 773 sponsus
1649 731 1749 775 filie,

295 780 434 811 omnibus
449 780 520 811 aliis
534 779 669 821 negotiis
679 779 911 821 praetermissz'S,
932 778 983 810 cui.
996 779 1064 809 dem
1084 777 1163 809 bona
1178 785 1244 810 mea
1258 780 1350 818 parta
1362 777 1498 817 corporis
1511 785 1603 817 opera
1617 779 1649 807 et
1663 784 1747 807 men-

298 822 339 853 tis
354 822 520 854 industria.

903 871 1140 885 eeeeeeeeeeee

299 938 552 971 Ornamentaibi
568 940 670 980 legit3
694 944 731 971 ut
747 944 782 971 et
797 939 852 972 liic
867 937 1071 979 legendnm?
1097 938 1191 970 Bent.
1240 938 1329 974 Quas
1353 935 1544 968 ornamentis
1568 935 1630 968 ΒΓ.
1676 933 1747 966 Nu·

296 983 453 1014 trimentis
478 982 596 1014 Guelf.
622 985 720 1014 2.—9
743 983 793 1015 Μ.
820 982 942 1015 Boend.
966 987 1002 1013 et
1028 980 1101 1013 EA.
1120 991 1177 1022 pro
1204 981 1401 1012 ornamentis.
1444 980 1554 1011 Tanto
1578 978 1687 1009 minus
1710 976 1748 1008 τὸ

297 1026 488 1056 ornamentis
516 1025 753 1056 solicitandnm
779 1025 860 1056 mihi
889 1024 1037 1063 videtur,
1059 1024 1149 1064 quod
1178 1028 1308 1064 praeter
1327 1025 1336 1040 ‘
1354 1021 1536 1054 alimenta’
1558 1026 1594 1053 et
1617 1020 1749 1059 dotem,

297 1069 401 1099 etiam
425 1072 434 1085 ‘
451 1068 669 1099 ornamenta'
693 1068 954 1109 requirebantur
969 1067 1011 1098 ad
1027 1067 1130 1098 filiam
1147 1076 1190 1098 ex
1205 1067 1348 1097 honesta
1366 1064 1493 1097 familia
1508 1069 1628 1096 ortam.
1650 1063 1751 1096 Wesoe.

298 1111 374 1143 GC.
397 1111 575 1143 alimentis.-
610 1111 690 1142 ibid.
723 1111 757 1141 in
786 1120 890 1152 marg.
919 1120 980 1151 pro
1010 1120 1081 1142 var.
1111 1109 1310 1141 ornamentis.
1333 1109 1427 1139 Perl.
1471 1108 1538 1139 Pro
1562 1105 1752 1138 ornamentis

298 1154 415 1186 Guelf.
429 1157 545 1185 2.—10
568 1155 747 1195 Apposcunt
763 1155 832 1185 duo.
875 1154 932 1185 Sic
947 1153 1007 1185 Fa.
1024 1162 1067 1184 ex
1083 1153 1180 1184 Bem.
1198 1152 1306 1183 nostri
1322 1160 1439 1182 omnes
1459 1153 1632 1192 opposcent.
1669 1149 1750 1179 Sive

297 1202 412 1228 autem
427 1201 610 1237 umescunt,
636 1197 706 1228 sive
732 1200 895 1238 apposcent
911 1195 1056 1237 legeris;
1081 1204 1206 1237 quaero,
1231 1204 1385 1235 quaenam
1406 1193 1475 1225 sint
1498 1194 1563 1225 ista
1583 1193 1649 1224 haec
1674 1200 1751 1233 quae

298 1240 362 1272 hoc
377 1241 587 1281 apposcant?
631 1239 722 1281 Guy.
743 1241 792 1271 hae
807 1240 904 1280 legit,
930 1245 965 1271 et
990 1237 1139 1269 ‘minas'
1166 1238 1345 1278 intelligit:
1369 1237 1424 1278 (et
1447 1237 1496 1268 sic
1523 1244 1606 1268 sane
1634 1233 1753 1275 CCC.)

299 1283 353 1314 cui
371 1283 570 1314 acceditvir
585 1282 722 1322 doctus,
745 1283 800 1324 qui
816 1283 880 1314 haec
895 1281 1058 1314 feminino
1083 1290 1208 1321 genere
1235 1280 1376 1321 accipit,
1399 1284 1437 1310 ut
1462 1279 1550 1311 Eun.
1567 1280 1678 1309 ιιι.,5.
1694 1278 1752 1308 34.

298 1332 334 1358 et
345 1326 437 1359 alibi.
482 1327 666 1357 Enimvero
683 1325 915 1366 reponendum
932 1329 987 1356 est
1003 1325 1044 1356 P.
1063 1325 1128 1355 haec
1143 1327 1166 1356 t.
1194 1325 1224 1354 d.
1247 1326 1388 1364 apposcet
1401 1323 1470 1353 duo.
1515 1322 1525 1339 ‘
1540 1318 1652 1359 Haec,’
1674 1326 1754 1351 mea

296 1368 447 1410 filiajam
464 1376 614 1409 reperta,
635 1369 699 1399 hoc·
713 1369 802 1400 dotis
818 1373 996 1409 apposcet.
1020 1368 1117 1399 Bene.
1162 1367 1245 1398 Mss.
1269 1365 1403 1407 quidam
1428 1370 1464 1396 et
1491 1365 1563 1396 ΕΡ.
1584 1363 1653 1395 ΕΤ.
1670 1362 1751 1394 ΕΜ.

297 1415 470 1452 apposcent.
493 1413 601 1443 West.
646 1412 655 1428 ‘
674 1412 775 1452 Vulg.
791 1415 968 1451 apposcunt.
993 1409 1093 1442 codd.
1108 1409 1182 1441 fere
1198 1412 1371 1450 apposcent,
1391 1408 1478 1439 solus
1496 1407 1576 1439 Hel.
1600 1409 1754 1447 apposcet,

300 1462 336 1486 ut
353 1455 456 1486 Bent.
473 1455 729 1496 reponijussit:
747 1455 840 1485 Both.
856 1455 914 1495 qui
931 1454 1035 1494 igitur
1050 1456 1188 1493 apposcet
1205 1453 1275 1484 dat.
1320 1452 1329 1468 ⁴
1345 1451 1465 1483 Nullus
1483 1450 1516 1480 in
1533 1449 1669 1490 vulgata
1684 1448 1754 1479 lec-

299 1498 392 1529 tione
420 1507 538 1528 sensus
565 1504 629 1536 est,
651 1503 689 1528 ut
715 1507 756 1528 eo
783 1496 917 1528 facilius
938 1496 1152 1527 admittenda
1179 1494 1336 1526 videatur
1362 1493 1510 1524 Bentleii
1539 1490 1757 1523 emendatio?

300 1540 342 1571 R.
358 1541 404 1572 D.
447 1540 593 1572 Bentleii
611 1540 793 1571 lectionem
810 1539 933 1580 probat
949 1539 1128 1570 Peli—11
1154 1538 1244 1578 Guy.
1261 1536 1493 1577 Eugraphinm
1510 1535 1634 1575 legisse
1655 1540 1754 1565 autu-

300 1588 390 1614 mat:
417 1584 519 1619 Quom
534 1584 632 1614 multa
637 1583 727 1622 justa
742 1582 949 1625 injustafiunt
965 1582 1110 1613 moribus.
1157 1580 1256 1614 Quod
1283 1585 1318 1611 et
1334 1579 1377 1611 G.
1392 1579 1430 1610 F.
1447 1577 1613 1609 defendit.
1658 1576 1754 1607 Reti—

301 1626 423 1657 nendae
451 1631 565 1658 autem
588 1627 732 1665 vulgatae
760 1625 897 1657 lectioni
922 1630 1023 1666 aptus
1049 1624 1185 1656 videtur
1209 1624 1301 1654 locus
1328 1621 1457 1660 Plauti,
1485 1619 1596 1652 Stich.
1624 1628 1658 1651 v.
1679 1622 1709 1651 1.
1726 1622 1756 1651 l.

300 1672 309 1686 ‘
326 1670 422 1700 More
440 1669 502 1701 lioc
517 1669 568 1707 fit,
585 1674 686 1710 atque
701 1669 816 1708 stulte,
843 1678 919 1700 mea
934 1666 1126 1699 sententia.’
1172 1666 1233 1697 Uti
1249 1666 1338 1697 enim
1361 1665 1518 1702 Plautus,
1541 1668 1549 1681 ‘
1569 1662 1644 1694 Hoc
1660 1671 1754 1693 more

301 1712 351 1748 fit,
375 1717 479 1753 atque
503 1712 634 1752 stulte,’
657 1713 706 1743 ita
732 1711 923 1748 Terentius,
946 1712 956 1729 ‘
974 1711 1087 1742 Multa
1112 1709 1197 1740 fiunt
1224 1708 1385 1746 moribus,
1408 1707 1536 1748 injusta
1561 1715 1601 1737 ac
1627 1703 1755 1745 prava!

303 1756 406 1787 Certe
420 1755 510 1786 enim
527 1755 653 1796 injusta
665 1764 739 1796 quae
755 1759 846 1793 sunt,
868 1754 1017 1785 moribus
1031 1762 1199 1792 nunquam
1214 1751 1412 1792 fientjusta.
1455 1750 1504 1781 Ut
1518 1748 1603 1779 adeo
1619 1747 1756 1779 minime

302 1807 388 1839 opus
404 1798 461 1836 sit,
484 1808 560 1829 cum
578 1798 664 1829 Dac.
681 1799 815 1837 legere:
841 1797 943 1833 Quam
958 1798 1054 1827 multa
1068 1795 1184 1834 injusta
1208 1805 1243 1825 ac
1264 1804 1375 1835 prava,
1389 1793 1480 1832 justa
1495 1791 1584 1833 fiunt
1608 1790 1755 1822 moribus.

305 1841 426 1881 Neque
444 1850 519 1871 cnm
535 1841 647 1882 priore
664 1840 743 1871 Aldi
760 1839 931 1871 editione:
959 1841 1061 1876 Quam
1074 1837 1402 1879 multajustarinjusta
1415 1845 1451 1866 ac
1471 1844 1568 1875 prava
1580 1833 1668 1874 fiunt
1691 1842 1756 1864 mo·

300 1884 399 1915 ribus.
422 1884 531 1916 West.
578 1884 680 1920 Quam
694 1893 735 1914 m.
751 1883 774 1914 i.
789 1893 825 1914 ac
837 1882 910 1923 μί.
925 1893 966 1914 m.
1009 1882 1068 1913 Sic
1081 1880 1177 1912 dedit
1197 1880 1257 1912 Fa.
1280 1879 1329 1910 sic
1356 1887 1472 1910 omnes
1499 1876 1618 1908 nostri.
1665 1876 1756 1915 Lege

304 1933 420 1958 tamen
436 1930 472 1957 et
490 1926 659 1967 distingue
678 1926 781 1962 Quam
795 1927 902 1961 multa,
916 1925 1008 1963 justa
1022 1925 1148 1965 injusta,
1161 1923 1192 1962 f.
1209 1933 1250 1954 m.
1295 1922 1353 1953 Sic
1370 1922 1470 1962 plane
1491 1921 1577 1959 Eug.
1593 1924 1630 1951 et
1645 1918 1693 1950 sic
1709 1918 1755 1951 G.

304 1970 342 2001 F.
360 1979 402 2000 ex
427 1970 628 2010 conjectura
652 1968 759 2009 dedit,
781 1968 947 2009 probante
962 1968 1053 2009 Guy.
1077 1968 1174 1998 Bent.
1220 1966 1399 1997 Meliorem
1423 1963 1520 2005 hujus
1550 1962 1613 1993 loci
1638 1961 1758 1993 lectio-

304 2022 382 2043 nem
400 2013 616 2044 conservavit
630 2013 717 2052 Eng.
733 2016 768 2043 et
785 2021 828 2042 ex
844 2021 883 2042 eo
900 2011 1126 2042 restituerunt
1138 2009 1199 2040 viri
1215 2007 1402 2040 doctissimi
1420 2007 1461 2042 Q.
1482 2006 1579 2037 multa
1595 2005 1686 2045 justa
1709 2004 1758 2035 in·

297 2055 426 2094 justas.
442 2065 482 2086 m.
507 2055 548 2086 R.
566 2056 609 2088 D.
644 2055 699 2086 Ita
714 2059 751 2086 et
766 2053 825 2085 dat
841 2054 1031 2086 Boin—12
1054 2053 1094 2084 In
1110 2052 1183 2084 aliis
1200 2057 1264 2090 est,
1277 2050 1394 2082 relictis
1409 2048 1643 2080 omnibus.-—13
1660 2047 1756 2078 Unus

306 2108 349 2128 ex
367 2099 488 2128 nostris
506 2108 586 2129 meo.-
609 2097 699 2139 quod
717 2098 768 2128 vir
789 2097 942 2128 eruditus
967 2096 1078 2127 nescit
1102 2106 1143 2127 an
1171 2095 1283 2126 verius
1308 2094 1372 2132 sit;
1396 2098 1435 2124 ut
1447 2090 1594 2131 Adelph.
1609 2099 1645 2121 v.
1658 2092 1690 2121 4.
1705 2091 1758 2121 21.

303 2141 312 2157 ‘
331 2141 395 2171 Eos
410 2150 485 2172 meo
500 2142 617 2171 labore
633 2139 801 2171 eductos)
846 2139 923 2171 Non
952 2139 1102 2170 accedo:
1124 2138 1174 2169 sic
1199 2139 1287 2168 enim
1303 2136 1456 2167 ‘labore’
1481 2133 1646 2170 absolute,
1668 2131 1759 2163 infra

307 2192 340 2215 v.
357 2187 387 2214 4.
404 2186 455 2215 17.
477 2184 486 2199 ⁴
502 2184 549 2214 Ut
564 2193 689 2223 serves,
712 2182 802 2224 quod
820 2182 936 2214 labore
953 2181 1144 2213 invenerit!
1168 2185 1204 2212 et
1221 2190 1256 2212 v.
1272 2184 1304 2212 5.
1320 2182 1353 2211 6.
1376 2180 1386 2197 ‘
1400 2179 1481 2210 Mea
1506 2177 1594 2209 bona
1617 2180 1654 2207 ut
1679 2174 1757 2206 dem

309 2226 472 2257 Bacchidi
489 2226 578 2257 dono
593 2225 726 2257 sciens)
747 2226 842 2257 Bent.

656 2490 859 2533 ACTUS
894 2489 976 2532 lv.
1029 2486 1236 2531 SCENA
1267 2487 1407 2529 vm.
1469 2461 1473 2465 ’

729 2620 1058 2651 MENEDEMUS.
1091 2617 1341 2649 CHREMES.

313 2693 409 2734 ΜΕ.
441 2691 625 2733 Mumo
648 2689 840 2730 omnium
862 2701 976 2729 nunc
996 2701 1064 2729 me
1083 2685 1479 2729 fortunatissimum

355 2793 430 2825 Mn.
454 2791 505 2823 Mi
520 2791 588 2833 fili,
611 2789 756 2822 existimo
779 2796 827 2819 me
844 2786 968 2825 sactum
994 2796 1058 2818 esse
1080 2787 1176 2818 multo
1195 2783 1417 2824 felicissimum
1442 2782 1589 2820 omnium,
1605 2780 1658 2822 qui
1683 2790 1763 2812 nunc
