1966 3302
338 237 423 280 972
836 248 877 278 P.
908 245 1147 276 ‘rEREN'rn
1182 245 1297 277 Arm

339 344 473 385 PHAE.
496 342 557 385 At
576 356 691 385 nunc
714 343 875 393 dicam,
894 342 1012 396 quod
1032 341 1233 383 lubenter
1253 340 1424 381 audias.
1464 340 1554 381 Dc.
1576 340 1788 394 Loquere,

511 411 662 453 audio.

338 479 472 520 PHAE.
506 479 692 533 Nequeo
719 483 762 519 te
800 489 999 527 exorare,
1033 481 1082 518 ut
1115 489 1297 518 maneas
1328 476 1518 517 triduum
1550 475 1667 517 hoc?
1699 487 1787 529 quo

511 560 627 588 nunc
651 547 783 587 abis?

340 616 430 656 Do.
464 614 678 664 Mirabar,
700 615 738 655 si
760 618 804 655 tu
826 614 934 654 mihi
957 614 1196 666 quicquam
1221 612 1396 653 afferres
1417 613 1534 653 novi.
1764 612 1792 652 5

339 681 433 723 AN.
466 682 582 724 Hei!
615 687 759 723 metuo
792 682 1008 732 lenonem,
1041 694 1095 721 ne
1117 680 1222 734 quid
1245 693 1327 721 suo
1349 683 1448 721 suat
1479 678 1641 733 capiti!
1702 676 1792 720 GE.

513 750 641 791 Idem
661 764 743 803 ego
766 754 927 790 metuo.

340 815 476 859 PHAE.
500 818 604 860 Non
625 819 730 860 mihi
752 819 929 860 credis?
984 819 1074 859 Do.
1097 817 1347 859 Hariolare.
1396 816 1530 858 PHAE.
1563 813 1640 855 Sin
1660 813 1792 854 fidem

513 886 585 927 do.
645 887 737 928 Do.
770 886 975 927 Fabulae!

340 955 476 997 PHAE.
492 955 775 998 Foeneratum
796 956 911 997 istuc
934 954 1192 996 beneficium
1215 953 1295 994 tibi
1316 952 1499 1007 pulchre
1523 950 1658 992 dices.
1703 949 1792 990 Do.

513 1023 578 1064 Lo
609 1024 648 1065 i!

338 1089 479 1132 PHAE.
512 1038 653 1132 Cregde
673 1092 794 1141 mihi,
823 1089 1038 1144 gaudebis
1058 1088 1202 1130 facto:
1234 1100 1384 1129 verum
1415 1088 1557 1129 hercle
1591 1086 1676 1127 hoc
1711 1087 1793 1126 est.

514 1159 604 1200 Do.
637 1159 843 1202 Somnia!

340 1280 401 1310 tita
413 1279 534 1311 audire.
577 1280 649 1312 ΡΗ.
672 1281 718 1312 At
733 1291 812 1312 nunc
826 1280 938 1318 dicam,
950 1279 1031 1319 qnod
1043 1278 1101 1309 tibi
1116 1278 1258 1309 audienti
1265 1277 1439 1316 jucundum
1450 1276 1506 1308 sit.
1550 1277 1622 1308 Do.
1644 1275 1803 1315 Loquere,

339 1322 442 1354 audio.
489 1323 560 1355 PH.
585 1326 638 1355 An
661 1334 721 1355 non
742 1334 866 1364 possam
887 1322 1031 1362 precibus
1054 1332 1072 1353 a
1098 1325 1127 1352 te
1150 1321 1328 1361 impetrare,
1348 1324 1382 1351 ut
1399 1323 1539 1361 expectes
1553 1321 1607 1351 hos
1623 1322 1688 1350 tres
1710 1317 1798 1349 aies?

340 1367 413 1396 DE.
435 1365 478 1396 M
478 1366 558 1397 irum
571 1370 651 1406 erat,
667 1367 694 1397 si
710 1370 743 1398 tu
758 1367 835 1398 mila·
845 1366 1007 1406 quicquam
1021 1364 1093 1395 novi
1108 1365 1256 1395 sermonis
1267 1373 1461 1404 proponeres.
1508 1363 1577 1394 AN.
1602 1361 1680 1400 Hei,
1693 1369 1799 1392 vereor

340 1419 379 1440 ne
395 1409 461 1440 leno
476 1411 593 1449 aliquid
609 1411 682 1441 malz·
704 1410 738 1442 in
752 1414 843 1450 caput
859 1418 947 1440 suum
963 1412 1110 1439 arcessat.
1156 1407 1223 1439 GE.
1248 1408 1336 1438 Idem
1359 1417 1415 1446 ego
1441 1407 1544 1438 timeo.
1591 1405 1662 1436 ΡΗ.
1684 1403 1797 1441 Dorio,

341 1463 382 1482 aa
398 1462 458 1482 non
473 1453 550 1483 mihi
558 1453 657 1494 fidem
671 1452 788 1484 habes?
834 1453 900 1484 Do.
926 1452 1021 1482 Recte
1041 1451 1191 1489 conjectas
1206 1460 1253 1481 me
1265 1450 1384 1481 scilicet
1400 1449 1457 1480 tibi
1479 1451 1586 1481 eadem
1599 1447 1715 1479 centies
1727 1455 1799 1486 pro-

340 1496 481 1526 mittenti
506 1496 706 1536 nequicquam
734 1497 869 1527 credere.
914 1495 984 1526 Pu.
1017 1493 1076 1525 Sin
1097 1493 1198 1535 fidem
1226 1493 1355 1533 obligo?
1399 1493 1468 1523 Do.
1504 1491 1682 1523 Mendacia.
1726 1489 1798 1520 Pu.

343 1539 448 1577 Duplo
456 1538 579 1576 foenore
594 1543 820 1579 compensatum
844 1539 929 1570 istud
951 1537 1009 1568 tibi
1025 1537 1205 1578 beneficium
1221 1539 1285 1567 tute
1299 1535 1466 1575 fateberis.
1510 1536 1578 1566 Do.
1603 1535 1693 1564 Mera
1707 1531 1799 1563 rerba

341 1582 407 1612 sz'ue
435 1591 480 1613 re.
525 1583 597 1614 PH.
624 1583 724 1614 Crede
751 1582 838 1618 mihi,
866 1580 1021 1613 laetaberis
1041 1583 1072 1611 te
1091 1580 1227 1619 secisse.-
1251 1589 1307 1620 per
1332 1580 1495 1619 herculem,
1515 1587 1618 1609 verum
1639 1576 1697 1608 tibi
1719 1575 1800 1606 dico.

949 1678 965 1687 ι
971 1676 1027 1688 eet
1031 1675 1145 1687 eeeeee
1149 1675 1189 1690 ee

344 1753 409 1785 que
426 1753 501 1774 cum
517 1743 594 1775 edd.
610 1748 693 1776 vett.
718 1744 807 1776 Audi
831 1744 905 1784 quid
931 1744 1042 1775 dicam.
1068 1744 1171 1775 Bent.
1217 1742 1272 1773 lta
1287 1746 1323 1773 et
1348 1741 1511 1772 Fert—6
1534 1740 1643 1771 Metuo
1658 1740 1805 1779 lenonem,

340 1797 378 1817 ne
394 1787 467 1826 quid
482 1797 536 1818 suo
551 1791 622 1818 suat
637 1788 745 1829 capiti.
771 1788 940 1819 Constans
952 1786 1023 1817 fere
1041 1786 1218 1817 Librorum
1235 1785 1351 1824 lectio,
1364 1784 1424 1815 sed
1442 1784 1532 1814 unde
1549 1783 1607 1814 vix
1623 1783 1802 1824 quicquam

345 1831 424 1861 boni
441 1840 559 1861 sensus
575 1841 686 1863 eruas.
730 1831 812 1862 Mss.
832 1830 932 1861 Bodl.
951 1829 995 1861 G.
1010 1830 1093 1860 Wit.
1117 1839 1154 1860 ue
1169 1828 1289 1869 aliquid
1303 1838 1357 1859 suo
1369 1829 1440 1858 suat
1455 1826 1564 1866 capiti.
1608 1826 1658 1856 M.
1676 1830 1712 1857 et
1728 1826 1802 1856 EA.

343 1883 382 1904 ne
397 1873 471 1913 quid
481 1883 535 1905 suo
550 1878 654 1905 assuat
668 1874 777 1914 capiti.
821 1873 992 1914 Guyetus‚
1016 1873 1095 1914 quia
1122 1872 1202 1902 nibil
1228 1870 1445 1911 expediebat,
1471 1878 1599 1900 versum
1626 1869 1716 1899 hunc
1738 1878 1804 1899 non

343 1925 492 1954 versum,
513 1917 573 1948 sed
600 1923 790 1949 monstrum
813 1920 922 1955 vocat,
948 1916 989 1947 ab
1013 1916 1150 1946 indocto
1167 1920 1202 1946 et
1220 1913 1416 1954 impudente
1431 1912 1681 1952 interpolatore
1696 1911 1805 1942 intru-

344 1969 428 1991 sum.
473 1960 537 1992 Est
563 1965 678 1992 autem
706 1960 961 2000 elegantissima
987 1959 1103 1998 lectio,
1127 1967 1226 1999 quam
1244 1967 1262 1987 e
1277 1966 1336 1987 suo
1352 1956 1419 1987 Ms.
1437 1954 1574 1986 exhibet
1590 1955 1681 1985 Mur.
1703 1957 1805 1985 metuo

344 2003 493 2042 lenonem,
517 2013 554 2034 ne
569 2004 645 2043 quia
659 2007 750 2035 suat:
773 2013 826 2034 suo
841 2000 962 2043 capiti!
1007 2002 1104 2034 Quod
1122 2006 1236 2031 autem
1254 2000 1345 2030 Mur.
1361 2000 1394 2029 in
1412 2008 1472 2028 suo
1486 1998 1552 2028 ΜΞ.
1570 1997 1665 2038 legit,
1678 2007 1716 2028 ne
1730 1997 1804 2037 quid

345 2049 433 2076 suat.-
455 2056 509 2077 suo
534 2045 657 2086 capiti!
681 2046 771 2077 idem
798 2046 848 2076 ita
874 2044 982 2076 edidit
1007 2043 1196 2085 Gryphius,
1223 2043 1349 2073 Venet.
1377 2044 1472 2072 1580.
1499 2041 1601 2073 West.
1646 2040 1734 2071 Idem
1748 2049 1805 2080 ego

346 2093 457 2120 metuo.
498 2089 577 2121 Wit.
595 2089 672 2121 Inde
687 2093 788 2120 metuo
803 2098 869 2128 ego.
913 2089 974 2118 Fa.
991 2097 1009 2119 e
1026 2087 1104 2118 cod.
1117 2087 1212 2117 Bem.
1230 2086 1318 2116 Idem
1330 2095 1384 2124 ego
1398 2093 1506 2115 vereor
1529 2083 1657 2114 laudat.
1703 2082 1805 2114 Unde

346 2132 396 2162 ita
410 2132 442 2162 in
461 2132 624 2172 plusculis
639 2133 753 2164 editis.
779 2132 876 2163 Idem.
926 2132 980 2170 Ei,
1008 2134 1110 2160 metuo
1134 2130 1280 2166 lenonem,
1302 2128 1415 2168 nequid
1429 2137 1482 2157 suo
1494 2129 1564 2158 suat
1580 2125 1688 2166 capiti.
1735 2125 1804 2157 GE.

346 2175 435 2206 [dem
449 2184 505 2214 ego
519 2185 636 2206 vereor.
681 2176 738 2207 Sic
757 2185 776 2206 a
792 2174 925 2205 Fabi-no
942 2178 1016 2204 est:
1042 2173 1100 2203 sed
1117 2182 1215 2213 paene
1232 2177 1326 2203 recte
1343 2171 1511 2211 Guyetus,
1532 2170 1540 2186 ‘
1552 2169 1630 2200 Hoc
1646 2177 1714 2199 non
1731 2178 1806 2199 ver-

347 2228 420 2248 sum
437 2228 526 2255 esse,
550 2218 610 2249 sed
633 2217 847 2250 monstrum!
890 2217 1022 2248 Mureti
1039 2215 1147 2247 codex
1165 2215 1320 2246 variabat
1344 2214 1510 2252 ordinem,
1535 2211 1649 2252 nequid
1668 2214 1738 2242 suat
1752 2221 1806 2242 suo

345 2261 455 2301 capiti.
502 2261 581 2292 Hoc
596 2261 741 2301 arripuit
758 2261 808 2292 vir
824 2260 1083 2298 disertissi1n1153
1108 2264 1144 2289 et
1171 2257 1426 2297 subdistinguit,
1442 2255 1554 2296 nequid
1568 2258 1658 2286 suat.-
1682 2253 1806 2285 deinde

346 2303 465 2343 infert,
492 2315 547 2335 suo
568 2304 677 2345 capiti,
701 2305 764 2335 hoc
781 2309 845 2343 est,
867 2303 957 2344 quod
974 2302 1006 2333 in
1027 2302 1158 2332 lenonis
1182 2301 1290 2341 ipsius
1307 2304 1412 2340 caput
1428 2303 1554 2330 vertat.
1600 2296 1715 2338 Atque
1729 2297 1806 2328 haec

348 2348 591 2387 interpretatio
608 2348 764 2388 regnavit
780 2347 958 2384 hactenus,
975 2345 1090 2376 multis
1108 2349 1219 2375 tamen
1236 2342 1497 2383 exceptionibus
1509 2340 1667 2372 obnoxia.
1700 2339 1807 2371 Aliud

348 2390 464 2430 itaque
481 2391 682 2421 tentandum
697 2394 761 2422 est.
808 2389 838 2421 A
855 2389 975 2420 codice
991 2394 1110 2418 nostro
1125 2390 1200 2418 900.
1219 2396 1383 2417 annorum
1400 2385 1525 2416 absunt
1540 2384 1606 2415 ista
1619 2393 1675 2423 ego
1690 2392 1807 2418 vereor,

348 2433 417 2471 vel,
430 2439 467 2464 ut
481 2434 589 2464 ceteri
605 2434 742 2470 liabent,
754 2442 810 2472 ego
825 2436 937 2464 metuo.
976 2432 1130 2471 Repone,
1146 2429 1303 2467 Mirabar,
1325 2429 1354 2459 si
1370 2432 1404 2459 tu
1416 2427 1659 2467 mihiquz'cquam
1671 2426 1807 2464 adfer-res

349 2477 430 2506 noui.
466 2475 534 2507 AN.
555 2478 598 2507 Ei
614 2478 726 2507 Metuo
742 2477 890 2514 lenonem,
904 2475 1026 2516 nequid.
1063 2474 1129 2504 GE.
1147 2472 1211 2503 Suo
1225 2471 1416 2512 capitifuat.
1441 2472 1450 2487 ‘
1464 2469 1540 2509 liei‚'
1563 2472 1572 2487 ⁶
1584 2469 1664 2506 hui,’
1686 2470 1696 2485 ‘
1708 2471 1783 2500 liem
1797 2468 1804 2480 ’

350 2517 562 2559 frequentius
579 2520 612 2550 in
629 2519 695 2550 fine
712 2528 829 2550 versus
848 2522 1032 2558 ponuntur.
1057 2517 1152 2547 Bent.
1202 2515 1255 2552 Ei,
1280 2518 1380 2545 metuo
1407 2514 1543 2545 lenonem
1564 2522 1602 2544 ue
1622 2511 1739 2551 aliquid
1753 2520 1806 2542 seu)

350 2566 419 2592 suat
436 2573 463 2593 c.
490 2563 549 2594 Br.
594 2562 673 2593 Suat
699 2572 754 2593 suo
776 2562 871 2601 capiti
899 2561 991 2592 Perl.
1036 2559 1120 2590 Fuat
1144 2558 1346 2589 Paliuerius.
1393 2556 1471 2596 Hei,
1486 2557 1622 2587 lenonem
1636 2563 1754 2589 vereor,
1769 2563 1807 2584 ne

351 2605 425 2643 quid
440 2627 447 2635 .
460 2628 467 2635 .
482 2626 489 2634 .
504 2626 513 2636 .
557 2605 626 2637 GE.
649 2605 711 2636 Suo
725 2605 822 2645 capiti
830 2602 930 2642 fuat!
955 2603 1042 2633 Idem
1057 2612 1114 2642 ego
1128 2611 1235 2632 vereor
1250 2601 1351 2631 Both.
1399 2600 1452 2630 Ne
1465 2598 1583 2639 aliquid
1598 2595 1712 2628 Guelf.
1730 2600 1760 2628 l.
1775 2599 1806 2627 3.

351 2650 413 2677 -7
428 2648 478 2678 Μ.
496 2647 640 2689 Sifidem
655 2649 706 2679 (lo.
720 2649 729 2664 ‘
741 2648 826 2679 GM.
844 2647 915 2677 sine
931 2644 1145 2686 aspirationis
1161 2649 1253 2683 nota,
1269 2644 1413 2681 ariolare,
1429 2646 1466 2673 et
1482 2641 1666 2680 subscript.
1683 2639 1807 2679 syllab.

353 2689 410 2727 ris,
436 2696 474 2720 ut
496 2691 539 2720 sit
554 2690 744 2722 har-iocaris)
769 2690 928 2721 Fert—8
952 2689 1048 2719 Bona
1078 2689 1162 2719 Mss.
1189 2696 1278 2727 pars,
1301 2685 1428 2726 pulchre
1454 2684 1524 2716 tibi.
1548 2683 1652 2714 West.
1695 2682 1754 2713 Sic
1771 2687 1807 2712 et

353 2741 468 2762 omnes
485 2733 586 2765 codd.
611 2735 712 2766 Bent.
739 2742 815 2764 curn
842 2733 902 2763 ΒΓ.
922 2732 1000 2771 Bip.
1018 2732 1119 2762 Both.
1136 2730 1295 2760 Perl.——9
1321 2729 1389 2760 Do.
1415 2727 1583 2759 Somnium.
1626 2725 1737 2765 Magis
1764 2734 1808 2756 ex

354 2784 447 2805 more
475 2776 639 2806 sermonis
665 2781 716 2807 est
740 2776 892 2811 Somnia;
917 2773 1006 2814 quod
1033 2774 1066 2804 in
1087 2773 1173 2804 libro
1190 2771 1358 2803 Beinbino
1375 2775 1449 2802 est:
1475 2768 1664 2810 praesertim
1681 2777 1756 2799 cum
1774 2771 1810 2797 et

356 2817 422 2848 alia
439 2817 470 2848 in
489 2819 612 2859 plurali
631 2819 883 2859 praecesserint,
907 2820 915 2834 ‘
931 2816 1077 2856 fabulae‚’
1101 2816 1189 2856 ‘logi
1205 2815 1226 2846 ι’
1250 2814 1341 2846 idem
1360 2819 1396 2845 et
1419 2814 1453 2845 in
1469 2813 1524 2843 Vi.
1542 2810 1647 2842 fnisse
1663 2809 1808 2851 conjicio
