1966 3302
324 251 410 292 596
826 262 865 291 P.
896 261 1138 291 ΤΕΒΕΝΊἯ
1172 262 1287 292 arm

326 355 489 398 Aliena
510 361 560 398 ut
578 356 735 398 melius
756 354 949 405 videant,
971 359 1017 396 et
1035 355 1292 410 dijudicent,

326 425 474 476 Quam
495 426 605 466 sual
639 438 695 465 an
718 436 772 464 eo
795 424 859 471 fit,
881 425 986 476 quia
1006 424 1052 463 in
1071 435 1117 464 re
1138 426 1304 471 nostra,
1325 426 1400 463 aut
1420 422 1581 476 gaudio

326 493 490 534 Sumus
512 491 747 546 praepediti
768 490 917 540 nimio,
938 493 1015 531 aut
1035 489 1289 543 aegritudine
1307 490 1325 530 ‘l
1698 489 1783 531 100

327 560 420 601 Hic
442 559 545 600 mihi
568 561 732 612 quanto
752 570 868 598 nunc
889 557 990 611 plus
1013 557 1143 611 sapit,
1165 569 1300 611 quam
1324 559 1496 609 egomet
1510 556 1641 599 mihi!

326 627 415 669 CH.
450 627 651 668 Dissolvi
671 639 756 675 me,
779 625 950 681 otiosus
972 637 1154 678 operam
1173 628 1223 665 ut
1243 623 1322 664 tibi
1344 624 1508 665 darem.

323 748 359 775 ut
375 744 495 775 acutius
514 744 704 784 perspiciant
727 743 855 782 negotia
877 742 1020 781 aliorum,
1044 745 1074 773 et
1098 742 1209 772 melius
1234 741 1425 776 discernant,
1451 750 1542 782 qnam
1563 737 1647 772 sua?
1670 739 1785 771 Ideone

323 787 410 817 istm}
416 787 463 827 fit
478 788 558 827 quod
572 796 675 817 snmus
689 786 843 826 impediti,
860 786 1020 826 quominus
1035 788 1116 815 recte
1122 784 1300 822 judicemus
1315 786 1347 815 in
1363 793 1454 814 causa
1468 787 1572 815 nostra
1583 794 1596 820 ,·
1618 785 1673 814 aut
1687 782 1785 814 nimia

325 830 454 868 laetitia,
470 833 524 860 ant
540 829 635 860 nimio
660 829 759 859 animi
778 830 903 859 dolore?
928 828 994 858 Hic
1013 827 1159 858 Chremes
1174 830 1287 867 quanto
1302 826 1404 866 magis
1418 836 1500 857 nunc
1514 827 1673 866 sapienter
1687 825 1785 856 sentit

325 876 355 903 et
372 873 508 912 loquitur
529 882 584 912 pro
610 872 747 902 ulilitate
770 880 848 909 mea,
864 880 954 911 quam
970 869 1111 910 egomet?
1155 870 1223 901 CH.
1251 871 1280 900 0
1296 870 1487 910 Menedeme,
1501 869 1646 910 expedivi
1661 878 1709 899 me
1722 867 1786 899 cito

324 925 343 945 a
359 915 481 955 vicinis,
495 919 529 945 ut
546 914 607 946 tuis
622 914 710 946 rebus
724 923 876 945 vacarem.

932 983 953 998 O
957 985 1131 997 OOOOOOOO
1132 984 1174 998 u

326 1064 446 1086 casus:
471 1063 547 1094 quae
575 1052 711 1094 quidem
737 1052 864 1083 locutio
882 1051 980 1082 bonis
1011 1051 1205 1083 auctoribus
1229 1054 1393 1092 usurpata
1419 1054 1484 1082 est.
1529 1048 1629 1083 Quod
1658 1053 1788 1090 tamen,

325 1097 521 1136 diligentius
539 1100 648 1126 totum
666 1095 953 1134 animadversum,
977 1104 1044 1125 non
1074 1095 1209 1134 placet!
1235 1095 1294 1125 Fa.
1338 1094 1346 1110 ‘
1364 1091 1396 1124 A
1412 1098 1448 1124 et
1472 1093 1560 1133 Eng.
1586 1091 1685 1131 Itan:
1703 1092 1784 1124 Hel.

327 1141 416 1179 Tam,
432 1139 631 1170 Lactantius
642 1138 684 1168 de
700 1137 786 1168 falsa
803 1147 872 1178 sap.
889 1141 920 1168 4.
968 1138 1020 1168 Ita
1043 1138 1125 1168 enim
1139 1147 1236 1177 comp.
1255 1146 1330 1177 qnae
1349 1135 1528 1176 scripturae
1545 1135 1665 1166 eodem
1687 1134 1786 1165 rede-

325 1188 410 1214 unt:
434 1181 542 1212 forma
559 1181 630 1211 hoec
656 1179 840 1211 usitatior.'
863 1180 963 1211 Both.
1010 1179 1098 1211 Itan'
1122 1180 1272 1211 Br.——98
1295 1179 1379 1209 Mss.
1409 1184 1445 1209 et
1468 1178 1553 1209 editi
1569 1177 1705 1218 qnidam
1729 1187 1786 1208 ve-

325 1226 422 1264 tusti,
438 1234 513 1256 cuni
531 1223 753 1264 Calphurnio‚
770 1223 925 1261 judicent.
948 1223 1055 1254 West.
1100 1222 1110 1239 ⁴
1126 1222 1242 1253 Aliena
1264 1222 1372 1252 melius
1386 1224 1421 1251 ut
1443 1221 1570 1251 videant
1585 1223 1616 1251 et
1630 1220 1786 1258 J'udicenk.

326 1269 379 1299 Ex
396 1278 427 1299 o.
447 1268 466 1298 Ι.
484 1277 511 1298 s.
535 1267 583 1297 ita
609 1267 812 1297 collocamus
831 1265 905 1296 liaec
933 1265 1049 1304 verba,
1065 1265 1165 1296 aliena
1180 1267 1215 1295 ut
1232 1265 1340 1295 melius
1354 1275 1364 1295 :
1388 1267 1424 1294 et
1440 1269 1608 1304 praeterea
1623 1272 1666 1293 ex
1683 1263 1786 1293 Bern-

326 1311 407 1342 bino
437 1310 576 1349 legimus
596 1309 782 1346 dijudicent:
806 1318 871 1349 quo
900 1308 1036 1348 quidem
1075 1307 1174 1338 modo
1203 1312 1273 1338 stat
1302 1306 1432 1346 optime
1458 1305 1683 1338 versus-NF&
1726 1306 1787 1336 Ju-

326 1354 430 1385 dicent
455 1354 602 1384 ssr.—99
626 1351 698 1382 Hoc
725 1356 801 1391 post
824 1361 858 1381 eo
885 1350 1005 1382 Guelf.
1024 1354 1052 1381 1.
1069 1353 1102 1381 3.
1147 1350 1299 1390 Reponit
1326 1351 1428 1380 Bent.
1452 1358 1486 1380 re
1513 1346 1546 1379 in
1561 1350 1786 1379 murm—100

324 1397 430 1436 Vulg.
465 1394 575 1434 nimio,
603 1395 773 1434 ambigue.
801 1394 900 1424 Both.
927 1394 984 1434 qui
1009 1393 1112 1433 igitur
1139 1392 1278 1432 reponit
1301 1392 1546 1422 nimium—101
1576 1392 1680 1422 Omn.
1702 1390 1786 1422 libb.

324 1440 445 1479 script.
460 1448 541 1469 nunc
557 1440 681 1477 quanto.
698 1437 756 1467 Fa.
790 1437 798 1453 ‘
813 1437 869 1467 Sic
886 1441 922 1467 et
938 1438 1045 1467 nostri
1065 1435 1212 1466 universi
1229 1444 1310 1466 nunc
1326 1437 1450 1474 quanto,
1463 1434 1602 1465 meliore
1617 1438 1761 1464 accentu
1775 1443 1785 1472 ;

326 1482 427 1513 haesit
444 1488 558 1511 tamen
573 1480 607 1510 in
625 1484 723 1511 textu
751 1479 886 1517 Faerni‚
898 1482 1011 1519 quanto
1035 1477 1139 1509 nime!
1162 1478 1265 1509 Bent.
1310 1478 1403 1508 Nunc
1418 1487 1446 1517 q.
1464 1477 1524 1508 Br.
1541 1477 1619 1516 Bip.
1639 1476 1788 1506 Both.—

328 1528 390 1556 102
400 1525 456 1555 Sic
471 1522 531 1554 inf.
547 1532 599 1554 iv.
610 1525 642 1554 3.
653 1525 706 1553 43.
721 1522 859 1553 Pliorm.
873 1531 896 1552 i.
910 1525 940 1552 2.
954 1524 1006 1552 37.
1017 1520 1262 1551 Mss.Boecieri
1275 1529 1403 1555 omnes,
1416 1519 1612 1550 Boenderm.
1625 1522 1660 1549 et
1672 1518 1787 1550 Mark.

327 1578 402 1599 enin
421 1566 495 1598 EA.
514 1567 588 1597 ΕΡ.
605 1565 703 1597 Junt.
721 1566 769 1596 St.
784 1565 879 1595 ocius.
903 1564 1054 1604 Injurius
1071 1568 1185 1594 autem
1197 1564 1231 1593 in
1248 1563 1444 1593 Terentium
1460 1567 1514 1592 est
1540 1561 1630 1601 Guy.
1651 1570 1785 1592 versum

327 1611 417 1642 hunc
445 1618 660 1650 expungens,
685 1611 723 1638 ut
749 1607 958 1638 addititiam.
1005 1607 1038 1637 Si
1068 1606 1157 1636 enim
1184 1615 1256 1636 rem
1272 1610 1368 1636 recte
1387 1608 1499 1645 putes,
1516 1603 1787 1644 appositissimum

328 1659 394 1685 est.
420 1654 510 1684 Dae.
535 1661 657 1692 opernm
684 1654 717 1681 ut
745 1651 815 1681 huic
840 1651 958 1688 darem,
983 1647 1106 1687 edidit,
1121 1649 1214 1690 quasi
1231 1648 1272 1678 de
1288 1647 1588 1684 Menedemo,non
1606 1646 1648 1677 ad
1667 1647 1788 1677 Mene-

328 1697 474 1727 demum.
503 1695 599 1725 West.
632 1694 676 1725 G.
697 1698 734 1724 et
752 1693 832 1724 EM.
856 1693 902 1724 D.
924 1702 972 1722 me
997 1693 1092 1723 ocz'uS.
1138 1691 1236 1722 Idem
1267 1691 1301 1721 in
1328 1690 1420 1721 Add.
1452 1690 1592 1721 Dissolvi
1623 1699 1670 1720 me
1694 1689 1788 1721 ocius.

327 1740 413 1770 Tres
429 1737 652 1778 antiquissimi
681 1736 772 1775 libri,
796 1741 833 1767 et
864 1735 966 1775 aliqui
988 1735 1060 1769 alii.
1073 1743 1134 1774 pro
1150 1735 1233 1764 ocius
1248 1733 1373 1764 liabent
1389 1732 1522 1763 otiosus.-
1549 1741 1614 1773 qna
1636 1732 1788 1763 lectione

330 1788 366 1813 et
385 1791 500 1812 versus
514 1784 596 1819 stat,
613 1783 649 1810 et
664 1788 781 1810 sensus
794 1783 846 1809 est
863 1780 1038 1818 optimus:
1065 1776 1343 1816 distinguendum
1357 1780 1469 1806 autem
1486 1779 1539 1805 est
1554 1778 1633 1814 post
1646 1784 1704 1805 me.
1730 1775 1789 1805 Fa.

329 1827 339 1842 ‘
354 1825 512 1857 Qnatnor
530 1823 629 1853 inodo
645 1832 688 1852 ex
706 1826 757 1852 tot
774 1821 898 1852 nostris
914 1821 1054 1856 otiosus5
1078 1821 1184 1851 ceteri
1203 1828 1381 1860 perperam
1399 1817 1504 1848 ocius.'
1521 1817 1624 1849 Bent.
1648 1817 1688 1855 C,
1710 1816 1789 1847 otio-

328 1868 403 1898 sius.
427 1867 466 1898 Z.
484 1866 625 1897 Dissolvi
648 1875 695 1896 me
722 1864 818 1895 ocius.
864 1864 943 1895 Hoc
970 1872 1068 1895 versu
1090 1871 1211 1893 novam
1237 1870 1372 1892 scenam
1400 1860 1523 1901 incipit
1546 1860 1624 1901 Rip.
1653 1865 1689 1891 et
1710 1868 1787 1891 cum

331 1910 483 1942 Daciera
500 1909 584 1949 legit
596 1911 630 1939 ut
640 1908 711 1939 huic
725 1909 840 1939 darem.

713 2220 917 2262 ACTUS
951 2219 1043 2260 ΙΙΙ.
1103 2215 1312 2258 SCENA
1344 2215 1408 2257 ΙΙ.

821 2319 999 2350 SYRUS.
1060 2316 1308 2347 CHREMES.

335 2391 419 2432 SY.
452 2388 566 2430 HAG
590 2388 694 2429 illac
715 2388 1038 2428 circumcursat
1069 2382 1379 2424 inveniendum
1401 2378 1454 2422 'st
1473 2383 1619 2421 tamen

377 2493 443 2525 SY.
463 2493 546 2533 Age,
563 2492 655 2534 Syre,
671 2491 809 2522 discurre
827 2490 959 2530 undique
971 2499 984 2527 ;
1007 2492 1109 2519 tamen
1120 2486 1249 2528 pecunia
1265 2485 1452 2529 conficienda
1466 2488 1532 2517 est.-
1545 2483 1653 2516 techna
1667 2482 1790 2521 excogi-

941 2572 1180 2586 ‘memrot‘

380 2634 396 2661 1
422 2631 564 2664 Vereor,
585 2633 624 2660 ut
649 2629 731 2660 satis
759 2628 968 2659 intellexerit
982 2627 1070 2668 Gny.
1095 2626 1160 2657 viin
1178 2624 1357 2656 locutionis
1374 2624 1530 2664 integrae,
1552 2621 1589 2652 τὸ
1604 2625 1705 2653 tamen
1720 2630 1791 2652 mu-

337 2678 413 2704 tans
429 2672 462 2702 in
478 2672 570 2702 enim.
616 2671 688 2702 Ant
704 2672 793 2701 enirn
812 2680 930 2701 sensns
944 2671 1073 2708 est‚'l'u
1086 2670 1150 2700 liae
1167 2669 1244 2699 illae
1262 2665 1519 2698 circumcursita
1534 2666 1719 2703 sane,alias
1736 2672 1791 2694 res

338 2715 482 2756 agendo,
506 2720 684 2753 argentum
700 2719 814 2744 tamen
832 2713 1068 2743 inveniendum
1087 2718 1151 2743 est.
1198 2712 1240 2741 Et
1259 2714 1391 2750 poterat
1416 2708 1505 2739 nullo
1528 2717 1646 2738 sensus
1669 2706 1792 2737 damno

338 2759 458 2788 abesse
482 2755 518 2787 τὸ
542 2761 656 2787 lernen.
681 2756 792 2786 West.
840 2759 848 2771 ‘
864 2755 954 2787 Quid
983 2760 1033 2785 est
1059 2758 1183 2785 tamen?
1207 2763 1248 2783 an
1268 2761 1328 2792 pro
1345 2751 1494 2789 tandem,
1510 2755 1548 2781 nt
1563 2750 1642 2781 olini
1657 2749 1793 2780 Govea·

339 2802 425 2832 nus?
450 2809 490 2830 an
506 2800 687 2840 legendum
703 2799 796 2838 euim,
825 2807 901 2830 cuin
928 2798 1090 2838 Guyeto?
1138 2797 1260 2828 Haeret
1284 2803 1362 2826 sane
1393 2793 1578 2833 sententia,
1603 2801 1712 2833 neque
1738 2796 1792 2823 est
