1966 3302
305 222 391 265 946
802 234 839 262 P.
871 231 1112 261 TEREN'ru
1147 230 1262 261 AFR!

307 325 444 367 PHAE.
477 325 523 366 Si
553 329 634 374 est,
655 328 827 378 patrue,
851 324 1030 378 culpam
1051 328 1099 364 ut
1119 322 1318 377 Antipho
1337 324 1384 364 in
1404 337 1453 365 se
1475 324 1714 375 admiserit,

307 392 379 432 Ex
399 405 488 445 qua
508 405 553 432 re
573 391 716 432 minus
737 391 796 431 rei
819 391 932 432 foret
953 395 1031 432 aut
1049 391 1179 432 famae
1211 395 1459 444 temperans
1476 405 1486 443 ;

307 459 413 500 Non
434 472 616 500 causam
637 458 755 508 dico,
779 458 898 512 quin,
920 458 1034 511 quod
1056 457 1239 498 meritus
1259 459 1334 507 sit,
1353 459 1480 500 ferat.

308 527 395 568 Sed
416 527 454 567 si
475 527 588 579 quis,
609 526 719 567 forte
741 525 911 567 malitia
931 525 1067 566 fretus
1090 537 1188 574 sua,

306 594 504 635 Insidias
525 596 691 634 nostrae
711 593 818 634 fecit
838 593 1174 642 adolescentiae,

308 660 377 702 Ac
398 661 508 702 vicit
526 674 536 712 ;
567 665 773 702 nostrane
793 674 846 701 ea
869 661 1004 714 culpa
1023 664 1102 710 est,
1126 672 1181 701 an
1195 659 1420 713 judicum,
1705 659 1762 699 45

309 728 402 779 Qui
424 741 547 781 saepe
567 731 746 781 p'ropter
765 728 976 769 invidiam
998 728 1198 769 adimunt
1219 728 1366 777 diviti,

307 794 405 836 Aut
425 798 600 848 propter
615 796 968 837 misericordiam
989 795 1163 836 addunt
1182 795 1403 849 pauperi?

310 862 400 904 GE.
433 862 496 902 Ni
518 875 694 903 nossem
717 875 917 912 causam,
940 862 1160 903 crederem
1184 875 1290 902 vera
1309 862 1421 902 hunc
1442 862 1578 915 loqui.

310 930 399 970 DE.
431 928 503 969 An
525 929 758 983 quisquam
774 929 916 984 judex
937 935 1022 980 est,
1045 930 1120 984 qui
1142 930 1290 983 possit
1309 942 1490 970 noscere

309 997 408 1038 Tua
424 997 563 1050 justa,
586 996 661 1037 ubi
680 1001 773 1038 tute
795 999 976 1038 verbum
997 1011 1084 1038 non
1106 996 1389 1050 respondeas,
1711 995 1768 1036 50

310 1064 383 1104 Ita
405 1068 454 1105 ut
475 1064 549 1104 ille
571 1062 707 1105 fecit?
771 1065 905 1106 PHAE.
938 1065 1138 1106 Functus
1162 1062 1481 1105 adolescentuli
1501 1067 1571 1103 est

312 1129 518 1171 Officium
539 1131 731 1172 liberalis
749 1145 759 1172 t
790 1136 1027 1185 postquam
1047 1132 1101 1172 ad
1115 1130 1293 1185 judices

309 1196 507 1238 Ventum
527 1203 612 1248 est,
635 1212 723 1240 non
745 1200 894 1252 potuit
914 1199 1111 1252 cogitata
1133 1199 1368 1253 proloqui:

311 1264 382 1306 Ita
400 1278 499 1306 eum
521 1269 613 1306 tum
636 1266 834 1307 timidum
855 1267 916 1307 ibi
939 1265 1236 1320 obstupefecit
1259 1265 1411 1319 pudor.
1712 1263 1770 1304 54

312 1393 385 1424 Pu.
407 1392 445 1424 Si
470 1403 576 1424 verum
598 1397 657 1431 est,
682 1397 804 1433 patrue,
815 1393 1025 1434 Antiphonem
1044 1394 1076 1423 in
1096 1402 1127 1423 se
1143 1403 1296 1433 peccasse,
1311 1403 1351 1424 ex
1365 1403 1423 1433 quo
1437 1393 1485 1424 rei
1502 1392 1663 1430 familiari
1679 1393 1767 1424 dam-

310 1445 383 1466 num
412 1438 467 1466 aut
483 1436 582 1474 famae
605 1436 739 1467 nominis
760 1437 979 1468 detrimentum
999 1435 1143 1466 attulerit
1155 1446 1166 1471 ;
1197 1446 1256 1466 non
1277 1437 1434 1475 deprecor,
1465 1436 1539 1476 quin
1565 1445 1686 1476 poenam
1710 1444 1771 1475 qua

311 1479 426 1517 dignus
437 1479 480 1509 sit
497 1479 599 1517 serat.
646 1478 708 1509 Sed
725 1480 751 1509 si
769 1479 857 1517 forte
879 1478 991 1519 uliquis
1005 1478 1212 1509 calumniator
1227 1479 1364 1509 versutia
1379 1482 1410 1509 et
1425 1478 1544 1516 fraude
1562 1479 1690 1509 innixus
1703 1487 1772 1517 sua,

311 1520 481 1551 insidiatus
496 1525 542 1552 est
556 1521 644 1552 oetatz'
658 1521 790 1562 infirma>
815 1525 930 1554 nostroe
946 1520 1170 1560 aclolescentue‚
1185 1524 1215 1552 et
1229 1522 1395 1552 secundum
1408 1531 1441 1551 se
1454 1521 1609 1560 judicium
1623 1519 1771 1554 obtinuit,

312 1566 416 1594 utrum
437 1565 527 1603 culpa
542 1564 626 1594 nobis
639 1564 805 1595 tribuenda
821 1568 880 1603 est,
895 1574 935 1594 an
941 1563 1114 1602 judicibus,
1127 1564 1180 1603 qui
1193 1573 1273 1603 saepe
1289 1563 1356 1594 odio
1379 1567 1409 1594 et
1429 1564 1548 1594 invidia
1564 1562 1699 1603 impulsi,
1715 1561 1771 1599 J‘us

311 1615 400 1636 suum
417 1607 585 1638 detrahunt
608 1607 760 1646 locupleti,
775 1610 829 1637 aut
846 1606 1055 1636 misericordia
1071 1606 1146 1636 moti
1166 1607 1236 1645 plus
1255 1616 1341 1645 oequo
1356 1606 1531 1636 attribuunt
1546 1603 1657 1646 inopi?
1702 1604 1771 1636 GE.

314 1648 390 1679 Nisi
403 1652 519 1679 statum
533 1659 632 1679 causae
643 1649 766 1687 scirem,
781 1659 851 1680 veru
868 1659 931 1680 esse
948 1658 1015 1689 quoe
1031 1648 1171 1679 narravit
1186 1648 1263 1678 mihi
1277 1649 1486 1688 persuaderet.
1535 1648 1606 1678 DE.
1633 1648 1772 1683 Quotus-

312 1691 436 1731 quisque
441 1691 545 1729 judex
560 1695 606 1722 est
621 1692 674 1731 qui
689 1692 768 1722 scire
774 1692 830 1730 jus
845 1695 931 1722 tuum
944 1691 1054 1730 possit,
1066 1690 1119 1721 ubi
1135 1694 1170 1721 tn
1185 1690 1249 1732 ipse
1263 1700 1301 1721 ne
1313 1700 1372 1721 uno
1383 1691 1504 1731 quidem
1517 1689 1607 1721 verbo
1621 1693 1652 1721 te
1667 1690 1773 1729 desen-

312 1734 382 1771 das,
397 1734 444 1765 ita
459 1737 493 1764 ut
512 1734 650 1773 Antipho
656 1734 761 1771 fecit?
805 1735 877 1765 ΡΗ.
904 1734 1048 1775 Officium
1063 1733 1262 1764 adolescentis
1282 1733 1409 1772 ingenui
1415 1733 1510 1772 fecit.
1556 1733 1725 1773 Postquam
1739 1733 1773 1763 in

305 1775 426 1813 judicio
440 1776 540 1815 stetit,
555 1787 622 1816 qua>
630 1777 864 1817 praemeditatus
872 1775 982 1813 fuerat
997 1778 1036 1807 ad
1049 1775 1266 1815 defensionem,
1281 1777 1414 1807 recitare
1429 1786 1490 1807 non
1499 1776 1620 1816 potuit:
1641 1775 1688 1806 ica
1703 1784 1771 1805 eum

313 1821 325 1848 t
330 1828 379 1849 um
394 1819 602 1850 meticulosum
616 1820 800 1851 verecundia
814 1829 904 1851 sensu
920 1822 950 1849 et
966 1821 1050 1849 motu
1063 1818 1213 1858 privavit.
1262 1818 1329 1850 GE.
1352 1819 1459 1850 Laude
1473 1819 1587 1858 dignus
1607 1821 1711 1850 orator
1727 1820 1772 1848 est

928 1926 1164 1938 eeeeeeeeeeee

318 2011 400 2034 vui.
423 2004 498 2033 653.
529 2002 597 2033 Sed
621 2003 735 2033 ‘stare
765 2002 808 2032 ab
836 2002 966 2042 aliquo‘
991 2001 1252 2033 Ciceronianum
1277 2005 1342 2032 est.
1370 2000 1471 2032 West.
1493 1999 1636 2030 Codices
1665 1998 1773 2029 nostri

316 2050 352 2075 et
368 2046 524 2075 Donatus
541 2055 608 2075 cum
623 2046 685 2075 illo.
735 2045 923 2085 Utrumque
940 2049 1034 2075 recte
1053 2048 1087 2074 et
1105 2053 1197 2074 more
1215 2043 1352 2081 dicitur,
1369 2051 1468 2073 sensu
1483 2042 1616 2073 eodem.
1632 2041 1773 2072 Rem.—

316 2090 357 2117 40
382 2086 490 2117 Codd.
515 2087 653 2127 quidam
672 2087 709 2118 Si
724 2088 777 2118 sit.
823 2087 866 2118 G.
892 2088 956 2127 ipse
982 2087 1156 2118 admiserit.
1183 2086 1291 2117 West.
1339 2085 1480 2125 Culpam,
1502 2088 1611 2125 patrue
1626 2083 1774 2114 Both.—

316 2132 355 2160 41
382 2129 477 2159 Foret
489 2130 535 2160 rei
551 2129 650 2160 Bodl.
678 2130 773 2160 West.
821 2130 963 2170 Obtemp.
981 2128 1094 2161 Guelf.
1111 2132 1138 2160 l.
1184 2129 1297 2159 Minus
1309 2131 1364 2158 aut
1378 2128 1479 2165 famoe
1494 2128 1583 2165 foret
1597 2126 1644 2157 rei
1658 2129 1773 2166 tempe-

317 2181 391 2202 rans
406 2172 466 2202 ΒΓ.
512 2171 699 2211 Minussuit
713 2181 747 2202 re
762 2173 810 2203 vel
825 2171 925 2209 samae
942 2172 1130 2203 Romu—42
1154 2171 1292 2201 Meritus
1307 2169 1368 2209 est]
1392 2170 1593 2208 Bembinns,
1609 2173 1644 2199 et
1658 2177 1774 2199 omnes

317 2213 390 2245 fere
405 2214 460 2244 alii
477 2214 566 2252 libri,
585 2224 624 2246 ac
640 2216 809 2253 Donatus,
824 2215 877 2246 sit.
902 2215 960 2245 Fa.
1006 2215 1098 2245 Unus
1114 2223 1156 2243 ex
1174 2214 1299 2244 nostris
1319 2216 1378 2244 est.
1403 2213 1505 2243 Bent.
1551 2212 1650 2243 Lect.
1667 2210 1774 2252 antiq.

318 2260 384 2287 est:
412 2256 510 2287 male.
527 2258 615 2288 Perl.
654 2258 786 2288 Causam
799 2267 860 2288 non
876 2258 1063 2288 B0t11.-45
1083 2256 1235 2287 Nostran’
1249 2256 1339 2296 culpa
1354 2265 1390 2286 ea
1404 2254 1448 2286 G.
1477 2255 1572 2285 West.
1611 2254 1773 2294 Plerique

319 2300 340 2330 l.
358 2309 383 2329 s.
400 2299 486 2329 inter
503 2309 587 2339 quos
604 2300 644 2330 V.
662 2300 718 2329 Vi.
744 2306 776 2330 et
800 2300 880 2330 Bas.
898 2300 945 2330 ita
969 2299 1107 2337 habent,
1132 2302 1168 2328 et
1193 2296 1544 2337 numerosiusjudicio
1558 2305 1633 2327 meo
1646 2299 1775 2327 nostran

318 2343 407 2381 culpa
421 2351 456 2372 ea
471 2345 526 2372 est.
577 2343 640 2372 Do.
658 2346 695 2373 et
709 2342 806 2373 Beni.
831 2343 864 2372 in
881 2342 944 2373 hac
962 2346 1059 2381 parte
1076 2341 1232 2381 corrupti
1248 2345 1336 2371 sunt.
1360 2340 1420 2371 Fa.
1465 2339 1629 2370 Meliores
1649 2338 1775 2379 quique

320 2394 362 2414 ex
389 2384 528 2422 nostris,
555 2388 684 2415 nostran
711 2386 801 2424 culpa
826 2394 862 2415 ea
888 2388 945 2415 est.
971 2385 1072 2415 Bent.
1117 2383 1173 2414 Sic
1199 2384 1270 2423 ipse
1288 2382 1384 2413 dedit
1401 2383 1475 2412 cum
1494 2382 1533 2412 Z.
1550 2380 1677 2420 Delph.
1695 2381 1775 2421 Bip.

322 2426 422 2457 Both.
443 2426 533 2457 Perl.
582 2428 629 2456 Ea
646 2427 773 2458 omittit
796 2427 940 2458 Bru—46
964 2426 1093 2466 Semper
1111 2435 1172 2465 pro
1187 2435 1269 2465 saepe
1293 2423 1409 2456 Guelf.
1427 2427 1458 2455 1.
1483 2424 1569 2454 Perl.
1612 2422 1701 2462 Saepe
1719 2425 1776 2453 aut

321 2468 381 2499 dat
395 2469 583 2499 Boiu—48
599 2469 679 2500 Vera
694 2471 846 2500 crederem
862 2469 1049 2500 Rom-52
1063 2469 1146 2499 Mss.
1161 2473 1195 2499 et
1211 2467 1368 2507 impressi
1383 2466 1519 2507 quidam
1536 2466 1655 2507 Officio-
1669 2465 1776 2496 West.

321 2513 406 2540 —53
424 2511 583 2542 Meditata
600 2521 661 2551 pro
677 2512 815 2551 cogitata
831 2510 946 2543 Guelf.
962 2514 1080 2543 3.-54
1098 2511 1182 2541 Mss.
1197 2510 1331 2551 qnidam
1351 2514 1386 2540 et
1403 2509 1488 2540 editi
1501 2513 1579 2549 post
1594 2507 1668 2539 ΕΡ.
1681 2505 1719 2537 τὸ
1731 2506 1777 2537 ibi

321 2562 387 2583 non
405 2558 603 2592 agnoscunt.
631 2554 732 2585 West.
780 2555 829 2584 Ex
845 2554 978 2585 ratione
996 2562 1110 2584 versus
1127 2552 1308 2592 legendum
1325 2552 1484 2590 arbitror,
1506 2556 1544 2582 ut
1560 2550 1595 2580 in
1611 2554 1776 2580 contextu

323 2600 375 2625 est
390 2595 560 2634 Bembini,
575 2596 619 2626 ibi
633 2596 813 2635 stupefecit:
832 2597 898 2636 vel,
911 2596 957 2626 ibi
971 2595 1180 2636 obstupefecit,
1196 2599 1235 2626 ut
1250 2595 1285 2625 in
1302 2594 1524 2625 Victoriano:
1548 2593 1595 2623 ita
1610 2595 1659 2631 nt,
1671 2594 1776 2632 stupe·

315 2637 398 2677 [ecit
416 2639 717 2677 antepenultimam
735 2638 923 2679 producat:
950 2643 987 2669 nt
1002 2649 1056 2679 ap.
1069 2637 1262 2669 Catullum:
1287 2637 1297 2653 ‘
1311 2635 1394 2667 Alta
1406 2634 1590 2676 tepefaciet
1605 2634 1777 2674 permixta

322 2677 461 2710 flmnina
473 2680 591 2710 caede!
637 2681 759 2712 Potest
775 2686 886 2712 tamen
903 2685 937 2712 et
949 2681 1053 2721 juxta
1069 2681 1241 2719 vulgatam
1257 2679 1437 2710 lectionem
1451 2676 1629 2709 sustentari
1646 2685 1775 2714 versus,

324 2731 389 2751 non
407 2721 566 2752 faciendo
582 2723 754 2753 elisionem
773 2724 805 2753 in
821 2725 830 2741 ‘
844 2722 1021 2755 timidum.‘
1040 2723 1098 2754 Fa.
1127 2722 1181 2753 Ab
1197 2721 1352 2753 omnibus
1364 2720 1504 2758 nostris,
1518 2724 1646 2760 praeter
1661 2727 1776 2753 unum,

325 2764 410 2797 male
428 2764 523 2795 abest
540 2764 592 2795 ibi.
617 2765 718 2797 Bent0
765 2765 816 2797 Ibi
841 2766 1004 2798 omittunt
1030 2766 1089 2796 ΒΥ.
1118 2765 1158 2796 Ζ.
1205 2764 1338 2797 Absunt
1355 2767 1420 2794 tum
1435 2763 1501 2794 tim.
1518 2762 1560 2792 ibi
1576 2771 1594 2793 a
1611 2758 1725 2792 Guelf.
1743 2762 1776 2793 3.
