1966 3302
558 191 772 229 }1ECYRAE
806 191 912 221 Ac'r.
947 191 1010 220 lv.
1042 189 1110 220 sc.
1144 190 1216 218 ιιι.
1531 178 1615 219 875

163 292 249 332 Li.
282 289 502 331 Nescias:
534 300 687 329 verum
716 286 763 326 id
793 289 871 327 tua
891 284 1022 326 refert
1043 283 1167 333 nihil,
1202 286 1343 324 utrum
1375 281 1466 322 illae
1500 282 1614 323 fece-

332 359 433 407 rint,

161 425 356 476 Quando
377 425 474 465 haec
495 422 665 464 abierit.
715 420 887 461 Odiosa
905 421 1001 460 haec
1025 422 1093 459 est
1114 423 1224 459 aetas
1247 416 1611 458 adolescentulis.

162 494 200 534 E
220 493 363 547 medio
384 504 558 544 aequom
580 487 795 531 excedere
819 492 900 528 est.
961 487 1199 527 Postremo
1216 486 1310 540 jam
1331 498 1411 524 nos
1432 484 1595 524 fahulae

161 561 335 608 Sumus,
357 557 603 611 Pamphile,
625 567 760 597 senex
779 559 910 608 atque
932 567 1057 595 anus.
1558 551 1615 591 15

162 626 251 669 Sed
271 625 403 667 video
426 625 695 678 Phidippum
716 623 865 676 egredi
886 635 962 675 per
983 626 1155 674 tempus
1173 633 1183 661 ι
1219 620 1499 661 accedamus.

158 741 201 772 sit
214 753 224 772 .-
247 753 351 774 verum
365 743 397 775 id
413 747 466 774 tua
480 743 559 774 nihil
573 743 713 782 interest,
724 745 830 774 utrum
845 743 1005 774 conveniat
1021 741 1181 779 intereas,
1195 750 1300 776 necne,
1315 740 1435 778 qemmlo
1449 741 1548 769 maier
1562 741 1615 768 tua

158 794 211 814 rus
224 787 418 819 concesserit.
462 788 554 817 AEtas
568 787 634 817 hoec
648 785 756 817 senilis
779 787 908 817 taediosa
929 789 988 825 est,
1012 787 1041 815 et
1066 784 1168 814 invisa
1192 782 1421 813 adolescentiae.
1467 782 1521 812 Ex
1536 783 1615 811 coetu

158 827 313 860 hominum
327 840 382 860 nos
402 839 488 861 senes
504 839 637 860 morosos
658 828 814 860 discedere
834 839 893 869 par
910 832 968 859 est.
1013 827 1156 866 Denique
1172 825 1335 856 materiam
1348 828 1534 864 prce-stamas
1549 833 1614 854 ser-

158 871 296 917 monibus
314 873 421 913 papuli
446 875 477 903 et
501 871 654 910 dicteriis,
676 875 711 902 ut
733 872 870 910 ridiculi,
893 882 950 910 ego
977 874 1007 901 et
1031 874 1129 900 mater
1144 873 1199 901 tua
1214 868 1266 909 qui
1284 868 1379 899 vetuli
1393 877 1510 898 sumus.
1553 866 1614 896 Sed

157 913 244 945 valeo
260 915 453 956 Phidippum
466 916 554 946 darno
570 914 656 947 exire
671 915 850 955 tempestive
865 919 895 946 et
908 914 1071 945 commode.

768 997 968 1010 eeeeeeee
971 997 1008 1007 Ν

159 1070 318 1112 Quinque
332 1081 374 1102 ex
389 1073 512 1103 nostris
531 1081 607 1103 cum
623 1071 712 1104 Edd.
729 1075 813 1103 vett.
838 1075 874 1102 et
898 1070 1048 1108 Bonam,
1074 1069 1235 1100 concordes
1249 1067 1363 1107 magis,
1377 1067 1405 1098 si
1417 1077 1488 1098 non.
1533 1067 1615 1098 Cor-

158 1118 325 1162 rectoreS,
351 1124 426 1146 cum
454 1125 583 1146 versum
612 1116 797 1155 longiorem
819 1115 913 1154 justo
937 1113 1114 1148 vidissent,
1138 1112 1316 1152 ejecerunt
1341 1111 1463 1149 IlIagis.
1510 1108 1616 1150 Atqui

158 1157 362 1194 ejiciendum
385 1163 459 1189 erat
486 1159 572 1195 Non,
597 1163 632 1189 et
656 1157 826 1189 sententia
851 1166 911 1196 per
937 1156 1079 1186 ironiam
1101 1160 1135 1185 et
1152 1155 1402 1185 simulationem
1427 1151 1615 1191 efferenda,

160 1199 260 1230 Credo
275 1210 310 1231 ea
323 1201 431 1239 gratia
445 1202 605 1231 concordes
618 1203 732 1240 magis,
745 1201 772 1231 si
788 1201 966 1239 redducam,
976 1198 1062 1236 fore.
1108 1197 1186 1229 Hoc
1203 1203 1268 1234 est,
1286 1197 1359 1227 Non
1374 1197 1482 1227 credo:
1499 1201 1533 1226 et
1542 1196 1614 1236 jam

158 1242 334 1290 aptissima
359 1248 449 1282 sunt,
471 1253 546 1284 quae
575 1243 760 1283 respondet
786 1243 928 1274 Laches.
973 1242 1028 1273 Ita
1052 1241 1139 1272 Eun.
1164 1250 1190 1271 1.
1207 1243 1237 1271 2.
1256 1243 1307 1271 18.
1329 1242 1338 1257 ‘
1357 1239 1482 1274 Credo,
1501 1244 1538 1269 ut
1561 1238 1615 1276 fit,

158 1293 282 1316 misera
297 1296 366 1326 prae
385 1296 500 1317 amore
515 1286 658 1317 exclusti
675 1288 763 1317 hunc
785 1285 896 1317 foras.'
920 1289 955 1315 et
973 1294 1004 1316 v.
1020 1287 1049 1316 2.
1064 1286 1116 1314 23.
1139 1284 1148 1300 ‘
1162 1282 1252 1316 Quid
1278 1283 1348 1313 im?
1372 1292 1453 1313 vero
1470 1281 1615 1312 debeam

159 1327 271 1360 Credo
288 1329 342 1359 isti
361 1330 538 1370 quicquam
556 1328 734 1369 furcifero,
753 1329 780 1360 si
798 1328 832 1360 id
848 1326 1015 1360 fecerim.'
1050 1327 1189 1358 Phorm.
1207 1335 1232 1357 1.
1246 1328 1277 1356 2.
1289 1328 1342 1357 90.
1364 1325 1373 1342 ‘
1389 1324 1443 1357 Ad
1458 1330 1613 1364 precato-

158 1379 228 1401 rem
243 1371 376 1411 adeam,
398 1371 525 1403 credo.'
565 1381 596 1404 v.
610 1375 640 1404 9.
653 1376 704 1404 42.
727 1374 736 1390 ‘
751 1371 798 1404 At
815 1381 888 1403 meo
910 1371 1030 1402 merito
1057 1368 1184 1401 credo!
1208 1369 1305 1400 Bent.
1352 1368 1454 1398 Varie
1470 1368 1525 1398 hic
1541 1378 1615 1398 ver-

158 1423 212 1444 sus
231 1414 367 1454 legitur.
412 1416 484 1446 Nos
499 1415 668 1455 sequimur
684 1415 850 1454 ordinem,
873 1424 973 1456 quem
991 1417 1066 1454 post
1082 1413 1175 1444 Don.
1192 1411 1270 1444 edd.
1287 1411 1432 1452 priscas,
1455 1411 1486 1441 in
1503 1410 1614 1451 iisque

156 1462 306 1505 noe-tram
326 1458 408 1497 Arg.
426 1459 596 1491 Erasmus.
621 1468 729 1500 neque
746 1459 866 1489 Bemb.
885 1458 982 1488 aliter
996 1456 1112 1491 habet,
1137 1465 1180 1486 ex
1203 1464 1269 1496 quo
1291 1455 1454 1485 redducam
1475 1454 1614 1494 scripsit

158 1499 328 1548 Faernus3
354 1501 413 1531 sed
431 1501 519 1532 idem
536 1501 647 1532 omisit
662 1512 763 1540 mage,
787 1501 874 1542 quod
893 1501 925 1530 iu
946 1500 1021 1531 Vat.
1036 1504 1069 1530 et
1087 1499 1191 1529 Basil.
1209 1497 1312 1536 absit,
1330 1506 1531 1538 versumque
1545 1498 1614 1527 lon-

157 1552 287 1582 giorem
312 1543 443 1575 reddat.
468 1544 560 1575 Mur.
578 1544 678 1575 aliter
694 1545 856 1575 ordinans
875 1544 990 1580 Credo,
1010 1542 1039 1573 si
1053 1552 1113 1572 non
1128 1542 1304 1579 redducam,
1319 1550 1354 1570 ea
1365 1549 1417 1579 gr.
1433 1550 1498 1571 con.
1514 1540 1615 1579 magis

148 1585 234 1625 fore,
256 1588 403 1617 asseclas
429 1586 569 1618 invenit.
614 1587 673 1618 Nil
689 1593 782 1619 certe
799 1586 1022 1627 pronuntiare
1039 1584 1202 1615 audemus
1219 1584 1262 1614 ob
1278 1583 1381 1613 metri
1400 1583 1614 1613 varietatem.

156 1628 225 1659 Sed
242 1638 308 1660 uon
326 1628 465 1660 ferimus
480 1629 687 1670 Bentleium,
706 1630 763 1671 qui
780 1634 900 1661 contra
916 1638 1044 1666 omnes,
1060 1637 1122 1668 pro
1139 1626 1292 1657 lubidine
1309 1625 1423 1665 ejecto
1441 1635 1512 1663 non,
1529 1624 1616 1656 facit

160 1672 259 1703 Credo
275 1681 311 1702 ea
325 1682 376 1712 gr.
389 1682 473 1703 conc.
488 1672 601 1712 magis,
622 1674 651 1704 si
665 1671 922 1712 redducam,fore
934 1683 947 1710 ,·
971 1672 1066 1713 quasi
1082 1669 1225 1709 Pamph.
1242 1679 1303 1709 pei·
1317 1669 1460 1700 ironiam
1478 1668 1616 1708 dixerit,

156 1715 258 1754 credo,
269 1720 308 1763 ut
324 1717 367 1746 sit
381 1725 441 1746 non
462 1717 560 1747 oredo.
606 1717 716 1749 Quam
733 1716 880 1747 absurda
894 1714 984 1746 foret
1000 1723 1153 1755 personae
1170 1714 1232 1744 hoc
1249 1712 1282 1742 in
1299 1711 1374 1743 loco
1389 1711 1615 1751 antiphrasis;

155 1766 254 1797 quam
270 1757 334 1788 sibi
360 1758 433 1798 ipse
446 1760 661 1790 adversarius
680 1759 888 1800 Pamphilus,
913 1757 1062 1789 retinere
1079 1762 1222 1786 matrem
1239 1755 1401 1794 cupiens!
1426 1755 1504 1794 Βὶμ.
1530 1755 1615 1786 Cum

158 1800 261 1848 Bent.
276 1799 361 1832 facit
381 1801 482 1831 Both.
499 1801 610 1843 aliqua
622 1807 720 1842 parte
736 1802 883 1843 legendo
899 1799 1030 1832 Credon’
1042 1817 1084 1822 —
1095 1809 1186 1838 mage
1194 1798 1224 1829 si
1233 1799 1450 1829 redducam—
1463 1797 1523 1827 sed
1541 1798 1614 1828 uul-

155 1842 222 1874 lam
239 1853 265 1874 is
283 1844 425 1875 ironiam
441 1844 494 1875 hic
512 1845 652 1877 invenit.
668 1846 677 1862 ‘
693 1846 767 1877 Nec
783 1846 880 1876 Bem.
895 1854 957 1876 nec
975 1843 1076 1874 Both.
1093 1841 1347 1873 eliminantibus
1361 1851 1419 1872 nan
1432 1841 1615 1872 assentior.

155 1885 246 1917 Nam
273 1887 353 1917 mihi
378 1886 516 1927 quidem
540 1897 558 1917 e
586 1897 739 1919 sermone
765 1893 906 1929 pensato
934 1886 1132 1926 Pamphilus
1160 1884 1298 1916 videtur
1327 1888 1337 1901 ‘
1355 1894 1421 1914 non
1448 1883 1613 1914 reducen-

156 1927 254 1959 dam'
270 1931 376 1960 satius
393 1934 513 1968 putare
530 1940 630 1970 quam
648 1931 657 1947 ‘
669 1930 916 1963 reducendam'
934 1929 1192 1962 Philumenam:
1209 1926 1255 1959 cf.
1270 1925 1350 1958 infr.
1368 1936 1416 1959 lv.
1433 1925 1498 1957 123
1528 1927 1614 1959 Pei-l.

155 1974 241 2019 512
265 1972 315 2004 M.
333 1977 368 2003 et
386 1972 477 2013 Lips.
493 1972 626 2005 Nescius
639 1984 782 2014 nequeas.
807 1983 947 2015 quorum
964 1973 1134 2013 posterius
1154 1981 1173 2002 e
1195 1970 1350 2011 margine
1367 1970 1401 2001 iu
1416 1973 1615 2000 context-..m

156 2015 310 2054 irrepsit.
335 2015 424 2063 quod
450 2015 531 2046 item
554 2015 597 2047 de
615 2022 761 2057 quatuor
776 2018 860 2048 Mss.
877 2016 977 2055 regiis
993 2016 1149 2055 Guyetus
1165 2019 1325 2052 testatur,
1342 2013 1391 2044 ita
1407 2012 1524 2053 legens
1543 2022 1616 2050 vei·-

155 2066 248 2088 sum:
275 2057 429 2089 Nesczant
441 2069 452 2090 .·
472 2068 578 2089 verum
592 2062 647 2090 tua
658 2060 756 2098 refert
771 2060 860 2099 nihil,
888 2063 993 2090 utrum
1005 2059 1068 2089 inae
1085 2057 1224 2096 fuerint.
1249 2057 1355 2086 West.
1403 2055 1441 2085 ln
1460 2055 1615 2086 omuibus

156 2100 303 2149 Mss3gl.
319 2101 456 2140 irrepsit
470 2102 588 2132 nescias
602 2112 743 2142 nequeas.
767 2103 875 2134 Boecl.
897 2107 934 2135 et
946 2102 994 2133 sle
1011 2100 1054 2138 A,
1071 2101 1114 2140 Β,
1134 2101 1174 2138 C,
1190 2100 1250 2130 ΒΓ.
1267 2099 1352 2130 GM.
1370 2098 1449 2130 Hal.
1466 2102 1500 2129 at
1513 2098 1614 2129 Both.

157 2143 313 2180 Nescws;
335 2153 484 2184 nequeas:
506 2154 610 2175 verum
626 2145 659 2175 id
674 2146 772 2184 refert
786 2146 877 2176 nihil.
895 2144 1138 2176 subintellecto
1160 2145 1170 2160 ⁶
1186 2142 1274 2174 scire
1285 2141 1294 2155 '
1319 2145 1395 2182 post
1415 2142 1424 2157 ‘
1438 2141 1614 2182 nequeas-³

155 2187 165 2202 ‘
184 2186 225 2234 Id
250 2195 318 2217 non
340 2186 470 2218 habent
497 2188 722 2228 antiquissimi
739 2188 814 2219 libri
830 2189 926 2220 Beni.
942 2189 1024 2218 Vat.
1043 2185 1132 2218 Bas?
1156 2185 1216 2217 Fa.
1241 2185 1370 2216 omittit
1387 2184 1463 2224 Bip.
1482 2193 1614 2215 necnon

156 2228 309 2269 Plularg.
337 2229 378 2259 ad
408 2229 534 2270 Georg.
560 2239 616 2261 111.
642 2234 714 2263 105.
737 2231 940 2262 observante
969 2231 1068 2262 nent.
1093 2228 1229 2267 feceriut
1255 2227 1383 2258 omittit
1408 2226 1522 2258 Guelf.
1538 2230 1613 2258 3.—

157 2274 196 2302 13
222 2271 279 2302 Ita
290 2281 365 2303 cum
385 2272 523 2304 Donato
541 2273 693 2314 plerique
709 2274 794 2306 Mss.
821 2277 857 2305 et
882 2273 964 2305 editi
983 2272 1122 2303 vetusti.
1168 2270 1318 2302 Faernus
1334 2279 1375 2301 ex
1392 2268 1614 2301 Bem.Aberit

155 2314 462 2359 laudat.‹uiomodo
474 2320 510 2347 et
520 2316 651 2347 Pareus
663 2316 785 2348 edidit.
809 2317 1019 2356 Intelligitur
1046 2320 1159 2346 autem
1179 2314 1346 2345 Sostrata.
1381 2313 1481 2344 i'Vest.
1503 2313 1616 2344 Aherit

158 2357 257 2388 Beni.
277 2367 343 2398 quo
363 2357 497 2399 quidem
526 2358 626 2390 modo
642 2361 762 2390 melius
778 2364 845 2391 stat
862 2369 990 2390 versus.
1013 2359 1072 2390 Fa.
1103 2357 1224 2388 Nostri
1236 2356 1362 2388 abierit.
1377 2356 1478 2386 Bent.
1501 2356 1614 2387 Aberit

156 2399 236 2441 Bip.
251 2400 352 2431 Both.
382 2401 391 2418 ‘
407 2405 453 2432 est
469 2402 534 2432 haec
547 2402 631 2434 Mss.
646 2402 784 2434 omnes,¹
809 2403 908 2434 Boecl.
939 2406 985 2433 esc
1001 2401 1096 2432 delet
1108 2400 1188 2440 Bip.
1213 2400 1222 2416 ‘
1239 2399 1318 2440 quia
1333 2400 1440 2429 locum
1458 2402 1565 2429 mutat
1580 2399 1614 2429 iu

155 2442 242 2474 Mss.
260 2448 296 2474 et
319 2443 418 2474 obest
448 2444 610 2476 u-oehaic.
641 2445 900 2478 catalect.’—l4
924 2445 981 2476 Ita
1004 2453 1119 2475 omnes
1142 2442 1271 2483 antiqui
1297 2441 1387 2472 libri.
1411 2441 1471 2472 Fa.
1527 2442 1536 2457 ‘
1554 2441 1612 2473 Al.

156 2486 323 2517 collocant
337 2489 383 2517 est
399 2488 555 2519 excedere.
580 2488 674 2519 Perl-
697 2492 742 2520 est
758 2499 876 2529 (equom
901 2489 1044 2519 excedere
1061 2486 1164 2517 Both.
1182 2485 1385 2516 tacite.—15
1411 2483 1513 2514 Both.
1538 2494 1613 2514 vei·-

157 2538 231 2559 sum
244 2527 329 2560 facit
342 2529 503 2561 Postremo
519 2540 696 2562 noe...anus.
711 2534 720 2548 ‘
732 2532 828 2562 Beni.
842 2532 920 2562 Bas.
939 2540 978 2561 ac
991 2531 1082 2562 Vict.
1099 2533 1134 2560 et
1150 2529 1321 2563 Donatus,
1334 2525 1612 2564 nosjamfabulae.’

157 2571 218 2620 Pa.
262 2575 271 2588 ‘
286 2571 402 2602 Nostri
419 2572 588 2613 similiter,
604 2573 886 2612 Nosjamfabnlae.
931 2573 998 2605 Sed
1018 2573 1090 2614 jam
1107 2571 1234 2602 dudum
1251 2570 1308 2601 alii
1325 2568 1482 2600 viderunt
1500 2569 1615 2607 sabula

156 2614 210 2644 luc
226 2613 418 2663 legendum.
463 2615 585 2657 Neque
610 2617 710 2648 aliter
733 2617 901 2654 Donatus,
917 2622 955 2647 ut
972 2625 1015 2647 ex
1031 2613 1324 2654 Interpretatione
1341 2612 1482 2652 colliges
1498 2624 1505 2642 :
1533 2613 1614 2643 Pro-

157 2660 266 2688 nuntm
281 2656 384 2688 Senex
397 2661 488 2698 atque
502 2661 602 2697 Anus,
616 2660 702 2699 quasi
718 2660 845 2692 initium
862 2658 1014 2691 Fabuloe.'
1040 2659 1143 2689 Bent.
1190 2657 1254 2688 Nos
1260 2655 1330 2694 J'am
1346 2656 1424 2694 ssip.
1445 2656 1501 2686 ΒΓ.
1519 2655 1612 2685 Peri.

157 2701 243 2747 -Ιβ
265 2700 328 2748 Per
343 2703 460 2741 tempus
474 2702 578 2741 egredi
595 2712 678 2733 unus
695 2703 761 2734 Ms.
776 2713 795 2734 e
812 2703 920 2734 Boecl.
963 2704 973 2719 ‘
989 2700 1091 2732 Multi
1110 2700 1130 2732 Ι.
1146 2710 1171 2730 s.
1188 2700 1277 2730 iuter
1294 2708 1375 2739 quos
1391 2699 1488 2728 Beni.
1503 2704 1537 2729 et
1556 2698 1612 2728 alii

159 2747 300 2784 antiqui,
317 2743 366 2775 ita
381 2745 562 2786 collocant,
575 2745 762 2786 Phidippum
776 2746 884 2785 egredi
896 2755 952 2786 per
967 2748 1104 2785 tempus.-
1129 2743 1185 2785 qui
1200 2743 1380 2775 restitutus
1395 2740 1478 2773 ordo
1494 2740 1610 2773 verbo-
