1966 3302
561 444 866 502 AELII
969 441 1506 517 DONATI,

676 578 719 609 V.
743 577 781 609 C.
807 575 1046 607 ORATORIS
1071 575 1210 606 URBIS
1234 574 1400 614 ROMAE,

450 673 793 718 PRAEFATIO
827 673 899 716 IN
930 671 1270 715 ADELPHOS
1301 663 1628 714 TERENTII.

368 804 468 841 Hffic
491 801 640 840 Fabula
658 801 832 851 palliata,
866 806 910 837 ut
930 800 1056 850 ipsum
1074 798 1222 836 indicat
1242 811 1398 844 nomen,
1423 801 1496 836 ex¹
1518 796 1660 849 plurali
1689 810 1762 835 nu-

312 879 430 914 mero,
459 880 547 905 cum
582 866 633 903 sit
651 878 752 903 una:
784 870 822 903 et
841 863 1058 902 masculino
1079 876 1232 914 genere,
1251 875 1340 900 cum
1357 862 1407 900 sit
1427 861 1654 900 Comoedia:
1685 864 1762 900 ex2

313 932 456 970 Graeca
477 931 642 982 Lingua,
673 943 761 968 cum
782 929 832 967 sit
862 928 1013 974 Latina,
1044 933 1239 966 censetur.
1293 925 1428 964 Potuit
1445 939 1531 964 eam
1555 925 1761 963 Terentius

313 996 516 1034 FRATRES
548 995 701 1032 dicere:
734 992 803 1030 sed
834 999 874 1030 et
907 991 1036 1029 Graeci
1071 991 1238 1029 nominis
1272 992 1455 1041 εὐφωνίαν
1487 989 1696 1041 perderet:
1725 995 1764 1026 et

309 1068 502 1113 praeterea
520 1065 657 1109 togata
675 1056 890 1099 videretur;
922 1055 972 1093 ad
1002 1068 1206 1101 summam,
1233 1066 1312 1092 non
1334 1054 1466 1092 statim
1484 1052 1765 1104 intelligeretur

311 1123 518 1163 Menandri
539 1135 654 1160 esse:
683 1120 791 1172 quod
824 1120 1027 1157 Terentius
1055 1119 1094 1156 in
1125 1119 1258 1171 primis
1283 1119 1470 1157 lectorem
1499 1118 1597 1156 scire
1630 1117 1762 1168 cupit:

311 1190 439 1227 minus
471 1187 711 1225 existumans
740 1183 882 1230 laudis,
913 1182 1087 1234 proprias
1116 1182 1296 1230 scribere,
1317 1194 1434 1233 quam
1455 1180 1616 1219 Graecas
1636 1188 1764 1220 trans-

314 1255 426 1293 ferre.
475 1252 548 1289 Est
580 1250 698 1301 igitur
725 1248 959 1286 Menandri:
990 1254 1029 1285 et
1061 1260 1084 1285 a
1118 1247 1294 1285 Fratrum
1324 1247 1444 1294 sacto,
1472 1245 1612 1297 quibus
1647 1258 1762 1296 argu-

312 1323 486 1356 mentum
520 1315 668 1361 nititur‚
697 1326 839 1351 nomen
871 1310 1025 1363 accipit.
1083 1310 1210 1361 Hujus
1228 1317 1311 1349 tota
1330 1310 1432 1348 actio
1452 1322 1540 1349 cum
1567 1308 1618 1347 sit
1642 1309 1764 1347 mixta

314 1396 363 1420 ex
391 1388 556 1430 utroque
577 1390 730 1429 genere,
748 1384 792 1414 ut
810 1377 888 1414 fere
909 1373 1154 1413 Terentianae
1186 1387 1335 1421 omneS‚
1354 1381 1495 1425 praeter
1524 1373 1763 1411 HEAUTON-

316 1455 666 1488 TIMORUMENON,
687 1448 818 1479 tamen
849 1438 985 1490 majori
1006 1451 1053 1475 ex
1085 1444 1195 1488 parte
1226 1437 1396 1475 Motoria
1425 1443 1511 1475 est:
1550 1450 1641 1475 nam
1675 1438 1763 1475 Sta·

314 1510 433 1548 tarios
467 1508 574 1546 locos
602 1517 819 1558 perpaucos
845 1504 977 1542 habet.
1034 1501 1202 1540 Prodest
1221 1508 1350 1540 autem
1369 1507 1410 1540 et
1428 1501 1600 1540 delectat
1617 1508 1706 1539 actu
1726 1508 1766 1539 et

315 1573 431 1624 stylo.
490 1571 534 1608 In
551 1569 639 1616 hac,
658 1570 792 1621 primae
812 1573 942 1619 partes
965 1572 1068 1612 sunt,
1088 1572 1132 1604 ut
1151 1565 1308 1616 quidam
1327 1572 1481 1617 putant,
1503 1565 1689 1603 Demeae:
1721 1571 1766 1602 ut

314 1636 489 1688 quidam,
525 1633 624 1686 Syri.
683 1632 796 1677 Quod
833 1632 865 1669 si
894 1638 966 1678 est,
997 1636 1040 1669 ut
1073 1630 1216 1682 primas
1237 1631 1357 1682 Syrus
1378 1630 1548 1674 habeat;
1579 1629 1765 1668 secundae

316 1701 476 1738 Demeae
497 1703 624 1745 erunt,
644 1697 768 1735 tertiae
789 1695 985 1741 Micionis‚
1000 1695 1110 1733 etsie
1131 1695 1331 1746 deinceps,
1389 1695 1624 1745 Quanquam
1647 1693 1764 1731 etiam

316 1771 409 1803 sunt
427 1764 492 1815 qui
509 1759 683 1815 putant‚³
711 1762 854 1813 primas
882 1760 1043 1798 Micioni
1075 1759 1242 1806 dandas,
1273 1758 1467 1797 secundas
1499 1759 1611 1809 Syro,
1630 1757 1766 1796 tertias

316 1830 489 1867 Demeae.
546 1827 663 1872 Nam,
684 1824 787 1876 quod
811 1824 865 1862 ait
896 1824 1114 1870 Terentius,
1151 1823 1299 1861 ‘Senes
1333 1823 1400 1873 qui
1428 1821 1539 1873 primi
1569 1822 1726 1860 venient
1743 1821 1766 1858 :’

316 1899 397 1931 non
430 1891 480 1929 ad
513 1897 643 1942 partes
678 1902 775 1940 quas
796 1889 975 1934 dicimus,
997 1888 1066 1927 sed
1093 1887 1144 1925 ad
1166 1886 1339 1925 ordinem
1359 1887 1524 1937 pertinet
1542 1885 1766 1924 exeuntium

316 1969 583 2008 personarum.
640 1955 739 1992 Haec
760 1954 889 1999 etiam,
910 1962 954 1991 ut
973 1960 1101 1990 cetera
1119 1950 1392 2002 hujuscemodi
1422 1951 1623 1996 Poemata,
1653 1949 1766 2000 quin-

317 2034 394 2072 que
429 2021 553 2059 Actus
574 2019 719 2057 habeat
738 2031 901 2056 necesse
921 2024 993 2063 est,
1029 2017 1156 2055 choris
1189 2016 1336 2053 divisos
1366 2028 1390 2052 a
1423 2014 1574 2052 Graecis
1607 2014 1763 2053 Poetis:

317 2098 418 2137 quos
439 2084 511 2123 etsi
532 2082 724 2122 retinendi
743 2095 862 2120 causa
877 2081 958 2133 jam
974 2081 1194 2120 inconditos
1209 2086 1446 2131 spectatores
1459 2079 1614 2116 minime
1628 2077 1766 2115 distin-

319 2156 446 2200 guunt
476 2147 601 2186 Latini
631 2146 794 2193 Comici,
814 2152 1032 2183 metuentes
1054 2145 1217 2191 scilicet,
1236 2157 1285 2181 ne
1305 2143 1392 2194 quis
1413 2141 1640 2180 fastidiosus
1657 2142 1765 2180 finito

318 2213 436 2258 Actu,
465 2211 570 2250 velut
602 2210 824 2248 admonitus
846 2208 1028 2255 abeundi,
1054 2209 1214 2259 reliquae
1232 2207 1445 2246 Comoediae
1465 2207 1532 2245 fiat
1550 2213 1768 2244 contemtor

319 2283 358 2315 et
377 2282 533 2326 surgat;
564 2281 692 2312 tamen
728 2287 751 2312 a
784 2274 910 2312 doctis
931 2273 1124 2311 veteribus
1145 2271 1301 2310 discreti
1321 2280 1438 2322 atque
1458 2270 1640 2322 disjuncti
1662 2277 1766 2317 sunt,

317 2347 363 2378 ut
395 2352 484 2377 mox
506 2339 721 2390 aperiemus
741 2348 831 2390 post
850 2338 1067 2389 argumenti
1089 2336 1359 2376 narrationem.
1416 2337 1460 2374 In
1479 2336 1553 2373 hac
1574 2334 1766 2385 Prologus

319 2403 520 2454 aliquanto
534 2402 656 2440 lenior
676 2402 871 2440 inducitur
890 2415 898 2439 ε
929 2401 995 2452 qui
1015 2401 1139 2451 magis
1160 2401 1275 2438 etiam
1294 2400 1332 2437 in
1349 2413 1389 2439 se
1410 2399 1630 2451 purgando,
1651 2412 1767 2449 quam

318 2469 358 2506 in
390 2466 622 2505 adversariis
655 2466 846 2504 laedendis
877 2473 940 2503 est
972 2471 1199 2516 occupatus,
1257 2464 1431 2501 Protasis
1452 2471 1512 2501 est
1530 2463 1766 2507 turbulenta,

320 2532 492 2583 Epitasis
526 2531 712 2575 clamosa,
743 2529 1141 2579 Catastrophelenis.
1199 2528 1373 2570 Quarum
1392 2527 1558 2577 partium
1579 2526 1768 2564 rationem

322 2595 546 2646 diligentius
581 2593 620 2630 in
651 2593 839 2644 principio
869 2592 1156 2643 proposuimus,
1191 2605 1278 2630 cum
1299 2591 1349 2629 de
1369 2590 1572 2629 Comoedia
1587 2588 1767 2640 quaedam

322 2659 553 2698 diceremus.
610 2657 707 2695 Haec
729 2670 822 2694 sane
844 2666 932 2695 acta
952 2664 1013 2695 est
1031 2656 1135 2695 ludis
1153 2655 1317 2694 scenicis
1338 2654 1561 2694 funebribus
1583 2653 1626 2692 L.
1648 2652 1768 2690 AEmi-

367 2790 383 2817 1
411 2787 439 2817 E
459 2786 562 2817 Z.-2
587 2787 628 2817 Ei
648 2786 751 2817 Z.-3
777 2786 891 2817 Patent
919 2786 992 2817 cad.
1019 2785 1137 2819 «τὼ-4
1162 2786 1245 2818 Cod.
1269 2784 1360 2817 Pith.
1382 2784 1510 2816 mutatis
1528 2793 1585 2825 per
1606 2793 1648 2815 sc.
1674 2782 1771 2813 moene
