1966 3302
273 222 387 266 1036
770 235 809 263 P.
841 232 1086 264 TERENTH
1120 234 1237 266 ΑΒΜ

276 328 399 380 Quin
419 342 535 372 novo
556 328 689 370 modo
710 329 750 370 ei
770 328 939 371 faceres
962 331 1269 372 contumeliam
1288 345 1299 384 3-

274 396 442 439 Venias
462 410 574 438 nunc
597 397 800 450 precibus
820 397 989 438 lautum
1011 403 1248 451 peccatum
1270 403 1390 440 tuum
1408 401 1427 440 ἲ
1676 401 1732 443 80

275 465 419 507 Hisce
440 478 521 517 ego
541 464 660 505 illam
680 464 811 506 dictis
831 465 898 506 ita
918 465 999 505 tibi
1019 465 1242 506 incensam
1266 466 1400 516 dabo,

276 533 342 575 Ut
361 545 415 573 ue
434 532 680 585 restinguas
699 532 911 586 lacrymis
932 533 970 573 si
991 533 1310 575 exstillaveris.

275 601 366 642 DE.
397 599 583 650 Malum,
606 599 722 653 quod
743 600 818 642 isti
839 601 900 641 Di
919 601 1123 654 Deaeque
1147 614 1302 642 omnes
1323 600 1475 643 duint!

274 668 475 709 Tantane
496 667 700 708 affectum
724 681 971 722 quenquam
992 681 1092 708 esse
1114 668 1330 708 hominem
1355 668 1578 710 audacia?

274 735 382 776 Non
402 734 486 775 hoc
508 735 760 788 publicitus
782 735 928 775 scelus
949 734 1051 775 hinc
1073 734 1347 787 deportarier
1675 736 1734 778 85

274 803 326 843 In
346 803 467 844 solas
488 804 656 844 terras?
718 802 875 844 CHRE-
908 802 960 843 In
982 801 1027 843 id
1049 802 1255 844 redactus
1276 816 1372 843 sum
1393 802 1494 852 loci,

269 870 334 911 Ut
355 869 463 924 quid
486 883 615 923 agam
636 883 733 912 curn
756 870 848 921 illo,
870 869 1063 911 nesciam
1085 883 1296 923 prorsum.
1349 871 1438 911 Du.
1462 869 1556 923 Ego
1578 870 1673 913 scio
1691 885 1701 914 ε

273 938 327 979 In
339 938 416 993 jus
438 951 607 980 eamus.
666 938 828 979 Prion.
860 937 913 979 In
927 937 1029 992 jus!
1060 937 1161 988 huc,
1184 937 1227 978 si.
1245 938 1355 991 quid·
1373 938 1510 981 lubet.

266 1095 427 1135 quicquam
445 1095 590 1136 puduerit
597 1095 739 1134 foeminoe
756 1094 813 1126 uni
827 1103 867 1125 ex
877 1092 1040 1134 primariis
1055 1103 1132 1124 novo
1149 1093 1236 1124 modo
1238 1093 1348 1131 facere
1359 1091 1519 1132 injuriam,
1535 1102 1615 1124 nunc
1628 1092 1735 1126 venias

264 1141 436 1177 purgalum
450 1138 590 1179 precibus
611 1137 749 1179 flagitio.
763 1140 840 1168 tua?
880 1136 1005 1167 Talibus
1019 1145 1075 1175 ego
1088 1136 1174 1166 illam
1188 1134 1283 1167 dictis
1295 1136 1341 1167 ita
1356 1136 1582 1177 inflammatam
1596 1136 1646 1168 ira
1657 1136 1691 1167 in
1703 1139 1735 1167 te

265 1181 403 1221 reddam,
418 1184 451 1211 ul
467 1191 506 1212 ne
521 1181 711 1219 restinguas,
727 1180 823 1211 etiam
837 1179 866 1210 si
888 1181 973 1210 totus
992 1179 1138 1220 lacrymis
1155 1178 1336 1219 liquefactus
1357 1178 1618 1219 stillatimfluas.
1664 1179 1734 1210 DE.

266 1222 399 1260 IlIalum,
415 1225 494 1264 quod
510 1224 569 1255 Dii
582 1224 719 1263 Deaeque
742 1232 845 1253 omnes
868 1232 887 1252 a
902 1221 989 1253 nobis
1004 1225 1159 1257 avertant,
1177 1225 1207 1252 et
1223 1224 1256 1252 in
1273 1222 1365 1252 istum
1381 1224 1506 1252 vertant
1518 1221 1534 1253 Ι
1580 1223 1629 1251 Αη
1653 1223 1736 1261 quis-

267 1273 358 1304 quam
374 1270 462 1297 tanta
477 1267 608 1298 audacia
621 1265 775 1307 praeditus
790 1265 928 1295 inveniri
942 1267 1043 1303 potest
1058 1266 1071 1294 ?
1110 1265 1224 1295 Nonne
1238 1264 1303 1294 haec
1315 1264 1424 1304 pestis,
1439 1264 1488 1294 hic
1503 1265 1649 1295 scelestas
1663 1264 1734 1301 dig-

267 1317 325 1337 nus
353 1312 411 1348 est,
434 1310 486 1349 qui
499 1309 619 1349 publico
634 1310 753 1340 decreto
770 1308 803 1338 in
824 1311 981 1339 extremas
1003 1309 1035 1337 et
1057 1308 1197 1337 desertas
1218 1310 1323 1337 terras
1345 1305 1554 1338 amandetur?
1600 1307 1667 1337 CH.
1695 1307 1735 1337 In

268 1359 301 1380 eo
325 1353 411 1382 statu
432 1353 512 1382 situs
532 1362 613 1391 sum,
634 1355 671 1382 ut
692 1352 832 1390 ignorem
858 1349 980 1380 omnino
997 1350 1143 1389 quomodo
1159 1349 1236 1380 mihi
1250 1350 1404 1388 agendum
1418 1349 1460 1380 sit
1474 1359 1544 1380 cum
1558 1350 1622 1380 illo.
1667 1348 1737 1379 DE.

267 1392 315 1423 At
329 1402 385 1433 ego
401 1404 461 1426 non
476 1395 594 1435 ignoro.
618 1395 658 1425 In
674 1393 744 1434 jus,
757 1394 798 1424 ad
813 1393 989 1424 Praetorem
1005 1402 1123 1425 eamus,
1169 1392 1241 1425 Pu.
1265 1391 1392 1430 Injus?
1414 1391 1447 1424 in
1464 1392 1542 1423 hanc
1560 1391 1735 1423 Chremetis

886 1512 1124 1526 ‘OQM'

269 1611 325 1633 ma
341 1600 486 1640 videtur,
502 1601 647 1642 putanti,
665 1600 776 1633 Nonio
791 1601 959 1633 Marcello
977 1601 1147 1642 posterius
1171 1605 1259 1641 esse,
1276 1599 1366 1642 quod
1389 1601 1429 1639 is,
1452 1599 1480 1632 si
1504 1599 1595 1640 apud
1610 1600 1736 1631 Teren-

270 1645 354 1676 tium
382 1644 538 1683 legisset,
563 1645 746 1675 emissurus
773 1654 840 1675 non
865 1643 997 1676 fuisset.
1025 1645 1129 1676 West.
1184 1645 1271 1675 Huic
1290 1645 1389 1675 Both.
1427 1644 1469 1674 sit
1485 1641 1600 1674 Guelf.
1615 1645 1737 1674 2.-79

273 1688 369 1717 Bem.
384 1686 489 1718 habet
505 1688 720 1718 contumeliam
731 1698 741 1718 .-
767 1686 857 1728 quod
874 1691 909 1718 et
925 1688 1084 1718 usitatius
1102 1691 1156 1719 est
1173 1697 1250 1718 cum
1268 1685 1499 1724 verbofacere.
1525 1695 1641 1719 omnes
1656 1694 1736 1716 vero

270 1734 440 1770 quotquot
457 1735 534 1760 sunt
551 1730 629 1760 libri
645 1730 771 1770 scripti
782 1729 886 1761 verba
901 1730 949 1761 sic
966 1730 1136 1770 ordinant,
1150 1730 1224 1770 quin
1238 1740 1314 1761 novo
1330 1731 1418 1761 modo
1434 1729 1483 1760 ei:
1507 1738 1575 1769 qua
1586 1728 1737 1759 lectione

270 1772 429 1811 admissa,
446 1782 577 1803 versum
594 1773 641 1803 ita
657 1778 899 1811 sustentamus,
916 1777 953 1803 ut
978 1773 1010 1803 in
1036 1782 1112 1804 novo
1137 1773 1314 1803 subtracta
1331 1772 1448 1803 littera
1468 1781 1501 1809 u,
1516 1770 1736 1812 quemadmo-

269 1815 350 1845 dum
364 1814 397 1845 in
412 1815 543 1855 invidia,
558 1815 625 1846 duo
640 1826 657 1845 ο
673 1815 707 1846 in
726 1825 824 1846 tiniam
841 1815 1009 1856 syllabam
1025 1816 1167 1847 coeant:
1193 1816 1221 1846 ei
1239 1824 1319 1846 vero
1335 1814 1380 1845 sit
1396 1814 1580 1855 spondeus,
1593 1818 1631 1844 ut
1644 1822 1737 1852 saepe

270 1857 361 1897 apud
388 1858 545 1898 antiquos
568 1858 699 1899 poetas.
725 1858 784 1889 Fa.
831 1858 949 1889 Nostri
977 1859 1201 1889 contumelias.-
1225 1862 1344 1888 cetera
1365 1861 1470 1888 recte.
1493 1857 1591 1887 Bent.
1647 1855 1737 1886 Novo

270 1901 357 1931 morio
373 1900 448 1940 quin
464 1901 589 1939 faceres
604 1901 708 1931 Both.
756 1901 996 1940 Contumeliam]
1024 1901 1079 1931 Ita
1097 1904 1242 1941 praestat
1266 1901 1394 1940 legere,
1410 1908 1508 1939 quam
1525 1897 1616 1939 quod
1633 1903 1687 1929 est
1703 1897 1736 1928 in

271 1943 472 1983 quibusdam
490 1943 684 1982 Codicibus,
704 1943 925 1974 Contumelias.
970 1944 1057 1973 Eun.
1078 1952 1112 1974 v.
1127 1946 1158 1974 2.
1175 1946 1228 1974 27.
1251 1942 1367 1972 Plaut.
1381 1940 1476 1972 Asin.
1492 1949 1532 1972 11.
1547 1943 1580 1972 4.
1597 1943 1649 1972 82.
1665 1940 1674 1957 ‘
1687 1941 1738 1971 Tu

271 1985 511 2022 contumeliam
528 1986 627 2017 alteri
644 1985 763 2025 facias,
780 1986 840 2017 tibi
859 1995 925 2016 non
944 1985 1079 2016 dicatur
1091 1985 1114 2016 θ’
1142 1986 1239 2016 West.
1283 1983 1400 2016 Guelf.
1421 1984 1512 2022 hujus
1528 1992 1589 2023 pro
1606 1983 1739 2022 gl.—80

276 2028 393 2059 Veneas
409 2038 469 2069 pro
489 2038 559 2059 var.
577 2029 656 2059 lect.
675 2038 751 2059 curn
769 2029 814 2069 gl.
828 2029 942 2059 vendas
959 2028 1042 2059 GM.
1061 2032 1096 2059 et
1113 2037 1192 2058 sane
1209 2028 1269 2058 Er.
1300 2027 1418 2058 Veneas
1447 2035 1523 2057 cum
1541 2025 1586 2066 gl.
1602 2025 1737 2057 vendas:

271 2079 350 2101 mox
378 2071 388 2088 ⁴
405 2071 512 2102 nostri
527 2071 696 2112 plerique,
712 2081 792 2102 nunc
821 2070 899 2101 mihi
920 2071 1087 2110 precibus.-
1120 2080 1217 2109 unus,
1241 2069 1319 2100 mihi
1341 2079 1423 2100 minc>
1445 2068 1608 2109 precibus.-
1641 2068 1740 2109 alter,

271 2114 353 2144 mihi·
372 2114 514 2153 precibus
529 2124 630 2145 nunc.-
664 2114 745 2144 tolle
763 2112 845 2144 illud
863 2123 954 2149 nunc,
972 2113 1061 2156 quod
1080 2117 1116 2144 et
1132 2112 1220 2143 sedis
1237 2112 1376 2143 incertae
1394 2116 1471 2150 est;
1505 2115 1541 2142 et
1557 2111 1637 2143 nihil
1662 2120 1736 2142 sen-

274 2156 393 2187 tentiae
407 2156 565 2196 confert3
589 2161 624 2187 et
640 2157 725 2197 lege,
741 2155 831 2195 quod
843 2155 1020 2187 Comicum
1033 2159 1068 2187 et
1084 2165 1127 2186 ex
1139 2155 1251 2186 medio
1265 2158 1437 2195 sumptum
1452 2157 1516 2194 est,
1537 2153 1651 2185 Venias
1663 2154 1738 2185 mihi

269 2199 412 2238 precibus
427 2200 545 2230 lautum
559 2203 719 2240 peccalum
734 2197 843 2229 tuum?
861 2199 964 2230 Bent.
1000 2198 1165 2239 Sequitur
1181 2197 1276 2229 Perl.
1302 2207 1384 2228 nunc
1394 2197 1473 2228 mihi
1484 2196 1628 2237 precibus
1643 2197 1686 2229 V.
1699 2197 1737 2228 C.

273 2241 363 2282 apud
383 2242 479 2272 Lind.
497 2241 613 2274 Guelf.
628 2245 658 2273 2.
674 2242 733 2272 ssr.
755 2251 835 2272 nunc
851 2242 970 2272 tautum
983 2241 1125 2281 precibus
1138 2241 1238 2272 Both.
1252 2241 1455 2272 tacita—81
1474 2239 1542 2270 Hic
1553 2248 1609 2277 ego
1622 2238 1740 2271 Guelf.

275 2286 305 2315 1.
328 2284 337 2301 ‘
352 2285 522 2315 Palmerio
539 2288 574 2315 et
592 2285 701 2315 Pareo
716 2283 814 2315 Hisce
831 2284 974 2314 verbum
995 2289 1061 2323 est,
1078 2283 1120 2314 ab
1137 2284 1246 2314 Hisco.
1270 2283 1318 2314 Ut
1335 2291 1453 2314 sensus
1472 2281 1529 2322 sit,
1543 2281 1654 2317 Hisce,
1667 2283 1695 2313 h.
1708 2292 1738 2314 e.

272 2326 386 2358 mutire
400 2327 512 2367 incipe,
527 2327 556 2357 si
572 2328 647 2368 quid
661 2328 766 2360 audes.
792 2327 878 2357 Mihi
894 2327 967 2358 haec
982 2326 1136 2358 acutiora
1151 2325 1323 2365 videntur,
1340 2334 1439 2366 quam
1457 2333 1520 2366 par
1535 2323 1610 2356 est?
1639 2324 1741 2357 West.

272 2373 358 2401 -82
383 2370 597 2401 Dislillaveris
611 2371 654 2400 V.
673 2370 712 2400 C.
737 2369 826 2409 apud
847 2369 1030 2400 Lirim-83
1057 2369 1102 2400 H.
1123 2379 1152 2400 v.
1179 2378 1197 2399 e
1225 2368 1350 2399 Plauto
1377 2367 1624 2408 interpolatum
1647 2367 1740 2398 delet

274 2412 462 2446 Boiu—85
484 2413 592 2445 Nonne
603 2413 659 2443 hoc
671 2411 856 2452 publicitus]
878 2411 921 2445 Τὸ
933 2421 971 2442 ne
983 2421 1049 2442 non
1066 2416 1118 2442 est
1131 2411 1163 2442 in
1181 2412 1277 2442 Bem.
1296 2411 1345 2441 ita
1358 2414 1467 2441 restat
1483 2409 1573 2441 nuda
1588 2411 1739 2452 negatio,

274 2463 349 2495 quae
369 2464 430 2498 per
446 2456 746 2495 interrogationem
764 2455 896 2495 prolata
911 2454 1163 2494 expressionem
1179 2454 1286 2484 habet
1301 2452 1531 2494 indignitatis,
1547 2456 1604 2495 ut,
1632 2457 1642 2470 ⁴
1659 2452 1739 2484 Non

274 2498 349 2529 haec
374 2507 394 2528 o
420 2498 516 2529 Palla
533 2498 678 2530 dederas
706 2498 871 2537 promissa
895 2496 1053 2536 parenti!
1076 2497 1138 2528 Fa.
1185 2496 1304 2528 Nostri
1332 2496 1448 2527 om'nes
1474 2495 1600 2526 Nonne.
1644 2494 1742 2526 Nihil

273 2540 429 2571 interest.
452 2541 548 2572 Bent.
596 2541 707 2571 Nonne
723 2541 870 2570 Bia—86
895 2539 1033 2580 Guyeto
1050 2539 1082 2570 in
1100 2538 1220 2580 glossis
1235 2539 1319 2570 Mss.
1336 2539 1376 2569 In
1391 2539 1425 2570 id
1442 2537 1608 2578 glossema
1622 2537 1738 2568 viden*

275 2586 344 2622 tur,
355 2583 590 2622 substituenti,
603 2584 651 2614 Eo
667 2584 811 2617 redactus
824 2592 892 2613 sum
907 2583 976 2613 loci.
1000 2583 1198 2613 West.-—S‘I
1222 2582 1384 2622 Quinque
1401 2580 1508 2612 nostri
1524 2590 1563 2611 esc
1582 2580 1649 2620 illo,
1670 2589 1738 2611 non

275 2634 344 2655 cum
359 2626 424 2656 illo.
471 2626 610 2657 Deinde
627 2625 712 2656 illud
729 2630 822 2661 nota,
840 2624 931 2666 quod
948 2624 1100 2655 Faernus
1117 2634 1159 2655 ex
1176 2625 1276 2656 Bem.
1293 2623 1403 2663 dedit,
1417 2623 1563 2654 Nesciam
1585 2631 1738 2663 prorsum.

277 2667 346 2706 Ego
361 2668 435 2699 scio.
460 2668 517 2698 ubi
539 2669 706 2706 Prorsum,
721 2667 810 2708 quod
828 2677 964 2708 semper
979 2667 1070 2708 apud
1086 2666 1251 2698 Nostrum
1279 2666 1375 2704 alias,
1394 2670 1431 2697 et
1454 2675 1515 2696 suo
1537 2665 1617 2705 jure
1635 2664 1739 2696 debet

278 2710 366 2748 acui,
382 2711 415 2739 in
433 2711 534 2741 Thesi
561 2710 774 2750 deprimitur.
822 2710 917 2741 Unus
944 2719 986 2740 ex
1015 2710 1153 2750 nostris,
1169 2710 1303 2740 Prorsus
1327 2708 1471 2739 nesciam.
1516 2708 1669 2746 Repone,
1696 2707 1741 2738 Ut

277 2752 352 2791 quid
363 2762 456 2791 agam
472 2763 511 2783 ex
526 2753 580 2783 illo
593 2763 721 2793 prorsus
731 2752 877 2784 nesciam.
902 2753 973 2791 Ego
988 2753 1062 2783 scio.
1086 2753 1188 2783 Bent.
1213 2761 1313 2792 quem
1330 2750 1485 2791 sequitur
1496 2749 1599 2780 Both.
1633 2759 1674 2780 ex
1684 2750 1740 2780 illo

278 2794 363 2827 GM.
391 2804 518 2836 prorsus
536 2796 681 2828 Bia—88
706 2795 745 2828 In
760 2794 816 2834 jus
831 2805 893 2827 eas·
922 2795 993 2827 ΡΠ.
1010 2794 1134 2834 lnjus?
1159 2794 1350 2826 Bot11.-89
1374 2793 1419 2825 At
1432 2801 1556 2833 sequere
1572 2790 1689 2824 Guelf.
1705 2794 1736 2824 3.
