1966 3302
292 244 376 287 804
784 253 825 282 P.
857 251 1099 282 TERENTH
1133 251 1249 282 Anni

292 347 520 411 Comitum
542 349 799 396 conventus,
822 346 1053 399 strepitus,
1074 345 1240 387 clamor
1259 345 1506 397 mulierum,

299 395 480 465 Fecere,
502 420 552 455 ut
575 418 675 455 ante
698 416 872 467 tempus
894 414 1061 454 exirem
1083 413 1220 454 foras.

293 482 487 523 Vetere
478 497 520 523 m
541 496 659 523 nova
680 483 798 536 coepi
820 482 884 522 uti
905 481 1242 530 consuetudine,

295 550 349 590 In
371 550 644 604 experiundo
663 555 712 591 ut
735 562 910 590 essem:
940 548 1078 589 refero
1100 548 1257 588 denuo.
1694 545 1751 587 30

1116 598 1233 613 W

293 617 447 658 Primo
471 623 575 659 actu
596 618 751 671 placeo
769 631 781 669 3
813 631 914 658 cum
933 617 1098 658 interea
1117 629 1263 657 rumor
1284 616 1415 666 venit,

293 685 459 726 Datum
481 685 532 726 iri
554 685 829 738 gladiatores
850 699 861 735 ;
891 685 1088 738 populus
1110 684 1344 734 convolat3

293 748 649 802 Tumultuantur,
672 753 880 802 clamant,
902 756 1097 807 pugnant
1118 752 1171 792 de
1190 752 1318 793 loco:

293 820 388 874 Ego
410 821 571 862 interea
593 834 738 861 meum
760 834 848 862 non
870 822 998 874 potui
1020 821 1151 862 tutari
1171 821 1336 861 locum.

294 888 427 930 Nunc
449 889 579 929 turba
599 888 721 929 nulla
739 893 830 930 est:
863 890 1017 939 otium,
1040 892 1086 929 et
1105 888 1331 929 silentium
1351 891 1441 927 est:
1693 886 1751 927 35

293 956 468 1010 Agendi
489 961 665 1010 tempus
685 956 790 997 mihi
811 956 962 997 datum
982 959 1048 997 est
1065 971 1074 998 :
1105 957 1231 998 vobis
1253 955 1383 996 datur

294 1025 505 1066 Potestas
526 1024 846 1066 condecorandi
863 1023 991 1064 ludos
1012 1024 1226 1065 scenicos.

297 1093 451 1135 Nolite
474 1093 616 1132 sinere
636 1105 715 1145 per
734 1104 815 1133 vos
836 1095 973 1132 artem
994 1091 1201 1133 musicam

300 1160 522 1201 Recidere
542 1160 597 1199 ad
616 1172 813 1212 paucos:
844 1159 990 1208 facite,
1011 1163 1059 1199 ut
1078 1162 1228 1200 vostra
1245 1159 1482 1200 auctoritas

296 1228 415 1269 Meae
439 1227 695 1268 auctoritati
714 1226 879 1268 fautrix
900 1225 1183 1280 adjutrixque
1205 1225 1277 1266 sit.
1696 1226 1753 1265 40

297 1296 347 1337 Si
369 1308 597 1349 nunquam
618 1276 960 1348 avarffletium
980 1277 1111 1335 §fatui
1133 1293 1214 1333 arti
1234 1305 1361 1342 meae,

296 1363 353 1404 Et
374 1376 475 1404 eum
497 1375 595 1403 esse
616 1365 848 1415 quaestum,
869 1362 915 1402 in
935 1362 1127 1402 animum
1147 1360 1317 1410 induxi,
1341 1373 1618 1410 maxumum,

298 1430 447 1481 Quam
470 1443 676 1471 maxume
697 1431 857 1471 servire
878 1431 1046 1472 vostris
1070 1430 1316 1471 commodis
1335 1443 1346 1480 ;

298 1499 440 1540 Sinite
463 1498 698 1551 impetrare
718 1510 803 1547 me,
825 1498 903 1550 qui
926 1499 971 1538 in
992 1498 1175 1538 tutelam
1195 1510 1337 1538 meam

299 1566 507 1608 Studium
526 1577 668 1614 suum,
689 1568 732 1605 et
753 1578 800 1605 se
823 1566 868 1605 in
889 1569 1086 1606 vostram
1109 1566 1331 1606 commisit
1351 1563 1496 1614 fidem,
1697 1566 1754 1605 45

297 1681 388 1712 tandi
400 1681 592 1720 funambuli,
603 1691 766 1712 concursus
782 1691 884 1712 eorum
905 1682 956 1721 qui
970 1682 1004 1713 in
1019 1686 1126 1713 nostro
1140 1685 1214 1713 sunt
1225 1681 1387 1721 comitatu,
1402 1682 1561 1716 tumultus,
1577 1680 1757 1718 vociferatio

298 1725 476 1764 mulierum,
491 1735 538 1755 me
553 1725 720 1763 coegerunt
738 1725 859 1764 egredi,
873 1729 946 1755 ante
962 1726 1140 1765 completam
1147 1725 1268 1762 fabuloe
1283 1724 1448 1762 actionem,
1464 1727 1556 1754 extra
1580 1723 1756 1754 Theatrum.

302 1769 391 1807 Carpi
417 1769 466 1798 uti
491 1767 620 1808 antiqua
643 1767 873 1805 consuetudine,
897 1777 956 1808 qua
980 1778 1051 1798 usus
1066 1767 1122 1805 fui
1144 1769 1177 1797 in
1197 1767 1316 1798 Coecilii
1331 1767 1463 1805 fabulis,
1478 1768 1511 1797 in
1525 1776 1602 1796 noca
1621 1766 1759 1796 Terentii

303 1810 459 1841 Comoedia
495 1811 631 1851 Hecyra,
660 1813 694 1840 ut
721 1812 754 1840 in
778 1811 914 1850 periculo
932 1810 1078 1848 faciendo
1107 1811 1294 1850 insisterem,
1322 1813 1352 1840 et
1376 1813 1499 1840 tentare
1519 1818 1759 1849 perseverarem.

300 1854 421 1883 Iterum
448 1853 609 1894 Hzcyrum
627 1853 815 1883 Comoediam
841 1854 1002 1884 introduco
1027 1853 1061 1883 in
1079 1853 1258 1884 Theatrum.
1305 1852 1414 1883 Primo
1437 1855 1508 1883 actu
1521 1854 1634 1890 gratus
1645 1860 1711 1881 sum
1727 1855 1769 1882 et'

298 1900 462 1935 acceptus:
485 1905 554 1926 cum
568 1897 687 1926 interea
702 1906 799 1926 sermo
814 1896 974 1936 spargitur
995 1896 1169 1927 exhibitum
1193 1895 1236 1926 iri
1256 1895 1460 1935 gladiatores.
1504 1895 1561 1926 Fit
1573 1893 1691 1924 subitus
1703 1903 1757 1934 po-

296 1938 554 1978 puliconcurqus
571 1938 670 1968 turboe
685 1939 874 1977 excitantur,
889 1939 1111 1977 vociferantur,
1134 1942 1254 1970 certant
1279 1941 1406 1978 propter
1421 1939 1536 1968 locum:
1559 1947 1615 1976 ego
1638 1936 1759 1967 interea

299 1982 372 2012 7177777
389 1982 454 2012 ltaec
461 1981 579 2021 fierent
595 1991 654 2011 non
666 1982 755 2021 potui
767 1982 931 2020 defendere
946 1983 1042 2012 locum
1056 1982 1089 2012 777
1104 1992 1161 2021 quo
1183 1982 1249 2022 ipse
1264 1992 1305 2020 ag
1286 1981 1404 2012 ο74777777.
1452 1981 1546 2010 Nunc
1559 1979 1759 2011 tumultuatio

306 2025 391 2054 nulla
408 2028 466 2063 est,
483 2024 697 2063 tranquillitas
711 2028 740 2055 et
758 2025 959 2055 taciturnitas
983 2024 1195 2062 observantur,
1219 2026 1334 2055 occasio
1360 2028 1531 2064 opportuna
1552 2022 1706 2053 recitandi
1721 2022 1760 2052 ab

303 2067 448 2097 «edilibus
463 2067 540 2097 7777177·
553 2067 720 2107 praebetur.
765 2067 859 2097 Vobis
875 2068 947 2098 licet
962 2068 1047 2099 ludos
1066 2067 1257 2106 Theatrales,
1273 2067 1325 2107 qui
1342 2067 1374 2097 777
1395 2076 1484 2097 scena
1499 2069 1648 2105 aguntur,
1671 2064 1759 2095 coho-

300 2113 422 2140 nestare
437 2112 549 2147 favore
570 2109 692 2140 silentii
717 2110 825 2142 vestri.
870 2110 979 2140 Nolite
1002 2111 1202 2150 committere,
1224 2113 1259 2140 ut
1282 2120 1334 2140 ars
1350 2109 1479 2140 Po'e'tica
1498 2118 1609 2149 paucos
1623 2107 1759 2148 artifices

297 2152 417 2192 peritos
432 2152 555 2191 habeat,
577 2156 607 2183 et
622 2154 662 2183 ud
675 2162 788 2192 paucos
802 2153 959 2192 perveniat
973 2163 982 2183 .-
1006 2153 1162 2184 concedite
1178 2153 1254 2184 mihi
1268 2152 1440 2183 subsidium
1455 2156 1590 2182 vestrum
1605 2155 1634 2182 et
1648 2150 1758 2190 praesi-

301 2195 399 2232 dium,
421 2196 493 2225 (177777
508 2195 599 2226 enixe
614 2195 716 2225 laboro
738 2195 772 2225 in
788 2195 929 2233 juvando
958 2196 1072 2226 Potitus
1096 2205 1258 2235 eorumque
1282 2194 1396 2226 studia.
1443 2195 1482 2225 Si
1495 2203 1651 2234 nunquam
1665 2201 1760 2224 avare

302 2237 366 2267 arti
383 2247 455 2267 mea
471 2237 705 2268 (estimationem
720 2241 751 2268 et
766 2238 985 2269 medicationem
991 2238 1068 2277 fccz
1082 2243 1113 2269 et
1136 2239 1214 2269 7777Ἱι7
1228 2238 1366 2278 persuasi
1379 2239 1444 2269 lucr
1447 2248 1497 2268 um
1517 2237 1603 2268 istud
1616 2245 1679 2266 esse
1693 2245 1758 2266 am-

300 2281 486 2320 plissimum,
513 2281 623 2311 vestris
643 2281 844 2318 utilitatibus,
868 2286 898 2311 et
923 2282 1134 2312 emolumentis
1148 2285 1238 2321 atque
1254 2281 1482 2311 oblectamentis
1495 2280 1668 2314 inservire3
1688 2287 1760 2318 per-

303 2323 421 2353 mittite
437 2333 482 2353 me
497 2323 552 2353 hoc
573 2334 592 2353 a
608 2324 691 2354 vobis
707 2324 845 2364 precibus
859 2324 1008 2364 obtinere,
1026 2335 1063 2355 ne
1087 2334 1155 2355 eum
1169 2325 1305 2355 delusum
1329 2323 1460 2363 improbi
1473 2321 1607 2361 improbe
1626 2320 1759 2351 ludibrio

303 2366 447 2403 habeant,
463 2367 516 2405 qui
531 2367 666 2396 studium
686 2370 716 2397 et
731 2376 853 2406 operam
868 2367 947 2397 artis
959 2377 1023 2397 suoe
1037 2367 1114 2397 mihi
1128 2367 1284 2402 tuendam,
1299 2369 1328 2397 et
1352 2375 1383 2396 se
1394 2364 1476 2406 fidei
1489 2368 1519 2395 et
1525 2364 1633 2402 favori
1655 2367 1759 2395 vestro

922 2448 1159 2460 ‘mene

306 2516 389 2545 —27
416 2514 586 2544 Hominum
607 2517 770 2545 conventus
797 2515 900 2546 Both.
925 2515 1076 2555 strepitus
1098 2515 1217 2546 Leidd.
1234 2515 1393 2555 quinque,
1410 2514 1501 2554 Lips.
1519 2513 1620 2544 Bodl.
1636 2513 1757 2546 Boend.

308 2557 358 2588 M.
377 2557 450 2587 ΕΡ.
466 2557 564 2588 sunt.
582 2557 658 2587 Ald.
685 2558 732 2588 St.
756 2557 822 2588 dno
840 2559 924 2588 Mss.
941 2558 1029 2598 apud
1046 2558 1153 2589 Boecl.
1169 2563 1204 2588 at
1221 2558 1374 2588 Donatus
1386 2558 1543 2588 studium.-
1567 2566 1641 2596 quae
1666 2561 1674 2573 ‘
1690 2557 1757 2588 lec·

307 2601 356 2630 tio
380 2599 499 2630 melior
518 2599 649 2630 videtur
665 2600 808 2631 Heinsio
826 2600 867 2630 ad
885 2600 988 2631 Ovid.
1007 2599 1123 2631 Amor.
1140 2610 1195 2631 111.
1211 2603 1241 2630 2.
1259 2600 1323 2631 (57.y
1346 2601 1389 2632 R.
1406 2601 1451 2631 D.
1474 2599 1611 2630 studium
1627 2599 1758 2638 placuit

306 2646 343 2672 et
360 2641 578 2672 Gambarello
596 2643 743 2673 Fam-ino
768 2648 803 2673 et
831 2644 887 2674 Fr.
916 2644 1174 2674 Fabricio.—33
1201 2643 1403 2674 Tumultuant
1417 2642 1512 2675 Junt.
1528 2651 1606 2672 mox
1622 2642 1758 2673 clamant

307 2688 337 2715 et
351 2684 435 2715 GM.
453 2694 654 2724 perperaum
671 2690 724 2715 est
742 2685 830 2716 enim
849 2686 1049 2726 asyndeton.
1061 2687 1146 2717 Perl.
1165 2689 1337 2725 repugnant
1355 2686 1491 2716 M.-·35
1506 2684 1581 2716 Non
1596 2688 1641 2715 est
1657 2685 1756 2716 Bern.

308 2728 400 2758 Don.
415 2732 450 2757 et
466 2728 567 2758 Both.
590 2728 808 2758 tacita—41.
826 2732 879 2759 42.
896 2731 936 2759 43
962 2729 1038 2759 Hoc
1057 2729 1233 2759 tristiehon
1251 2729 1379 2759 omittit
1394 2728 1496 2759 Both.
1512 2727 1591 2768 qnia
1613 2727 1646 2757 id
1673 2733 1756 2767 apte

310 2771 460 2810 positum
479 2770 579 2801 estin
607 2770 841 2802 Heautontim.
867 2771 1026 2812 Prologo,
1049 2771 1104 2802 hie
1132 2772 1340 2802 minus—42
1363 2771 1447 2802 Mss.
1471 2769 1609 2811 quidam
1625 2774 1661 2801 et
1677 2769 1756 2801 edd.
