1966 3302
1531 230 1546 236 )

442 238 859 269 HEAUTONTiMOR.
893 241 997 268 Aer.
1025 240 1075 268 11.
1109 240 1176 269 sc.
1211 240 1275 267 ir.
1500 232 1581 269 ξω]

134 331 280 372 Vobis
310 345 410 372 cum
440 345 528 373 uno
553 333 686 373 semel
708 334 784 373 ubi
807 338 984 374 aetatem
1005 347 1132 386 agere
1154 335 1378 375 decretum
1400 334 1454 375 ''st
1473 336 1580 383 viro,

134 396 270 451 Cujus
304 411 401 438 mos
433 412 643 440 maxume
676 399 730 440 'st
761 400 1006 441 consimilis
1040 405 1249 451 vostrum,
1280 402 1323 442 hi
1352 415 1399 442 se
1421 402 1476 443 ad
1498 416 1580 443 vos

304 466 543 519 applicant.

136 531 237 572 Hoc
258 533 472 574 beneficio
494 534 662 587 utrique
683 535 738 575 ab
760 536 959 588 utrisque
986 549 1092 577 vero
1115 537 1412 586 devincimini,

134 598 198 639 Ut
216 613 433 653 nunquam
454 602 544 642 ulla
565 604 701 643 amori
724 608 868 644 vestro
890 604 1078 644 incidere
1095 607 1242 658 possit
1259 605 1502 646 calamitas
1526 606 1582 645 15

131 666 224 707 AN.
258 667 427 709 Nescio
451 669 590 712 alias:
621 685 690 712 me
721 671 897 725 quidem
920 685 1092 726 semper
1111 673 1208 713 scio
1231 673 1393 713 fecisse
1415 673 1580 721 sedulo,

132 733 196 775 Ut
232 748 288 776 ex
328 736 446 777 illius
486 740 717 780 commodo
758 752 909 783 meum.
943 753 1242 795 compararem
1284 740 1580 781 commodum.

303 805 387 846 CL.
421 805 515 848 Ah!

131 871 260 925 Ergo,
292 886 388 914 mea
409 873 650 927 Antiphila,
681 879 726 916 tu
760 888 872 917 nunc
895 876 994 916 sola
1016 876 1215 917 reducem
1237 889 1305 916 mc
1329 876 1371 916 in
1393 876 1580 929 patriam

299 939 411 981 facis
430 954 439 981 ε

131 1006 262 1058 Nam,
293 1009 395 1049 dum
416 1010 560 1051 abste
581 1011 751 1061 absum,
781 1025 933 1052 omnes
965 1013 1071 1053 mihi
1093 1013 1265 1053 labores
1296 1013 1429 1061 fuere,
1463 1027 1577 1066 quos

299 1077 414 1129 cepi,
440 1077 577 1127 leves,

130 1142 427 1197 Praeterquam
461 1145 524 1184 tui
559 1145 795 1186 carendum
834 1147 956 1200 quod
992 1152 1097 1188 erat.
1159 1148 1240 1188 ΞΥ.
1276 1147 1432 1188 Credo.
1494 1149 1579 1190 CL,

297 1210 422 1264 Syre,
442 1211 518 1251 vix
540 1212 716 1252 suffero.
1524 1218 1580 1257 20

129 1275 334 1318 Hoccine
366 1291 435 1318 me
461 1279 668 1320 miserum
688 1292 774 1321 non
795 1280 928 1322 licere
952 1295 1050 1322 meo
1073 1282 1202 1323 modo
1225 1283 1445 1335 ingenium
1467 1284 1549 1324 frui
1570 1284 1578 1324 !

122 1400 214 1430 semel
234 1401 434 1432 constitutum
457 1406 501 1433 est
514 1405 633 1442 tempus
647 1402 721 1433 υἱέας
738 1403 896 1436 traducere
912 1415 972 1435 una
984 1405 1106 1445 pariter
1121 1416 1188 1436 cum
1206 1407 1292 1437 αηὶοο
1317 1407 1393 1441 viro,
1421 1407 1508 1447 eujus
1534 1408 1579 1438 υἱ-

124 1443 213 1473 vendi
227 1445 332 1474 modus
346 1445 506 1475 admodum
521 1445 661 1476 convenit
677 1446 810 1477 moribus
822 1448 934 1478 vestris
948 1459 959 1484 ,·
982 1450 1060 1480 tales
1076 1449 1136 1479 viri
1159 1449 1244 1479 robis
1273 1450 1391 1480 aninms
1416 1451 1579 1488 adjiciunt.

127 1485 198 1515 Hac
212 1496 282 1517 vero
295 1487 488 1528 gralia-fidei
502 1491 618 1518 mutuae
633 1489 714 1519 ultro
729 1488 864 1530 citroque
875 1491 1057 1530 affligamini
1068 1502 1080 1528 ;
1103 1492 1149 1523 ita
1173 1496 1207 1522 ut
1229 1494 1313 1523 nulla
1329 1493 1428 1524 clades
1446 1495 1581 1524 miseriae

123 1538 256 1567 unquam
283 1530 380 1569 possit
412 1531 534 1561 evenire
555 1535 656 1561 vestro
682 1533 789 1563 amori.
836 1534 903 1565 ΑΝ.
930 1534 1042 1565 Nescio
1069 1536 1142 1575 quid
1169 1536 1240 1566 aliae
1256 1535 1403 1573 faciant;
1428 1548 1478 1568 me.
1497 1541 1580 1567 certe

123 1571 186 1601 scio
199 1581 316 1612 semper
330 1573 411 1603 omni
425 1574 526 1604 studio
544 1583 676 1610 curasse,
693 1578 727 1604 ut
741 1575 858 1605 nullum
868 1577 1057 1616 perciperem
1073 1580 1269 1617 commodum,
1288 1579 1348 1609 nisi
1363 1589 1402 1609 ex
1424 1582 1579 1610 commodo

125 1612 217 1645 illius.
264 1615 325 1646 CL.
356 1615 445 1647 Vah!
467 1626 553 1654 ergo,
576 1626 641 1647 mea
656 1617 830 1657 Antiphila,
856 1622 892 1649 tu
915 1621 980 1650 solu
1002 1630 1094 1650 causa
1120 1631 1151 1651 es
1167 1621 1226 1651 mei
1240 1622 1360 1652 reditus
1375 1621 1406 1651 in
1422 1623 1577 1661 patriam.-

123 1666 206 1695 num,
223 1657 295 1687 dum
309 1659 398 1697 longe
411 1658 497 1696 abfui
511 1668 531 1688 α
545 1662 586 1696 te,
605 1669 706 1689 omnes
721 1669 878 1701 oerwnnae,
901 1672 977 1701 quas
991 1663 1133 1701 toleravi,
1145 1664 1239 1701 fuere
1265 1664 1342 1694 mihi
1362 1665 1440 1695 leues
1454 1666 1578 1696 assidua

123 1699 394 1739 micogz'tatione3
416 1701 478 1731 nisi
499 1702 576 1740 quod
601 1702 752 1732 desiderio
779 1704 826 1733 tui
850 1705 975 1735 videndi
999 1706 1168 1746 afficiebar.
1212 1707 1274 1738 SY.
1302 1708 1402 1737 Credo
1428 1709 1474 1738 itu
1502 1718 1577 1746 esse,

123 1742 202 1780 quod
227 1742 316 1773 dicis.
363 1744 422 1774 CL.
446 1743 718 1785 Dffculterfero,
737 1755 754 1776 o
770 1746 865 1786 Syre,
881 1749 959 1787 quod
975 1748 1008 1778 in
1017 1759 1052 1779 ea
1067 1759 1135 1779 sum
1151 1750 1312 1789 angustia,
1328 1754 1361 1780 ut
1378 1750 1472 1781 libere
1487 1752 1576 1781 colto-

123 1784 176 1823 (μα’
202 1795 270 1815 cum
282 1785 448 1826 Antiphila
461 1796 521 1817 non
535 1788 719 1818 concedatur
733 1789 823 1820 mihi.
869 1790 978 1821 Ηοεηε2
995 1792 1127 1822 tolerare
1138 1802 1274 1832 possum,
1298 1796 1331 1824 ut
1344 1793 1419 1823 mihi
1434 1804 1493 1825 ηοη
1509 1794 1578 1824 lici-

123 1829 188 1858 tum
201 1828 244 1859 sit
257 1825 346 1860 modo
357 1838 423 1860 meo
437 1831 468 1861 et
483 1839 523 1860 ex
537 1829 693 1862 voluntate
709 1840 755 1862 me
774 1841 884 1871 gerere
897 1836 910 1864 ,⁹
954 1834 1015 1865 SY.
1041 1835 1126 1870 Quin
1156 1836 1262 1876 etiam,
1288 1839 1321 1866 ut
1339 1840 1461 1877 patrem
1491 1841 1578 1868 tuum

727 1933 964 1946 eeeeeeeeee

125 2005 199 2036 Nisi
223 2015 257 2046 p.
281 2006 305 2037 i.
329 2016 360 2037 α.
382 2006 470 2037 nobis
493 2010 551 2038 est.
588 2007 643 2040 Ita
664 2012 700 2040 et
715 2008 794 2040 edd.
813 2009 1069 2041 vetustissimae.
1098 2010 1193 2043 West.
1238 2010 1296 2042 Ita
1312 2021 1445 2052 quoque
1461 2022 1577 2044 omnes

122 2049 224 2079 Bent.
249 2048 310 2079 sed
333 2049 408 2089 ipse
432 2050 666 2090 reponendum
692 2056 817 2091 monet,
854 2053 930 2083 Nisi
954 2065 987 2093 p.
1010 2053 1132 2085 interea
1162 2064 1181 2084 a
1208 2053 1294 2084 nobis
1319 2058 1465 2086 est.—l2
1490 2056 1577 2087 Sunt

122 2091 207 2121 Mss.
235 2096 270 2122 et
293 2091 376 2123 edit.
404 2091 631 2131 praeferentes
653 2094 746 2125 simul
772 2093 839 2125 ἀντὶ
861 2096 918 2126 τοῦ
939 2098 1043 2127 semel.
1093 2098 1291 2137 Perperam,
1313 2098 1443 2136 opinor.
1478 2099 1575 2130 West.

122 2133 224 2164 Semel
247 2134 395 2174 probant
410 2135 469 2165 Fa.
485 2136 672 2167 Bent.—14
697 2137 836 2178 Guyeto
858 2138 910 2169 bic
939 2149 986 2170 vs.
1013 2140 1146 2179 spurius
1172 2145 1238 2178 est,
1262 2144 1298 2170 et
1325 2140 1466 2171 turbans
1483 2149 1575 2172 cete-

122 2186 235 2207 rorum
257 2186 402 2209 sensum.
449 2177 604 2209 Boeclero
635 2178 670 2209 τὸ
697 2190 767 2210 vero
795 2187 992 2221 suspectum
1021 2186 1085 2214 est.
1133 2182 1230 2221 Legit
1260 2182 1366 2222 igitur
1397 2185 1450 2214 vel
1481 2186 1575 2225 ultro,

122 2220 175 2249 vel
199 2222 346 2251 vestrum.
392 2219 431 2250 In
465 2220 602 2260 vulgato
634 2221 743 2265 majqr
768 2223 948 2263 emphasis.
994 2225 1093 2255 Dixit
1124 2231 1237 2255 autem
1266 2225 1389 2266 utrique
1412 2227 1450 2257 ab
1480 2228 1575 2259 utris-

121 2272 189 2302 que,
213 2262 262 2293 uti
280 2262 417 2293 Phorm.
436 2271 471 2293 v.
488 2265 518 2293 3.
531 2266 582 2295 17.
606 2264 616 2280 ⁴
629 2264 786 2306 Uterque
805 2266 940 2306 utrique
956 2272 1008 2298 est
1025 2267 1141 2298 cordi?
1162 2268 1262 2300 IVest.
1289 2268 1336 2298 Ab
1362 2270 1500 2309 utrisque
1516 2270 1574 2301 ab·

120 2310 198 2335 sunt
214 2314 234 2334 a
246 2304 291 2335 G.
333 2304 401 2336 Sed
417 2306 459 2336 ab
477 2306 557 2336 EM.
574 2307 707 2346 integer
725 2317 850 2338 versuS.
872 2309 923 2340 Id.
939 2309 973 2340 in
987 2309 1130 2341 Addend.
1178 2311 1256 2341 Non
1272 2311 1348 2341 hab.
1372 2311 1410 2341 ab
1437 2314 1575 2353 utrisque

120 2346 234 2378 Guelf.
250 2349 367 2379 2.--15
392 2348 495 2388 Vulg.
515 2349 558 2380 Ut
572 2359 726 2390 nunquam
743 2351 818 2390 ulla,
839 2352 948 2382 minus
966 2352 1063 2384 bene.
1107 2354 1210 2384 Bou..
1224 2354 1281 2394 qui
1298 2354 1393 2393 legit,
1418 2355 1514 2386 Nulla
1538 2360 1574 2387 ut

119 2393 351 2430 unquam—16
374 2390 489 2432 Aliqui
508 2391 590 2423 libb.
606 2393 654 2423 ita
670 2393 852 2433 collocant,
875 2405 921 2425 me
936 2396 996 2426 scio
1012 2396 1134 2436 quidem
1157 2406 1286 2436 semper.
1333 2397 1416 2428 GM.
1439 2408 1486 2429 me
1511 2399 1574 2429 scio

119 2441 236 2473 semper
248 2433 467 2473 quideme-17
493 2434 585 2475 Guy.
601 2434 637 2465 τὸ
652 2435 736 2466 illius
760 2442 870 2468 mutat
895 2438 927 2467 in
954 2439 1045 2469 alius.
1090 2439 1246 2470 Temere.
1291 2439 1369 2470 Ah!
1392 2441 1474 2471 Mss.
1501 2442 1573 2482 qui-

120 2475 197 2505 dam
210 2480 245 2506 et
260 2476 358 2514 editi,
376 2476 455 2508 Vah.
491 2477 594 2508 Prius
611 2484 765 2518 praestat,
790 2480 832 2510 ob
849 2485 1007 2511 metrum.
1028 2482 1125 2512 West.
1162 2484 1171 2499 ‘
1185 2482 1288 2513 ΟΜΝ.
1305 2481 1383 2512 Vah.
1416 2483 1457 2513 Iu
1474 2483 1571 2515 Bem.

120 2523 173 2548 est
188 2518 247 2548 ah:
272 2523 306 2548 ut
323 2523 358 2549 et
373 2519 479 2558 exigit
503 2519 564 2550 vs!
588 2521 648 2551 Fa.
688 2523 697 2538 ‘
714 2522 835 2553 Nostri
861 2533 975 2553 omnes
999 2525 1157 2555 mendose
1179 2524 1268 2556 Vah?
1292 2525 1394 2556 Beut.
1442 2525 1483 2556 In
1511 2527 1572 2558 ΒΓ.

124 2560 192 2591 Vah
209 2560 329 2601 incipit
343 2571 391 2593 vs,
409 2566 707 2602 sequentem—18
725 2564 768 2596 G.
787 2565 857 2596 ET.
876 2567 957 2597 ΕΜ.
976 2566 1043 2597 Vah
1060 2577 1126 2598 mea
1141 2568 1219 2599 Ant.
1257 2567 1370 2598 Guelf.
1385 2571 1413 2598 2.
1430 2570 1573 2600 reducere

119 2612 181 2642 pro
205 2604 443 2634 reducem—19
478 2604 533 2635 lta
560 2606 649 2646 vulg.
681 2608 795 2646 pravis
822 2609 1017 2640 accentibus
1049 2609 1238 2641 rhetoricis.
1283 2609 1349 2641 Gu.
1381 2613 1409 2640 l.
1439 2612 1572 2644 omittit
1611 2650 1614 2651 ⁷

120 2646 223 2676 verba
238 2645 348 2677 abste.
393 2646 495 2678 Both,
511 2648 568 2688 qui
585 2649 682 2688 legit,
704 2650 750 2680 N.
775 2651 806 2682 d.
831 2651 949 2689 absum,
972 2651 1049 2682 mihi
1072 2653 1093 2683 l.
1110 2652 1244 2691 fuerunt
1265 2663 1376 2691 omnes,
1399 2664 1428 2693 q.
1455 2665 1481 2685 c.
1505 2656 1564 2685 l.—

116 2690 159 2719 20
183 2688 276 2729 Syre,
293 2689 346 2719 vix
359 2689 489 2730 suffero,
504 2692 557 2730 ἃμ·-
602 2691 685 2721 Tan.
702 2692 812 2723 Faber
828 2703 895 2725 non
912 2694 1034 2725 Ciiniae
1052 2695 1123 2725 liaec
1140 2695 1272 2734 tribuit,
1295 2695 1353 2726 sed
1372 2697 1570 2736 Clitiphoni.

119 2729 315 2771 Improbant
335 2731 438 2762 West.
455 2733 557 2764 Bent.
574 2733 735 2774 Bip.——21
761 2736 845 2767 Mss.
861 2737 997 2778 quidam
1015 2742 1050 2768 et
1066 2737 1150 2768 editi
1168 2738 1410 2770 vetustissimi:
1434 2740 1570 2778 ingenio.

123 2773 224 2805 West.
270 2774 390 2806 ⁶000.
405 2774 581 2814 ingenium:
605 2778 713 2809 ceteri
743 2787 924 2820 perperam
950 2779 1100 2820 ingenio)
1121 2780 1222 2812 Bent.
1270 2781 1400 2820 Ingenio
1426 2782 1568 2816 {zu—22
