1966 3302
332 221 420 263 974
833 231 874 262 P.
906 231 1148 263 Tenemur
1183 232 1301 264 Arm

333 326 471 368 PHAE.
503 324 680 379 Neque,
702 322 905 378 Antipho
926 324 1014 367 alia
1049 338 1150 367 cum
1179 330 1430 381 occupatus
1461 330 1576 371 esset
1597 328 1793 373 solicitu-

508 394 623 443 dine,

329 461 448 504 Tum
468 462 555 503 hoc
576 473 678 501 esse
700 458 807 501 mihi
826 459 1046 514 objectum
1064 461 1252 503 malum!
1302 461 1398 504 AN.
1422 461 1495 505 Ah
1515 463 1525 505 !
1549 464 1655 519 quid
1674 465 1792 508 istuc

503 534 654 571 autem
675 532 758 579 est,
780 528 1020 570 Phaedriat

333 598 469 640 PHAE.
491 596 529 639 Ο
551 596 901 639 fortunatissime
920 595 1147 652 Antipho!
1187 597 1282 640 AN.
1303 598 1490 653 Egone?
1531 599 1669 642 PHAE.
1689 599 1792 652 Cui,

501 665 620 721 quod
642 678 783 715 amem,
804 665 925 707 domi
947 663 1028 719 ’st;

328 734 426 776 Nec
459 747 562 776 cum
593 732 848 788 hujusmodi
876 746 1071 789 unquam
1105 747 1213 777 usus
1246 736 1386 786 venit,
1405 740 1471 784 „ut
1504 735 1781 779 conflictares

501 801 637 843 malo.

328 870 424 912 AN.
456 868 612 912 Mihin'
633 868 754 910 domi
773 866 830 910 'st
844 868 864 909 ’ἱ
895 869 1044 921 immo,
1064 869 1111 911 id
1134 870 1256 924 quod
1277 871 1417 922 aiunt,
1449 862 1633 914 auribus
1655 803 1792 916 teng?

502 939 669 993 lupum.

331 1007 452 1049 Nam
474 1020 615 1061 neque
636 1006 865 1060 quomodo
898 1019 927 1048 a
957 1019 1026 1047 me
1060 1006 1279 1058 amittam,
1313 1007 1524 1061 invenio3
1554 1021 1710 1062 neque,
1730 1007 1794 1050 uti

501 1076 729 1125 retineam,
752 1076 860 1116 scio.

331 1144 601 1200 Do.-Ipsum
622 1144 736 1185 istuc
757 1143 864 1186 mihi
886 1143 931 1185 in
949 1143 1034 1185 hoc
1056 1147 1136 1185 est.
1184 1142 1283 1186 ΑΝ.
1307 1142 1415 1185 Eia!
1437 1155 1493 1185 ne
1513 1155 1670 1198 parum
1689 1143 1791 1185 leno

502 1225 604 1253 Sles.

329 1303 446 1341 Dorio,
467 1305 540 1334 sunt
562 1301 681 1334 similes
693 1300 769 1334 sui!
791 1312 863 1334 nam
885 1305 920 1333 ut
936 1302 987 1333 ille
1002 1306 1125 1333 amator
1137 1302 1281 1343 perditus
1295 1304 1354 1339 est,
1367 1301 1415 1333 ita
1429 1300 1480 1333 hic
1496 1310 1610 1333 avarus
1624 1301 1793 1335 sordidus!

329 1347 400 1378 PH.
424 1346 530 1386 Atque
552 1345 629 1377 illud
650 1355 767 1386 quoque
789 1345 867 1377 mihi
888 1346 1112 1385 gravissimum
1133 1349 1192 1386 est,
1214 1346 1270 1376 hoc
1289 1346 1404 1376 malum
1419 1344 1496 1376 mihi
1512 1348 1578 1376 tum
1597 1346 1793 1385 potissimum

326 1390 501 1428 advenisse,
515 1400 586 1421 cum
601 1389 753 1429 Antipho,
771 1399 831 1420 mm
851 1388 1001 1420 dissimili
1016 1399 1102 1428 cura,
1115 1392 1146 1420 et·
1161 1388 1302 1421 molestia
1313 1391 1517 1429 premeretur.
1562 1387 1634 1419 ΑΝ.
1657 1390 1704 1420 At
1718 1388 1794 1428 quid

324 1434 412 1464 istud
427 1436 532 1464 autem
546 1436 605 1470 est,
621 1432 774 1463 Phaedria
785 1436 798 1463 ?
841 1432 912 1463 ΡΗ.
940 1433 969 1462 O
976 1432 1230 1470 fortunatissime
1246 1430 1415 1472 Antipho!
1459 1430 1530 1462 Α’Ν.
1554 1431 1686 1470 Egone?
1712 1431 1792 1462 ΡΗ.

331 1477 396 1512 Qui
409 1477 541 1507 amicam
555 1475 690 1511 duxisti,
707 1479 735 1506 et
752 1485 879 1506 uxorem
891 1475 974 1506 domi
987 1475 1146 1515 posside33
1175 1485 1230 1506 nec
1245 1485 1319 1515 opus
1334 1485 1467 1514 unquam
1469 1474 1542 1513 fuit
1553 1484 1623 1504 cum
1636 1473 1793 1513 hujusmo-

328 1521 362 1550 di
379 1520 457 1550 malo
468 1528 620 1559 pugnare.
651 1518 721 1549 AN.
739 1519 781 1549 M
782 1518 825 1549 ihi
838 1518 1060 1549 domiamicam
1073 1518 1234 1558 possideo?
1259 1518 1331 1558 quin
1346 1518 1450 1557 immo,
1465 1519 1545 1558 quod
1558 1518 1648 1556 vulgo
1663 1517 1795 1556 dicitur,

326 1562 456 1594 auribus
478 1567 565 1593 teneo
587 1563 712 1601 lupum.-
735 1571 806 1592 uam
832 1570 929 1602 neque
948 1562 1095 1601 quomodo
1119 1571 1184 1592 eam
1205 1571 1223 1591 α
1249 1572 1296 1592 me
1311 1561 1472 1592 dimittam
1487 1560 1618 1603 reperio,
1639 1570 1736 1601 ‘neque
1758 1563 1794 1591 ut

328 1606 407 1637 mihi
420 1615 545 1638 servare
556 1605 673 1646 possim
687 1604 761 1637 scio.
798 1605 868 1636 Do.
889 1603 1012 1636 Similis
1027 1614 1076 1635 res
1092 1604 1169 1635 mihi
1182 1604 1316 1644 contigit
1329 1614 1399 1635 cum
1411 1603 1578 1636 Phaedria.
1612 1602 1682 1635 ΑΝ.
1709 1603 1794 1635 Cave

940 1683 1181 1695 eeeeeeeeeeee

328 1739 411 1780 quid
426 1739 470 1771 sit
485 1738 495 1756 ‘
509 1738 600 1770 veris
616 1739 735 1770 vincor
747 1737 769 1769 ι’
793 1737 874 1779 quid
890 1739 899 1756 ‘
916 1738 1025 1771 Quam
1042 1743 1097 1770 est
1113 1743 1257 1778 uterque
1273 1737 1393 1768 similis
1409 1736 1483 1776 sui,'
1497 1745 1607 1777 neque
1625 1735 1682 1767 ille
1699 1735 1799 1776 dicit,

329 1792 441 1824 neque
459 1792 522 1823 ego
540 1792 715 1823 assequor.
751 1781 927 1822 Scriptum
945 1781 1049 1814 fuisse
1064 1782 1168 1814 credo
1186 1781 1252 1813 Hei
1267 1781 1369 1812 verbis
1385 1781 1503 1812 vincor.
1520 1779 1695 1811 Gov.--18
1718 1779 1795 1811 Ma-

330 1826 387 1857 lim
413 1826 439 1856 si
470 1835 533 1866 per
549 1826 687 1856 codices
704 1826 834 1864 liceret,
859 1824 897 1855 τὸ
914 1825 977 1866 ΑΙι,
995 1826 1149 1857 tribuere
1165 1824 1349 1864 Phaedriae,
1377 1823 1449 1855 ita:
1477 1823 1556 1854 Tum
1569 1822 1626 1853 hoc
1640 1831 1702 1854 esse
1718 1821 1795 1853 mihi

327 1869 478 1907 objectum
495 1869 631 1899 malum?
653 1867 720 1899 ali!
765 1867 834 1899 ΑΝ.
859 1868 944 1904 Quid
966 1869 991 1900 i.
1015 1879 1046 1900 a.
1067 1879 1094 1900 e.
1121 1869 1162 1900 P.
1191 1868 1299 1898 West.
1345 1866 1456 1898 Sciunt
1482 1865 1574 1896 inter
1596 1864 1745 1903 objectum
1760 1870 1796 1896 et

290 1950 293 1951 ⁷
329 1913 443 1943 malum
460 1910 575 1943 Gnelf.
590 1914 620 1943 3.
655 1910 751 1942 Libri
767 1911 912 1952 antiqui,
927 1916 971 1943 est
987 1914 1188 1943 autem.--20
1206 1911 1290 1942 Mss.
1306 1910 1399 1950 Lips.
1416 1908 1517 1940 Bodl.
1534 1907 1656 1939 Boend.
1671 1914 1705 1939 et
1721 1907 1795 1940 ΕΡ.

328 1966 462 1996 unquam
479 1955 537 1986 tibi
552 1964 637 1986 usus.
661 1954 772 1986 lVest.
816 1953 872 1985 lta
889 1960 923 1985 et
939 1955 998 1986 ΒΓ.
1016 1954 1132 1986 Gnelf.
1152 1957 1183 1985 3.
1229 1953 1372 1984 Botliius
1395 1951 1522 1983 omittit
1543 1950 1581 1982 τὸ
1605 1960 1795 1991 unquam.—

329 2002 369 2030 21
389 1999 488 2029 Bodl.
504 1999 583 2038 quod
597 1998 701 2035 aiunt,
717 1997 839 2028 omisso
855 1997 900 2028 id.
918 1999 1026 2029 West.
1064 1997 1188 2028 Mihine
1203 1997 1289 2027 domi
1301 1999 1345 2027 est
1357 1999 1369 2027 ‚⁹
1383 1996 1488 2034 immo,
1503 1995 1582 2034 quod
1596 1993 1698 2026 aiunt.
1730 1994 1794 2024 Le-

328 2042 479 2082 gendum
495 2047 549 2072 est
565 2050 608 2071 ex
624 2050 655 2072 ο.
673 2039 748 2071 fere
766 2041 789 2071 1.
806 2050 832 2072 S.
850 2040 957 2071 Mihin
974 2040 1096 2071 domi⁵st
1110 2040 1125 2073 ί)
1146 2041 1236 2070 immo
1252 2041 1284 2070 id
1300 2040 1379 2079 quod
1402 2039 1512 2069 (ciunt.-
1535 2037 1567 2068 iu
1585 2035 1794 2069 dimetiendo

330 2090 445 2116 autem
460 2093 561 2115 versu
579 2083 698 2122 Mihin,
714 2084 986 2124 monosyllabum
1001 2083 1208 2122 faciendum,
1224 2087 1262 2113 nt
1279 2083 1323 2113 sit
1339 2081 1533 2112 trochaicus
1550 2090 1560 2118 3
1584 2085 1622 2110 ut
1639 2079 1794 2120 proxime

328 2128 584 2169 praecedentes,
601 2131 636 2157 et
651 2132 846 2167 sequenteS.
862 2128 924 2158 Fa.
962 2126 1020 2158 Sic
1037 2131 1072 2157 et
1088 2127 1206 2162 nostri,
1221 2125 1339 2157 Mihin.
1362 2125 1465 2156 Bent.
1499 2123 1598 2154 Immo
1612 2124 1691 2163 quod
1705 2122 1796 2154 aiunt

330 2172 390 2202 ΒΓ.
409 2171 448 2202 Ζ.
494 2169 576 2201 Min’
593 2170 676 2200 domi
695 2173 742 2200 est
767 2170 934 2210 Bip.—22
957 2169 1103 2201 Codices
1128 2169 1279 2210 quidam,
1306 2178 1363 2208 quo
1390 2167 1534 2198 amittam
1555 2175 1576 2197 a
1599 2175 1670 2197 me.-
1694 2175 1793 2206 qnam

328 2214 512 2246 lectionem
530 2219 671 2244 tuentur
687 2213 765 2244 Riv.
779 2213 868 2244 Gov.
887 2218 922 2244 et
938 2212 982 2244 G.
1000 2213 1039 2244 F.
1077 2212 1159 2248 Alii,
1175 2223 1234 2253 quo
1249 2215 1350 2251 pacto.
1368 2211 1476 2241 West.
1515 2209 1600 2240 Nam
1614 2218 1710 2249 neque
1722 2218 1795 2249 quo-

329 2259 418 2288 modo
432 2257 577 2288 amittam
591 2266 611 2287 ιι
626 2266 674 2287 me
695 2256 833 2294 invenio,
854 2266 950 2296 neque
965 2257 1014 2287 uti
1028 2256 1193 2294 retineam,
1208 2256 1283 2286 scio.
1318 2254 1447 2284 Versus
1463 2253 1516 2284 liic
1533 2258 1585 2283 est
1602 2251 1795 2283 trochaicus

328 2300 679 2340 hypercatalecticus,
702 2300 759 2340 qui
776 2299 855 2330 mihi
877 2309 941 2330 non
964 2299 1099 2339 placet3
1122 2299 1156 2329 in
1183 2297 1351 2329 Bembina
1368 2301 1422 2328 est
1435 2295 1673 2336 catalecticuS,
1686 2299 1724 2326 ut
1738 2303 1794 2326 ce-

331 2344 410 2383 teri,
434 2344 541 2384 magis
568 2352 687 2384 pressa
712 2343 897 2378 locutione,
920 2343 1095 2383 magisque
1119 2342 1351 2373 Terentiana:
1377 2340 1464 2370 Nam
1477 2347 1573 2379 neque
1590 2347 1646 2378 quo
1668 2341 1795 2378 pactoa

329 2397 378 2417 me
392 2387 549 2426 amittam,
571 2396 667 2426 ‘neque
681 2386 730 2416 uti
747 2386 898 2416 retineam
912 2386 996 2416 scio.-
1020 2385 1112 2416 idem
1134 2390 1186 2416 est
1209 2389 1244 2416 et
1269 2384 1301 2415 in
1327 2382 1383 2414 Vi.
1406 2382 1471 2413 nisi
1496 2380 1585 2422 qnod
1613 2390 1675 2421 pro
1694 2384 1798 2422 pacto,

330 2430 434 2461 habet
449 2430 605 2469 quomodo.
628 2429 687 2461 Fa.
731 2428 818 2460 Num
833 2438 929 2468 neque
944 2438 1002 2468 quo
1014 2431 1106 2469 pacto
1121 2439 1140 2459 a
1153 2437 1201 2458 me
1215 2427 1371 2461 amittam,
1387 2435 1482 2466 neque
1494 2424 1542 2456 uti
1555 2424 1706 2455 retineam
1716 2424 1794 2454 scio.

328 2473 386 2504 Sic
403 2482 423 2504 a
437 2472 571 2504 Faerno
588 2477 642 2503 est
656 2484 664 2501 :
689 2472 747 2503 sed
765 2473 870 2503 nostri
885 2481 1012 2510 omnes,
1030 2472 1116 2502 Nam
1126 2481 1221 2511 neque
1235 2470 1381 2510 quomodo
1396 2479 1415 2499 α
1432 2478 1478 2499 me
1492 2467 1636 2499 aniittam
1650 2466 1794 2502 interum·

330 2526 427 2556 neque
438 2517 487 2547 uti
502 2515 653 2546 retineam
665 2515 738 2546 scio.
784 2515 952 2546 Nimirum
969 2516 1035 2546 huc
1053 2514 1250 2545 traductum
1267 2518 1321 2543 est
1337 2522 1357 2543 a
1371 2520 1396 2543 1.
1413 2513 1445 2542 3.
1463 2513 1515 2542 14.
1534 2511 1543 2527 ‘
1558 2510 1605 2541 Ut
1620 2517 1731 2550 neque
1748 2509 1794 2539 mi

326 2559 386 2598 jus
408 2559 454 2590 sit
478 2558 673 2598 amittendi,
695 2567 758 2588 nec
786 2558 957 2589 retinendi
984 2556 1120 2597 copia:'
1144 2561 1179 2587 et
1206 2565 1282 2587 cum
1297 2556 1330 2586 in
1349 2554 1502 2595 margine
1518 2552 1595 2584 libri
1612 2561 1631 2583 a
1648 2551 1792 2593 quodam

333 2606 533 2632 annotatum
558 2602 614 2637 sit,
639 2607 758 2641 postea
782 2600 815 2631 in
841 2610 956 2632 versus
980 2599 1123 2631 formam
1150 2599 1285 2638 redegit
1311 2603 1487 2629 corrector
1510 2596 1568 2627 ille
1595 2594 1795 2626 Bembinus.

333 2644 458 2675 Parum
476 2644 642 2675 credibile
658 2649 723 2683 est,
747 2644 892 2675 eandem
909 2644 1117 2675 sententiam
1136 2643 1168 2673 in
1186 2643 1305 2673 eadem
1320 2640 1435 2672 fabula
1451 2639 1494 2671 ab
1509 2638 1628 2671 eadem
1646 2647 1794 2678 persona

333 2687 376 2717 ad
394 2688 535 2717 eandem
555 2687 604 2718 bis
619 2686 698 2727 dici,
719 2696 830 2727 neque
846 2696 908 2728 pro
924 2691 1042 2718 cetera
1056 2686 1208 2717 Terentii
1225 2694 1306 2716 cura
1327 2689 1361 2715 et
1388 2681 1559 2723 elegantia
1582 2685 1648 2712 est.
1670 2682 1680 2698 ‘
1693 2679 1792 2712 Auri-

334 2730 398 2761 bus
415 2734 515 2760 teneo
532 2729 676 2770 lupum,'
693 2735 761 2761 tam
778 2733 868 2761 notae
885 2729 1160 2770 significationis,
1175 2733 1210 2759 et
1227 2728 1326 2768 vulgo
1340 2727 1458 2758 tritum
1473 2723 1689 2765 proverbium
1705 2728 1792 2761 erat,

333 2777 371 2804 ut
389 2773 618 2812 explicatione
636 2772 700 2803 ista
717 2782 782 2804 non
799 2772 983 2813 indigeret.
1008 2773 1104 2804 Bent.
1152 2772 1238 2803 Nam
1249 2780 1358 2809 neque,
1371 2770 1424 2810 qui
1437 2768 1578 2800 mnittam
1594 2776 1611 2797 α
1626 2776 1674 2798 me
1690 2766 1791 2798 Both.

334 2816 405 2852 Quo
421 2816 564 2846 amittam
579 2825 597 2845 α
614 2825 660 2846 me
677 2816 754 2855 Bip.
773 2816 982 2855 Deum—23
1008 2815 1100 2856 Guy.
1123 2823 1259 2846 versum
1283 2813 1372 2844 hunc
1388 2813 1542 2851 ineptum
1558 2814 1594 2841 et
1611 2809 1791 2841 insititiam
