1966 3302
315 227 400 268 544
814 239 855 268 P.
886 237 1128 268 TERENTu
1162 239 1278 270 Arm

316 332 498 375 Novam
519 346 617 374 esse
639 332 827 381 ostendi,
850 335 895 372 et
915 345 1017 386 quae
1040 336 1185 375 esset:
1218 347 1333 375 nunc
1351 335 1426 389 qui
1446 336 1688 390 scripserit,

315 401 375 442 Et
395 402 499 456 cuja
519 401 684 443 Graeca
705 401 776 451 sit,
797 401 842 440 ni
864 406 1035 454 partem
1057 414 1315 443 maxumam

314 469 626 510 Existimarem
647 469 762 510 scire
781 473 990 519 vestrum,
1009 469 1056 510 id
1077 468 1283 512 dicerem.

314 537 465 587 Nunc,
487 537 772 591 quamobrem
790 537 870 578 has
890 537 1058 590 parteis
1080 537 1328 589 didicerim,
1348 539 1508 593 paucis
1529 538 1661 580 dabo.
1717 539 1774 582 10

316 605 548 646 Oratorem
569 604 711 645 voluit
731 616 832 644 esse
852 617 937 655 me,
959 617 1046 645 non
1065 605 1308 659 prologum.

313 671 526 714 Vestrum
541 671 758 725 judicium
777 672 908 724 fecit3
939 686 1007 714 me
1027 677 1221 715 actorem
1241 672 1374 716 dedit.

314 740 403 781 Sed
424 741 494 781 hic
517 745 642 781 actor
659 743 829 780 tantum
847 740 1011 794 poterit
1029 754 1056 782 a
1075 741 1300 792 facundia,

315 807 537 859 Quantum
558 808 632 848 ille
647 808 796 862 potuit
817 808 1008 861 cogitare
1027 809 1278 859 commode,

316 876 407 928 Qui
429 877 668 918 orationem
686 875 804 918 hanc
825 877 1018 931 scripsit,
1037 891 1169 932 quam
1189 878 1391 919 dicturus
1412 890 1524 920 sum.
1715 879 1773 922 15

312 1022 449 1059 ductam,
464 1023 495 1052 et
511 1030 567 1061 quo
590 1020 712 1051 nomine
736 1023 908 1052 vocaretur.
956 1020 1065 1063 Nunc,
1089 1022 1153 1054 nisi
1174 1021 1347 1054 arbitrarer
1365 1023 1526 1064 plerosque
1548 1025 1700 1062 vestrum,
1721 1021 1776 1063 qui

313 1064 364 1094 hic
379 1064 505 1103 adestis,
519 1064 610 1102 scire,
626 1063 679 1103 qui
694 1064 910 1104 composuerit,
925 1067 957 1095 et
971 1064 1058 1103 cujus
1079 1065 1213 1097 auctoris
1235 1076 1271 1097 ea
1294 1067 1350 1105 sit,
1371 1066 1404 1097 id
1419 1066 1639 1108 significarem.
1683 1066 1777 1096 Nunc

315 1107 399 1137 brevi
421 1117 561 1137 sermone
584 1107 698 1146 dicam,
715 1107 910 1146 quamobrem
933 1107 989 1138 has
1008 1111 1118 1147 partes
1140 1109 1256 1147 agendi
1278 1110 1358 1150 apud
1380 1119 1433 1140 vos
1445 1109 1639 1150 susceperim,
1654 1111 1685 1140 et
1698 1108 1778 1140 hanc

313 1150 482 1181 orationem
496 1149 688 1181 recitandam
702 1149 878 1180 didicerim.
924 1150 1027 1181 Poeta
1046 1150 1210 1183 Terentius
1223 1151 1320 1182 voluit
1335 1162 1383 1183 me
1400 1151 1548 1183 Oratoris
1561 1150 1779 1194 officiofim3i‚

313 1196 349 1223 ut
363 1193 441 1223 hunc
458 1192 653 1230 defenderem
674 1193 712 1223 ab
736 1192 935 1231 adversariis,
960 1196 991 1224 et
1014 1193 1053 1224 ab
1078 1204 1183 1226 eorum
1205 1194 1463 1226 insectationibus
1474 1198 1579 1226 vestra
1591 1195 1778 1236 protectione

313 1239 400 1267 tutus
425 1239 516 1276 esset,
538 1246 598 1266 non
613 1235 746 1274 Prologi
769 1235 988 1275 praefationem
1012 1237 1145 1276 agentis.
1190 1237 1264 1278 Ipse
1280 1238 1379 1269 Po'e'ta
1401 1239 1512 1277 voluit,
1535 1241 1583 1278 ut,
1608 1241 1698 1269 orata
1713 1236 1779 1275 ejus

314 1289 418 1318 causa,
426 1278 616 1317 judicaretis
640 1279 723 1309 inter
746 1278 846 1318 ipsum
862 1281 892 1309 et
906 1280 1114 1319 adversarios,
1135 1291 1240 1321 meque
1254 1281 1452 1312 recitatorem
1464 1291 1522 1322 pro
1537 1290 1569 1312 se
1582 1281 1668 1312 vobis
1690 1279 1778 1311 exhi-

315 1321 394 1352 buit.
441 1321 503 1352 Sea
519 1321 569 1352 hic
591 1321 691 1352 Actor
707 1321 779 1362 (ego
793 1331 900 1361 nempe
915 1322 967 1362 qui
983 1332 1055 1362 ago,
1069 1324 1164 1354 recito
1177 1324 1257 1355 hanc
1275 1324 1477 1362 Comoediam)
1492 1326 1614 1355 tantum
1635 1333 1674 1354 ex
1688 1332 1778 1353 orna-

316 1367 351 1395 tu
376 1365 519 1404 loquendi
535 1368 564 1394 et
579 1364 735 1395 suavitate
757 1364 982 1404 pronuntiandi
1007 1370 1219 1406 consequetur,
1241 1370 1390 1406 quantum
1408 1366 1506 1398 Poeta
1530 1367 1630 1398 valuit
1644 1369 1715 1406 apte
1728 1365 1778 1396 in·

314 1407 421 1438 venire
447 1407 495 1448 (id
520 1411 578 1446 est,
599 1407 700 1437 Actor
725 1407 862 1438 studebit
883 1408 1137 1447 pronuntiatione
1161 1419 1217 1440 sua
1240 1409 1324 1440 vobis
1343 1410 1479 1450 placere,
1501 1409 1583 1441 sicut
1600 1409 1700 1440 Poe'ta
1720 1417 1778 1440 sua

315 1451 473 1481 commoda
497 1450 672 1481 inventione
697 1453 727 1480 et
749 1448 884 1492 artificio
906 1451 1102 1493 argumenti)
1127 1452 1181 1493 qui
1206 1453 1377 1492 composuit
1398 1452 1477 1484 hanc
1500 1452 1672 1484 orationem
1685 1460 1777 1493 quam

925 1549 945 1560 o
950 1549 1171 1562 ”mmo

316 1615 435 1647 eodem
451 1615 511 1647 lib.
529 1619 694 1647 mutatum
712 1616 759 1653 in,
778 1615 936 1657 simplici;
959 1616 1128 1658 quomodo
1155 1621 1191 1648 et
1215 1617 1301 1658 Eng.
1326 1617 1425 1659 legit.
1479 1617 1664 1649 Invertunt
1689 1616 1779 1648 ordi-

316 1668 394 1690 nem
424 1659 507 1690 Tan.
541 1659 650 1690 Faber
678 1663 713 1690 et
745 1659 846 1690 Bent.
870 1659 1035 1699 legentes,
1060 1660 1375 1701 Simplex...duplici:
1401 1660 1587 1700 verissime,
1616 1664 1780 1691 censente

316 1701 533 1733 Ruhnkenio.
558 1702 711 1742 Lessing.
736 1702 1131 1742 Simplex...simplici.—7
1161 1703 1368 1744 Suspectum
1393 1703 1476 1734 mihi
1501 1711 1638 1743 semper
1670 1703 1778 1733 visum

316 1744 354 1775 τὸ
369 1755 460 1782 nunc,
479 1750 573 1776 tanto
591 1745 707 1784 magis,
725 1745 805 1785 qnia
820 1746 981 1776 continuo
997 1746 1163 1787 sequitur,
1185 1747 1194 1763 ‘
1213 1747 1314 1777 Nunc
1341 1746 1559 1788 quamobrem
1583 1746 1640 1777 bas
1663 1750 1780 1786 partes

316 1786 521 1818 didicerim.'
568 1788 780 1819 Crediderim
795 1786 879 1824 fere,
897 1789 1075 1829 scripsisse
1090 1789 1250 1829 Po'etam,
1274 1799 1346 1820 nam
1361 1790 1455 1830 quis.
1479 1789 1620 1830 optime,
1643 1789 1670 1819 si
1698 1788 1780 1829 quid

318 1830 432 1868 video,
456 1840 567 1861 sensu.
614 1832 742 1862 Firmat
759 1830 992 1871 conjecturam
1009 1831 1100 1872 Guy.
1118 1832 1151 1862 in
1170 1832 1300 1863 Glossis
1316 1832 1401 1864 Mss.
1428 1831 1528 1864 West.
1572 1831 1627 1863 Ita
1643 1840 1780 1872 quoque

317 1873 421 1904 habet
437 1874 623 1904 Rom—11
651 1873 719 1904 Alii
736 1883 799 1904 esse
815 1874 923 1906 voluit.
970 1875 1011 1905 In
1027 1875 1088 1906 ΒΓ.
1103 1873 1141 1904 τὸ
1157 1884 1220 1905 esse
1236 1875 1347 1914 deest,
1364 1881 1398 1906 et
1421 1874 1462 1906 τὰ
1478 1874 1587 1915 paucis
1600 1874 1677 1905 dabo
1705 1883 1781 1904 ver-

317 1925 389 1946 sum
407 1916 674 1955 incipiunt.—l3
698 1916 768 1948 Pro
785 1916 848 1948 Sed
872 1917 1054 1957 legendum
1078 1922 1195 1948 censet
1212 1918 1315 1949 Bent.
1339 1917 1389 1953 Si,
1411 1918 1500 1958 quod
1530 1917 1652 1958 probat
1676 1917 1780 1947 Both.

319 1959 453 1993 Quaerit
469 1960 575 1990 West.
598 1960 607 1976 ‘
625 1959 719 2001 quid,
745 1959 772 1990 si
788 1969 850 2000 per
865 1960 1171 2000 interrogationem
1196 1961 1349 2002 legatur:
1374 1960 1615 1993 Sed-..dicturus
1629 1958 1780 1991 ἘΜΓ-

980 2034 1124 2066 NOTAE

362 2099 401 2127 11
429 2096 595 2128 Oratorem
607 2097 706 2128 voluit
722 2106 786 2128 esse
808 2096 870 2137 me]
894 2096 936 2128 Id
953 2101 1021 2136 est,

318 2146 476 2178 oratione
494 2156 512 2177 a
536 2146 630 2177 vobis
660 2148 848 2187 petereffst
876 2156 919 2178 ne
945 2148 1021 2188 plus

319 2198 427 2239 possit
442 2197 551 2228 oratio
577 2197 767 2239 iniquorum
791 2208 891 2240 quam
919 2198 1023 2229 bono-

1077 2098 1242 2130 adversus
1269 2108 1437 2138 rumores,
1461 2109 1481 2130 a
1509 2098 1615 2130 Lucio
1639 2098 1781 2130 Lavinio

1077 2149 1246 2180 malevolo
1261 2150 1455 2191 ceterisque
1473 2149 1678 2181 adversariis
1700 2158 1782 2181 con-

1078 2204 1131 2230 tra
1146 2199 1289 2231 Poe'tam
1303 2210 1450 2241 sparsos.

320 2258 415 2287 rum3
432 2252 470 2279 ut
485 2248 572 2290 aequi
587 2248 662 2279 sitis
677 2259 685 2286 ;
712 2253 748 2279 nt
773 2249 951 2280 crescendi
968 2259 1024 2280 co-

320 2299 411 2340 piam
439 2298 575 2330 faciatis
593 2299 632 2329 iis·
650 2299 705 2340 qui
732 2309 838 2330 novas
861 2299 1025 2331 exhibent

321 2350 539 2388 Comoedias3
565 2360 664 2391 aequo
691 2351 802 2381 animo
831 2351 963 2391 adsitis,
988 2356 1026 2383 ut

319 2396 427 2431 licea't
444 2409 505 2440 per
522 2401 695 2431 silentium
722 2401 897 2432 Statariam
922 2411 1026 2442 agere

322 2453 542 2484 Comoediam.

365 2503 440 2533 Non
466 2503 652 2544 Prologum]
698 2504 825 2535 Orator
865 2508 931 2543 est,
973 2504 1028 2536 cui

322 2563 422 2586 causa
444 2553 665 2585 defendenda
701 2554 822 2585 datur:
858 2556 962 2586 talem
991 2564 1027 2586 se

323 2613 396 2634 esse
415 2603 521 2634 Actor
536 2604 635 2644 hujus
651 2604 835 2635 Comoediae
852 2605 1027 2645 declarat;

322 2663 390 2685 non
420 2653 561 2694 Prologi
586 2654 819 2696 recitatorem,
845 2655 904 2696 qui
928 2666 1027 2697 argu-

323 2708 475 2734 mentum
492 2708 628 2743 narret;
652 2704 708 2734 sed
731 2706 786 2745 qui
814 2715 875 2745 pro
901 2705 1026 2737 Teren-

323 2755 373 2785 tio
404 2763 538 2786 causam
556 2754 648 2795 apud
670 2754 894 2795 spectatores
924 2755 1028 2797 dicat,

1123 2253 1163 2281 13
1188 2250 1250 2282 Sed
1264 2251 1314 2282 hic
1325 2254 1413 2282 actor
1427 2254 1552 2282 tuntum
1563 2250 1682 2291 poterit
1693 2260 1713 2281 a
1726 2249 1781 2289 fa-

1079 2301 1207 2342 cundia]
1243 2301 1505 2332 Commendatio
1541 2306 1596 2332 est
1622 2305 1736 2331 sumta
1762 2310 1783 2331 a

1080 2351 1232 2392 personis
1249 2350 1387 2382 Actoris
1404 2356 1440 2382 et
1455 2350 1575 2382 Poetae
1589 2362 1595 2380 :
1610 2355 1644 2381 et
1661 2351 1714 2381 hic
1731 2360 1783 2382 es-

1081 2411 1118 2431 se
1143 2410 1262 2431 sensus
1293 2401 1450 2431 videtur:
1475 2400 1639 2433 Quamvis
1664 2400 1782 2432 Poetae

1081 2451 1233 2482 inventio
1259 2452 1292 2482 in
1317 2452 1379 2481 hac
1407 2451 1580 2483 Comoedia
1602 2452 1646 2482 sit
1657 2451 1784 2495 ,admo-

1080 2501 1160 2532 dum
1188 2500 1385 2541 artificiosa,
1410 2505 1446 2532 et
1470 2501 1580 2532 oratio
1606 2500 1783 2532 commode

1081 2554 1292 2594 excogitata,
1308 2558 1347 2585 ut
1371 2554 1455 2585 nihil
1476 2553 1590 2594 aptius
1614 2560 1651 2584 et
1665 2552 1783 2585 facun-

1082 2605 1154 2636 dius
1186 2614 1260 2635 esse
1286 2605 1417 2646 possit;
1450 2603 1559 2636 Actor
1593 2607 1708 2635 tamen
1733 2604 1783 2636 ita

1081 2656 1257 2696 eleganter
1276 2665 1351 2687 eam
1369 2654 1662 2695 pronuntiatione,
1684 2663 1783 2694 voce,

1083 2710 1118 2736 et
1138 2709 1237 2746 gestu
1263 2705 1415 2746 corporis
1440 2704 1622 2746 exprimet,
1647 2708 1686 2735 ut
1708 2713 1783 2736 eam

1081 2762 1215 2797 gratam
1230 2760 1265 2788 et
1279 2755 1446 2797 insignem
1462 2756 1570 2796 magis
1581 2752 1720 2787 efficiat.
1750 2750 1752 2752 ’
