1966 3302
275 209 361 255 800
838 226 1169 261 ARGUMENTA.

587 398 634 428 M.
669 398 784 430 ANT.
817 400 1013 431 MURETI
1047 401 1427 433 ARGUMENTUM.

272 483 506 527 Pmumrmus,
530 487 687 518 Lachetis
701 497 719 518 e
732 487 888 520 Sostrata
903 499 1009 520 uxore
1026 488 1127 529 filius,
1143 490 1349 522 Bacchidem
1366 492 1580 525 meretricem
1598 490 1733 535 deperle

317 540 385 572 bat.
431 541 466 571 Is
491 550 565 572 cum
593 541 773 582 aliquando
791 546 895 573 noctu
921 543 962 573 ad
991 553 1065 574 eam
1094 545 1300 576 temulentus
1326 546 1405 583 iret,
1428 546 1460 577 in
1485 546 1734 588 Philumenam,

316 593 480 634 Phidippi
498 598 532 625 et
548 592 735 635 Myrrhinae
752 594 871 634 filiam,
895 596 1028 632 incidit,
1052 607 1193 639 eamque
1218 599 1251 629 in
1269 599 1323 630 via
1346 609 1408 639 per
1425 600 1489 631 vim
1506 601 1744 641 compressit:

314 651 417 688 atque
445 648 493 678 ita
524 646 657 688 effugit,
682 654 720 680 ut
749 658 860 690 neque
888 649 963 690 ipse
992 660 1080 687 eam,
1103 661 1214 692 neque
1242 653 1357 692 puella
1390 653 1499 693 ipsum
1526 663 1733 695 cognoscere

314 701 479 741 potuerit.
525 701 564 732 In
592 701 651 732 illa
674 705 786 733 autem
815 703 910 733 lucta
936 703 1038 734 etiam
1064 705 1222 735 annulum
1240 705 1272 736 ei
1295 705 1460 747 detraxit,
1483 717 1629 749 eumque
1644 707 1732 739 Bac-

315 753 406 784 chidi
429 754 518 785 dono
549 754 657 786 dedit.
702 755 812 786 Paulo
842 761 920 797 post
947 761 1046 797 pater
1073 768 1161 797 eum,
1192 764 1262 790 tum
1290 764 1328 790 ut
1352 770 1371 790 a
1398 760 1592 792 meretricio
1617 769 1734 791 amore

316 812 502 847 averteret,
526 812 596 839 tum
626 812 662 839 ut
690 804 888 848 praesidium
915 819 985 841 suae
1009 811 1178 842 senectuti
1203 817 1354 853 pararet,
1379 813 1420 844 ad
1439 823 1577 845 uxorem
1605 813 1733 845 ducen-

315 860 392 891 dam
410 861 570 901 perpulit.
595 861 762 902 Contigit‚
781 867 818 894 ut
835 872 874 894 ea
892 863 966 904 ipsa
983 873 1068 895 uxor
1083 865 1115 895 ei
1139 862 1294 906 daretur,
1315 876 1414 908 quam
1431 867 1504 908 ipse
1528 872 1733 907 constupra-

313 917 436 953 verat;
471 914 642 955 gaudente
673 916 852 947 admodum
881 917 1003 957 pueuae
1032 922 1152 959 matre,
1173 929 1262 960 quae,
1291 920 1372 961 quia
1399 921 1471 951 sola
1495 921 1631 952 conscia
1659 924 1733 951 erat

312 968 415 1000 filiam
432 977 451 999 e
467 972 585 1009 stupro
609 965 785 1009 gravidam
802 979 888 1009 esse,
911 970 1158 1011 quamprimum
1174 980 1246 1003 eam
1264 973 1432 1004 collocare
1449 972 1672 1014 properabat,
1684 978 1733 1012 ut,

315 1022 342 1053 si
370 1020 459 1053 forte
484 1025 563 1063 post
588 1021 718 1063 aliquot
741 1032 874 1054 menses
902 1027 1055 1064 pareret,
1073 1019 1220 1064 nuptiis,
1252 1025 1534 1066 quemadmodum
1560 1035 1655 1066 saepe
1679 1024 1734 1065 fit,

315 1075 540 1116 obtegeretur
563 1079 733 1117 stuprum.
779 1075 915 1107 Cecidit
940 1085 995 1107 res
1020 1076 1120 1117 longe
1145 1077 1260 1117 aliter,
1293 1087 1333 1109 ac
1357 1078 1553 1119 putabatur.
1596 1079 1732 1110 Etenim

313 1126 529 1170 Pamphilus,
563 1130 621 1171 qui
647 1129 869 1160 invitissimus
897 1129 1082 1170 adjecisset
1112 1131 1260 1162 animuin
1291 1131 1333 1162 ad
1362 1141 1431 1163 rem
1457 1132 1625 1173 uxoriam,
1654 1132 1734 1174 quia

315 1183 462 1214 avellere
479 1191 514 1213 se
535 1182 725 1223 derepente
749 1192 769 1213 a
785 1182 969 1214 Bacchidis
993 1193 1109 1214 amore
1134 1194 1198 1215 non
1215 1189 1343 1225 posset,
1367 1186 1416 1217 ita
1441 1185 1566 1225 dormit
1580 1195 1656 1218 cum
1674 1197 1734 1218 ux-

314 1247 387 1276 ore,
414 1240 453 1268 ut
477 1245 550 1267 eam
578 1246 620 1267 ne
644 1236 799 1277 attigerit
826 1226 974 1277 quidem.
1019 1236 1178 1276 Bacchis,
1203 1238 1305 1279 quod,
1331 1248 1371 1270 ea
1389 1239 1477 1279 viva,
1502 1249 1672 1281 nunquam
1696 1249 1733 1271 se

313 1299 454 1321 uxorem
478 1290 672 1329 ducturum,
696 1299 788 1330 saepe
816 1289 847 1320 ei
866 1290 1068 1330 promiserat
1091 1291 1305 1331 Pamphilus,
1332 1291 1528 1323 nonnullam
1545 1291 1610 1323 sibi
1624 1291 1666 1324 ab
1690 1294 1732 1324 eo

314 1344 441 1375 factam
455 1344 609 1384 injuriam
621 1348 759 1384 putans,
771 1344 878 1374 multo
888 1343 919 1374 ei
935 1344 1058 1385 minus,
1070 1355 1168 1386 quam
1183 1345 1326 1385 solebat,
1339 1345 1472 1386 placida
1488 1351 1524 1377 et
1540 1345 1731 1387 obsequens

314 1407 391 1429 esse
419 1398 537 1437 coepit.
583 1397 633 1428 Eo
661 1395 791 1428 factum
817 1402 884 1437 est,
910 1401 949 1428 ut
975 1398 1171 1439 Pamphilus
1199 1398 1230 1428 ei
1256 1409 1292 1430 se
1321 1398 1486 1439 paulatim
1519 1399 1733 1440 subduxerit,

316 1460 485 1493 quamque
502 1451 595 1492 prius
613 1451 801 1491 spernebat
817 1461 969 1488 uxorem,
993 1451 1067 1492 ejus
1084 1451 1261 1483 mirificum
1278 1452 1444 1493 quendam
1458 1462 1605 1484 amorem
1619 1452 1732 1484 animo

317 1505 528 1545 conceperit.
572 1504 713 1535 Interea
729 1503 891 1545 quiddam
917 1504 1055 1544 accidit,
1070 1510 1109 1536 ut
1126 1505 1192 1535 iter
1209 1505 1386 1546 Pamphilo
1403 1505 1434 1536 in
1452 1503 1602 1536 Imbrum
1627 1511 1729 1539 esset.
1747 1507 1749 1509 ’

316 1558 484 1590 Profecto
515 1567 567 1597 eo,
599 1558 816 1597 Philumena,
842 1568 918 1600 quae
952 1558 1182 1590 intumescere
1210 1558 1271 1589 sibi
1298 1563 1431 1590 uterum
1472 1559 1628 1599 sentiret,
1655 1566 1731 1590 cum

313 1613 466 1653 aliorum,
482 1616 554 1644 tum
570 1622 686 1643 socrus
709 1604 959 1653 inprimis'suae
984 1618 1205 1652 conspectum
1232 1611 1438 1652 refugiebat.
1480 1602 1630 1643 Tandem
1654 1621 1731 1644 cum

314 1667 348 1697 iu
374 1676 413 1697 eo
430 1671 533 1706 esset,
558 1670 596 1697 ut
613 1666 726 1697 celare
751 1666 808 1697 vix
826 1675 925 1706 posse
951 1666 1095 1706 amplius
1120 1666 1307 1705 videretur,
1330 1670 1439 1697 sumta
1455 1665 1646 1705 occasione,
1670 1675 1733 1707 per

313 1720 527 1751 sacrificandi
539 1720 702 1761 speciem,
714 1718 755 1750 ad
768 1723 910 1750 matrem
927 1728 974 1756 se,
989 1729 1088 1750 unam
1103 1718 1249 1750 omnium
1268 1728 1379 1750 rerum
1395 1719 1573 1758 consciam,
1585 1717 1732 1750 confert.

315 1775 402 1806 Post
417 1774 489 1805 dies
513 1773 761 1814 complusculos
785 1773 890 1803 mittit
908 1773 1078 1812 Sostrata,
1101 1772 1159 1813 qui
1177 1782 1250 1803 eam
1268 1777 1495 1804 arcesserent.
1533 1772 1731 1813 Responde-

315 1832 383 1868 tur,
412 1832 576 1866 aegrotam
605 1836 687 1857 esse.
732 1826 779 1862 It,
802 1830 839 1857 ut
854 1835 927 1856 eam
944 1826 1063 1856 saltem
1083 1826 1230 1856 viseret:
1254 1835 1320 1856 non
1349 1825 1555 1856 admittitur.
1600 1824 1732 1856 Laches

315 1878 646 1918 accusare'uxorem,
663 1883 698 1910 et
712 1879 840 1913 dicere,
864 1879 936 1909 haec
953 1879 1064 1909 omnia
1081 1878 1169 1909 illius
1187 1878 1288 1918 culpa
1305 1878 1516 1918 contingere.
1563 1878 1628 1909 Ille
1652 1887 1736 1910 con-

315 1941 368 1966 tra
395 1943 560 1966 excusare
582 1943 629 1972 se,
653 1937 689 1964 et
711 1932 845 1972 culpam
873 1931 1050 1971 deprecari
1061 1941 1074 1961 -:
1100 1931 1221 1961 nullius
1246 1940 1282 1961 se
1301 1931 1349 1962 rei
1365 1932 1532 1962 consciam
1560 1941 1647 1972 esse,
1670 1940 1732 1963 cur

316 1998 375 2020 sua
391 1987 601 2019 consuetudo
620 1986 719 2017 nurui
743 1986 858 2016 odiosa
875 1995 949 2016 esse
976 1985 1113 2016 debeat.
1158 1985 1297 2016 Interea
1323 1984 1425 2016 rediit
1443 1984 1656 2026 Pamphilus,
1681 1989 1732 2016 at-

315 2052 380 2083 que
397 2042 443 2072 ita
459 2051 530 2072 sors
560 2040 651 2078 tulit,
676 2044 713 2070 ut
729 2049 794 2080 quo
817 2039 873 2070 die
898 2038 974 2078 ipse
991 2037 1145 2069 Athenas
1173 2038 1320 2078 appulit,
1345 2047 1386 2069 eo
1414 2038 1503 2079 ipso,
1528 2037 1732 2070 Philumena

315 2101 416 2136 partu
435 2096 618 2126 levaretur.
666 2093 750 2124 Cum
767 2092 883 2133 igitur,
908 2091 1044 2123 videndi
1072 2090 1228 2131 cupidus,
1250 2089 1434 2132 (aegrotare
1453 2092 1555 2122 >enim
1588 2100 1731 2132 accepe-

314 2154 383 2189 rat,
406 2153 441 2179 et
458 2149 505 2179 ita
522 2148 666 2182 amabat,
683 2152 720 2178 ut
739 2146 794 2187 qui
813 2143 1136 2184 vehementissime‚)
1155 2143 1267 2175 subito
1292 2143 1334 2174 ad
1351 2153 1424 2175 eam
1442 2143 1612 2184 ingressus
1628 2149 1731 2184 esset,

315 2203 489 2244 peperisse
519 2200 758 2241 deprehendit.
804 2199 857 2230 Ibi
886 2208 962 2229 eum
992 2198 1171 2235 Myrrhina
1194 2202 1376 2229 exeuntem
1405 2202 1600 2238 prosecuta,-
1623 2198 1732 2239 lacry-

315 2267 420 2297 mans,
435 2256 598 2288 obtestari
616 2254 735 2295 coepit,
749 2253 884 2295 quando
900 2261 941 2283 ea
957 2262 1010 2283 res
1028 2252 1107 2282 nihil
1124 2252 1190 2293 ipsi
1207 2251 1362 2282 nocitura
1375 2254 1479 2290 esset,
1495 2259 1536 2281 ne
1560 2251 1731 2296 reciperet

314 2310 451 2352 quidem
475 2318 625 2345 uxorem,
647 2308 674 2338 si
700 2308 748 2340 ita
765 2306 962 2346 videretur3
990 2305 1049 2337 sed
1076 2311 1188 2336 tamen
1215 2315 1256 2336 ne
1280 2303 1404 2338 famam
1436 2304 1525 2335 illius
1553 2304 1730 2345 proderet.

315 2365 371 2396 Ita
386 2373 421 2394 se
435 2362 605 2393 facturum
629 2361 763 2401 recipit.
808 2360 891 2391 Cum
905 2360 1010 2400 igitur
1034 2369 1140 2400 neque
1161 2359 1267 2390 vellet
1279 2368 1414 2390 uxorem
1431 2358 1600 2398 recipere,
1615 2367 1730 2400 neque

318 2427 449 2448 rursum
467 2425 579 2446 veram
597 2413 733 2445 afferret
755 2423 912 2452 causa1n3
939 2412 1103 2454 suspicati
1130 2417 1206 2443 sunt
1233 2422 1344 2451 senes,
1370 2421 1445 2443 eum
1464 2411 1647 2443 Bacchidis
1672 2411 1731 2442 ad·
1781 2409 1785 2415 '

315 2471 381 2502 linc
399 2479 511 2501 amore
536 2468 750 2509 impeditum,
774 2477 814 2498 ea
837 2467 880 2498 de
898 2476 999 2498 causa
1023 2467 1065 2497 ab
1083 2475 1187 2497 uxore
1204 2465 1398 2497 abhorrere.
1443 2463 1650 2496 Arcessitam
1667 2464 1731 2496 ita-

318 2534 383 2565 quc
402 2522 607 2554 Bacchidem
635 2521 794 2561 objurgat
816 2520 1019 2560 Phidippus.
1067 2521 1127 2556 Ea,
1144 2530 1218 2551 cum
1246 2529 1281 2550 se
1298 2519 1355 2555 ille
1372 2523 1562 2560 purgasset,
1586 2517 1731 2558 jubetur

318 2579 360 2609 ad
376 2577 535 2608 mulieres
553 2574 697 2615 ingredi,
713 2579 748 2604 et
763 2576 811 2605 cis
828 2583 960 2615 quoque
978 2568 1070 2613 illam
1088 2560 1492 2628 suspicionev'fadimere.
1523 2570 1730 2611 Ingreditur,

318 2631 477 2662 annulum
504 2628 631 2659 habens
655 2629 688 2658 in
716 2628 835 2668 digito,
863 2637 960 2668 quem
987 2627 1066 2678 olim
1086 2608 1296 2675 Philumfflae
1314 2630 1484 2666 ereptum,
1507 2623 1572 2655 sibi
1589 2623 1732 2655 dederat

319 2684 527 2725 Pamphilus.
576 2682 609 2712 Is
633 2681 771 2712 annulus
788 2680 919 2720 eflecit,
945 2684 983 2711 ut
1000 2679 1157 2715 vitiatam
1176 2689 1251 2713 esse
1267 2678 1310 2710 ab
1333 2679 1407 2719 ipso
1423 2676 1603 2717 Pamphilo
1619 2676 1733 2709 Philu-

320 2748 451 2770 menam
469 2740 738 2778 cognosceretur.
787 2735 897 2766 Laetus
917 2734 1113 2775 Pamphilus
1131 2738 1165 2765 et
1179 2742 1321 2766 uxorem
1337 2737 1372 2764 et
1388 2730 1493 2763 filium
1509 2730 1648 2772 recipit.
