1966 3302
581 180 794 211 HEOYRAE
831 178 938 209 Ac‘r.
972 179 1036 207 lv.
1070 177 1136 208 sc.
1172 175 1243 206 ιιι.
1548 165 1634 207 8723

190 280 308 320 Istuc
328 282 394 318 est
415 288 584 330 sapere,
614 275 706 329 qui,
741 274 1007 327 ubicumque
1030 285 1143 327 opus
1165 272 1239 321 sit,
1274 269 1466 311 animum
1486 270 1633 322 possis⁴

353 345 559 394 flectere3

184 413 318 464 Quod
339 410 596 453 faciundum
615 409 810 450 fortasse
842 409 901 449 sit
932 413 1052 461 post,
1084 405 1201 447 idem
1240 405 1324 446 hoc
1358 417 1472 445 nunc
1502 405 1540 444 si
1572 404 1634 444 fe-

357 480 484 522 ceris.

185 549 266 590 So.
298 548 410 589 Fors
430 546 526 587 fuat
545 545 623 599 pol
645 545 653 586 !
715 544 800 586 LA.
832 543 924 585 Abi
945 554 1020 584 rus
1040 554 1141 594 ergo
1160 541 1288 582 hinc:
1319 541 1379 580 ibi
1402 553 1482 593 ego
1505 544 1565 590 te,
1591 544 1637 580 et

354 619 401 656 tu
422 627 490 655 me
508 613 637 654 feres.

185 684 263 724 So.
294 683 433 736 Spero
469 685 660 723 ecastor.
720 680 807 721 LA.
839 679 863 720 I
897 691 999 732 ergo
1035 677 1167 727 intro,
1202 680 1244 717 et
1275 688 1505 730 compone,
1537 688 1636 729 quae

1612 745 1632 755 ,-

231 802 233 806 ι
355 756 501 792 tecum
524 749 657 790 simul
1608 757 1636 783 o

186 819 419 872 Ferantur:
450 818 559 858 dixi.
619 817 696 857 So,
727 815 797 858 Ita
817 814 1029 870 utjubes‚
1051 812 1230 854 faciam.
1290 812 1418 853 PAM.
1451 811 1605 853 Pater.

185 968 301 1002 nostro,
318 965 494 1005 Pamphilo.
538 963 628 994 Istud
641 972 732 1004 porro
748 965 795 993 est
816 960 976 1001 sapientis,
990 969 1092 1000 posse,
1107 959 1355 998 quandocumque
1370 966 1419 987 res
1435 955 1551 995 exigit,
1568 955 1638 986 uni-

186 1017 265 1038 mum
274 1007 373 1045 facile
388 1009 598 1046 circumagere
622 1010 653 1037 et
672 1007 820 1036 adducere
843 1005 883 1034 ad
907 1004 940 1034 id
955 1002 1137 1040 faciendum
1160 1001 1292 1032 libenter
1316 999 1539 1039 impr-cesentio,
1560 999 1640 1038 quod

174 1049 317 1085 sortasse
331 1055 437 1091 postea
450 1050 559 1088 fzwere
580 1052 672 1088 cogat
699 1048 877 1079 necessitas.
923 1047 982 1077 So.
1011 1046 1098 1076 Bona
1105 1045 1241 1082 fortuna
1261 1044 1393 1074 eveniat.
1443 1043 1502 1072 LA.
1527 1041 1640 1072 Secede

184 1092 285 1131 igitur
300 1094 332 1124 in
348 1094 455 1124 villam
470 1094 508 1123 ab
523 1093 578 1123 hac
593 1092 679 1123 urbe.
724 1091 775 1121 Ibi
789 1100 844 1129 ego
860 1093 927 1120 tuos
943 1098 1053 1127 mores,
1069 1092 1162 1128 tuque
1178 1096 1259 1118 meos
1274 1086 1404 1117 int-icem
1425 1095 1510 1125 (equo
1536 1084 1639 1114 animo

174 1135 275 1172 feres.
320 1137 380 1168 So.
403 1135 609 1167 Proculdnbio
634 1134 680 1164 ita
705 1134 823 1175 confido
837 1132 923 1169 fore.
966 1132 1029 1162 LA.
1056 1131 1147 1161 Intra
1170 1130 1273 1168 igitur
1302 1130 1436 1166 domum,
1462 1127 1584 1166 collige,
1610 1129 1641 1156 et

183 1188 326 1220 compara
347 1189 395 1220 eu,
421 1189 488 1220 quae
514 1182 614 1210 tecum
627 1176 761 1216 ferenda
775 1179 868 1208 sunt.-
893 1176 958 1207 haec
979 1173 1252 1211 censeofaciendu.
1297 1172 1356 1203 So.
1381 1171 1433 1202 Ita
1449 1174 1483 1201 ut
1497 1170 1642 1211 imperas,

795 1282 816 1297 θ
819 1281 1035 1296 “““““““““

185 1362 250 1395 que
270 1353 378 1384 ironia
394 1353 456 1383 viri
473 1362 548 1383 suas
570 1351 758 1392 appellant,
780 1354 873 1381 certe
898 1359 953 1389 ap.
979 1351 1155 1385 nostrnm3
1178 1344 1223 1377 cf.
1240 1343 1366 1376 Heaut.
1382 1352 1438 1374 111.
1455 1346 1486 1373 5.
1502 1345 1534 1373 9.
1552 1345 1587 1372 et
1605 1351 1640 1374 v.

185 1400 215 1428 1.
231 1399 262 1428 6.
309 1397 355 1427 Et
379 1396 508 1426 Laches
538 1405 640 1435 supra
656 1404 731 1425 cum
749 1403 809 1424 sna
827 1392 1059 1424 vehementius
1075 1398 1190 1430 agens,
1214 1387 1360 1419 vocabat
1385 1386 1506 1424 mulier,
1533 1385 1641 1416 lenius

185 1439 341 1470 Sostrata.
378 1439 520 1480 ssip.—2
549 1438 667 1476 Ubique
693 1436 885 1468 Palmerius
908 1435 1006 1476 legit,
1028 1432 1088 1464 sed
1115 1430 1230 1463 invitis
1254 1430 1376 1461 Musis.
1413 1428 1514 1460 lVest.
1543 1429 1644 1467 possis

182 1483 318 1513 animum
338 1481 421 1512 Mss.
450 1491 576 1513 omnes.
599 1481 698 1511 Boecl.
746 1480 824 1511 Non
840 1488 923 1519 opus
948 1487 1024 1508 cum
1042 1474 1215 1507 Palmerio
1236 1483 1323 1513 posse
1340 1474 1466 1512 legere.
1497 1472 1644 1502 Wese—

185 1527 204 1555 3
224 1525 374 1556 Exhibeo
390 1525 574 1555 lectionem
588 1523 776 1563 Juntinam,
794 1522 966 1558 Aldinam,
981 1521 1053 1551 Ste.
1069 1523 1105 1550 et
1120 1517 1193 1549 EA.
1220 1515 1287 1547 Alii
1305 1525 1380 1546 cum
1400 1516 1549 1552 Mureto,
1566 1514 1642 1544 Pos-

186 1568 290 1598 tidea:
315 1569 403 1609 quod
421 1567 630 1598 Plautinum.
660 1566 762 1597 PVest.
806 1565 874 1596 Hic
891 1573 1006 1595 versus
1028 1567 1065 1593 ut
1090 1559 1283 1592 trochaicus
1301 1567 1367 1588 non
1392 1563 1507 1597 potest
1536 1561 1642 1596 stare,

187 1616 223 1641 ut
239 1611 409 1641 lambiens
426 1615 540 1641 autem
559 1610 612 1640 vix
631 1614 733 1650 atque
750 1618 853 1648 aegre,
871 1607 955 1638 adeo
973 1604 1156 1647 impeditus
1172 1607 1223 1633 est
1239 1602 1428 1632 inversione
1443 1600 1642 1630 verborum:

187 1663 261 1693 quae
275 1663 335 1684 nos
351 1663 394 1684 ex
407 1654 542 1684 Donato
566 1657 602 1684 et
619 1652 715 1683 Bem.
732 1652 779 1683 ita
802 1651 1026 1682 collocamus:
1054 1648 1143 1683 Quod
1154 1645 1337 1686 faciundum
1352 1644 1394 1674 sit
1407 1647 1475 1683 post
1486 1642 1642 1681 fortasse.-

185 1696 235 1726 ita
248 1697 439 1727 trochaicus
456 1697 534 1736 erit,
557 1695 589 1726 in
608 1705 674 1736 quo
691 1699 804 1725 tamen
821 1694 869 1733 in,
890 1693 972 1724 idem
993 1692 1058 1729 hoc,
1080 1699 1146 1721 non
1163 1688 1222 1720 fiet
1238 1686 1383 1719 collisio.
1428 1686 1519 1717 Vict.
1536 1690 1571 1716 et
1585 1685 1645 1715 ali-

187 1739 245 1779 qni
260 1739 318 1770 alii
334 1739 410 1770 libri
425 1740 473 1770 ita
487 1739 625 1777 habent,
651 1739 741 1773 Quod
761 1737 948 1776 faciundum
964 1735 1005 1766 sit
1019 1734 1158 1773 sortasse
1169 1735 1240 1773 post
1254 1731 1335 1761 idem
1350 1730 1405 1760 hoc
1420 1738 1499 1759 nunc
1514 1728 1541 1758 εἰ
1557 1728 1643 1765 fece-

185 1782 240 1814 ris.
286 1781 368 1822 Alii,
387 1782 477 1818 Quod
491 1782 533 1812 sit
541 1781 726 1821 faciundum
735 1780 886 1819 fortasse,
910 1784 945 1810 et
959 1778 992 1809 in
1010 1777 1059 1807 bis
1076 1777 1157 1807 Bas.
1181 1775 1242 1805 Fa.
1287 1773 1343 1804 Sic
1357 1772 1452 1803 dedit
1467 1771 1618 1802 Faernus
1634 1781 1644 1809 ;

188 1824 274 1855 utin
290 1824 371 1856 idem
384 1825 477 1856 nulla
489 1823 551 1856 fiat
567 1824 718 1855 collisio:
744 1833 820 1864 qnae
837 1827 951 1853 tamen
968 1820 1107 1851 licentia
1123 1828 1188 1849 non
1205 1820 1320 1858 potest
1335 1814 1487 1846 concedi.
1525 1814 1645 1844 Nostri

186 1868 362 1898 veterrimi
379 1878 454 1899 cum
470 1867 544 1899 aliis
560 1867 746 1908 plerisque,
764 1866 853 1901 Quod
878 1865 920 1896 sit
938 1863 1144 1903 faciundum.-
1168 1860 1264 1891 Unus
1291 1868 1365 1890 cuin
1390 1858 1483 1888 Vict.
1503 1856 1645 1894 fortasse

185 1913 264 1950 post.
311 1911 466 1949 Repone‚
491 1911 581 1946 Quod
595 1911 637 1941 sit
645 1909 830 1948 faciundum
835 1908 974 1946 sortasse
987 1909 1069 1947 post,
1092 1905 1174 1936 idem
1189 1904 1244 1934 hoc
1259 1912 1338 1933 nunc
1352 1901 1380 1932 si
1398 1900 1528 1939 feceris.
1576 1899 1644 1930 Ubi

187 1953 282 1983 vides
297 1958 333 1984 et
348 1954 427 1984 Post
441 1958 476 1984 et
492 1954 523 1984 ei
540 1954 731 1993 oppositum
746 1952 838 1982 Num:
854 1956 1034 1991 utrumque
1046 1949 1080 1980 in
1096 1947 1167 1979 ictu
1183 1955 1270 1977 esse.
1296 1945 1391 1975 Bent.
1419 1944 1477 1974 ΒΓ.
1496 1942 1539 1979 Α,
1567 1944 1645 1981 qnod

187 1995 229 2026 sit
235 1995 417 2032 faciendum
429 1999 498 2036 post
513 1995 662 2034 fortasse,
679 2000 714 2026 et
730 1995 778 2026 sic
800 1995 809 2011 ‘
822 1995 889 2025 duo
911 1994 997 2025 Mss.
1025 1991 1147 2023 tertius
1161 1990 1240 2030 quod
1256 1988 1443 2027 faciundum
1457 1986 1496 2016 sit
1506 1986 1646 2024 fortasse

186 2042 256 2078 post
271 2056 314 2061 ——-
328 2040 356 2070 si
372 2049 430 2069 non
448 2038 586 2078 feceris?
608 2038 780 2070 Boecl.—4
805 2038 882 2069 Fiat
899 2037 958 2068 ΒΓ.
974 2035 1047 2067 ΕΡ.
1064 2043 1181 2065 omnes
1198 2033 1284 2063 Mss.
1298 2030 1386 2070 apud
1404 2029 1509 2060 Boecl.
1530 2028 1645 2066 faveat

190 2080 276 2112 GM.
293 2090 312 2112 e
328 2092 372 2114 m.
386 2080 461 2112 2da.
477 2082 542 2123 fiat
558 2082 639 2112 Par.
655 2079 861 2122 absquesm·s
874 2090 884 2112 .·
896 2079 991 2112 ‘Jac.
1010 2075 1211 2108 Perizonius
1228 2071 1468 2113 legebatfuic.'
1490 2071 1645 2102 west.-

188 2128 207 2154 5
232 2124 334 2155 Simul
359 2128 458 2155 tecum
483 2123 658 2165 afferantur
678 2133 763 2154 unus
786 2132 805 2154 e
830 2123 914 2153 Mss.
939 2121 1037 2153 Boecl.
1081 2119 1195 2150 Iintro
1217 2127 1290 2155 ergo
1307 2119 1336 2146 et
1360 2123 1502 2154 compone
1517 2123 1584 2154 ‹111ae
1599 2116 1644 2143 te-

188 2177 258 2198 cum
275 2167 443 2208 {ferantur
457 2168 561 2198 simul.
577 2168 638 2198 ΒΓ.
681 2167 820 2197 Inversa
835 2166 938 2196 verba
955 2164 1003 2195 sic
1021 2162 1154 2193 colloca
1170 2170 1213 2191 ex
1230 2160 1326 2189 Bem.
1343 2163 1379 2189 et
1396 2158 1468 2188 aliis
1485 2156 1645 2196 antiquis,

190 2214 227 2240 et
242 2211 373 2241 ratione
389 2210 564 2250 trochaici,
584 2220 653 2250 ‹111oe
668 2212 767 2240 tecum
780 2208 882 2239 simul.
906 2208 966 2238 Fa.
1013 2205 1132 2238 Nostri
1146 2211 1279 2245 quoque
1297 2210 1412 2232 omnes
1430 2204 1528 2231 tecum
1543 2199 1646 2229 simul.

189 2252 371 2284 Bent.--3.
387 2256 419 2284 4.
435 2256 465 2284 5.
480 2256 500 2284 6
518 2253 592 2283 Hos
606 2257 751 2293 quatuor
767 2260 884 2281 versus
898 2251 947 2281 ita
963 2249 1046 2289 legit
1062 2247 1166 2278 Both.
1201 2244 1351 2276 Posticleu
1364 2244 1441 2284 quod
1458 2242 1646 2280 faciundum

183 2295 255 2333 fors
268 2296 324 2336 sit,
347 2305 427 2327 nunc
441 2296 516 2326 item
531 2296 586 2327 hoc
596 2296 671 2334 fuat
685 2295 743 2335 pol.
764 2293 769 2336 Ι
789 2293 852 2325 Abi
867 2303 920 2324 rus
935 2302 1007 2331 ergo
1020 2291 1111 2321 hinc:
1128 2289 1173 2319 ibi
1189 2298 1244 2327 ego
1259 2290 1290 2317 te
1307 2290 1335 2317 et
1354 2286 1482 2324 inferes
1496 2294 1555 2315 me.
1585 2285 1645 2316 So.

191 2337 287 2378 Spero
303 2342 430 2369 ecastor.
450 2337 455 2379 Ι
477 2339 538 2369 LA.
563 2339 584 2369 Ι
597 2348 670 2377 ergo
685 2341 716 2369 et
736 2346 888 2377 compone,
911 2346 978 2376 quae
1003 2333 1093 2364 simul
1121 2336 1218 2363 tecum
1236 2331 1398 2368 ferantur.
1445 2327 1539 2358 Dia-i.
1562 2327 1565 2365 Ι
1587 2328 1646 2358 So.

192 2381 257 2420 Ita,
271 2380 417 2421 utjubes,
431 2382 562 2420 faciam.
606 2382 673 2412 ΡΑ.
696 2381 807 2412 Pater.
829 2378 834 2421 1
853 2379 992 2410 Scilicet
1008 2385 1075 2407 non
1091 2375 1268 2406 intellecta
1285 2372 1399 2411 verba,
1415 2369 1567 2408 forsfuac
1582 2370 1647 2409 pol,

191 2433 307 2455 omnes
330 2425 387 2455 has
415 2424 553 2455 dedisse
574 2424 705 2463 turbas,
728 2433 803 2465 quae
820 2431 882 2463 pro
897 2422 1059 2452 Fortunae
1078 2417 1294 2449 invocatione
1321 2414 1543 2454 accipientes,
1567 2422 1644 2443 cum

192 2476 312 2499 manca
334 2467 509 2498 videretur
533 2466 738 2498 antecedens
761 2465 916 2508 proxime
933 2462 1118 2502 sententia,
1145 2461 1214 2491 cito
1231 2457 1451 2495 addiderunt,
1473 2456 1500 2487 si
1516 2455 1645 2494 seceris,

845 2560 987 2595 NOTAE

236 2647 256 2674 4
279 2641 458 2682 Forssnat]
483 2641 634 2673 Fortuna
646 2638 771 2671 faveat.
795 2639 890 2674 Fuat,
946 2644 1056 2668 causae
1086 2630 1239 2664 adhiberi
1263 2628 1410 2667 solitum,
1433 2636 1500 2668 quo
1520 2624 1646 2666 signifi-

197 2693 363 2733 significat
379 2694 433 2723 sit.
629 2683 632 2687 ’
946 2692 1045 2718 catur
1075 2683 1206 2715 firmum
1237 2685 1271 2713 et
1302 2689 1375 2711 esse
1406 2683 1529 2717 ratum,
1554 2677 1644 2718 qnod

238 2746 258 2774 6
281 2743 378 2784 Dixi]
396 2743 472 2775 Hoc
486 2742 622 2775 verbum
633 2742 665 2773 in
679 2740 893 2782 peroratione
949 2738 1060 2780 egerit
1075 2736 1212 2767 Orator.
