1966 3302
499 241 809 271 PHORMIONIS
843 241 952 270 AGT.
984 241 1036 270 11.
1068 240 1138 270 sc.
1171 240 1242 268 111.
1516 226 1603 267 9523

530 385 732 427 ACTUS
764 386 828 426 ΙΙ.
890 386 1096 427 SCENA
1128 385 1217 426 ΙΙΙ.

501 496 740 525 DEMIPHO.
792 496 938 525 GETA.
994 496 1240 525 PHORMIO.

149 566 241 607 DE.
273 564 344 605 EN
368 578 563 617 unquam
586 565 793 617 cuiquam
815 563 1183 604 contumeliosius

147 632 353 673 Audistis
374 632 538 672 factam
560 631 778 684 injuriam,
800 643 933 684 quam
954 630 1051 671 haec
1073 636 1141 669 est
1161 628 1300 669 mihi?

147 698 330 748 Adeste,
373 711 540 752 quaeso.
619 697 707 738 GE.
739 697 886 738 Iratus
926 700 1006 737 est.
1085 697 1243 736 Pnoa.
1278 695 1397 746 Quin
1430 701 1475 737 tu
1515 697 1599 737 hoc

323 778 420 818 age,
444 766 509 806 st!

190 868 260 899 DE.
288 868 336 898 En
357 877 492 908 unquam
514 868 640 899 vidistis
661 869 758 899 ullum
782 868 934 899 hominem
952 867 1062 906 majori
1084 866 1200 905 injuria
1221 866 1368 907 affectum
1386 866 1497 906 fuisse,
1511 877 1602 907 quam

147 919 203 949 ego
223 920 304 941 nunc
317 913 406 941 sum?
422 910 533 951 juvat-e
547 921 659 950 quoeso.
704 911 771 942 GE,
794 911 850 941 Ira
874 912 1023 951 impulsus
1037 914 1093 941 est.
1138 911 1206 941 Pu.
1231 910 1317 945 Quin
1330 913 1424 948 taces,
1438 913 1478 940 st.
1525 911 1601 940 Jmn

754 1005 992 1018 eeeeeeeeeeee

193 1071 208 1099 l
234 1068 342 1109 Nunq.
356 1069 436 1109 cuiq.
452 1069 579 1110 absque
596 1069 760 1110 interrog.
778 1069 891 1101 Guelf.
906 1072 1001 1101 1.—2
1031 1068 1165 1099 Vidistis
1180 1067 1288 1099 id.—3
1308 1068 1393 1103 Quin
1407 1071 1442 1098 tu.
1456 1068 1512 1099 hoc
1525 1069 1600 1109 age]

146 1110 258 1151 Super
272 1112 324 1142 liis
341 1112 467 1150 verbis,
482 1112 530 1142 ita
547 1112 630 1142 dicit
648 1113 803 1143 Donatus
819 1124 827 1144 ε
860 1116 869 1129 ‘
889 1112 1023 1143 Annuit
1047 1116 1085 1142 ut
1109 1115 1235 1146 taceat,
1252 1116 1287 1140 et
1314 1109 1484 1150 significat
1500 1112 1602 1142 silen-

147 1153 255 1185 tium?
297 1154 366 1184 Sed
384 1154 473 1185 unde
488 1154 551 1184 hoc
574 1155 709 1185 Donato
725 1156 865 1186 venitin
882 1159 1045 1192 mentem,
1062 1153 1151 1194 quod
1168 1163 1229 1194 per
1243 1153 1316 1184 lraec
1332 1153 1437 1184 verba
1453 1155 1527 1194 quis
1543 1164 1601 1185 an-

147 1201 230 1227 nuat
245 1197 345 1228 alteri
361 1202 398 1226 ut
417 1196 554 1227 taceat?
576 1206 640 1227 non
658 1197 793 1238 quidem
811 1207 853 1228 ex
869 1207 984 1228 eorum
1001 1196 1250 1235 significatione
1266 1206 1274 1225 t
1301 1197 1425 1226 nnllam
1443 1196 1531 1227 enim
1548 1203 1600 1228 ta-

146 1238 212 1269 lem
229 1239 295 1269 vim
313 1239 452 1277 habent,
468 1239 526 1268 sed
543 1239 699 1270 nimirum
717 1240 844 1281 aliquid
859 1250 932 1271 esse
948 1239 1067 1270 debuit
1083 1239 1115 1269 in
1142 1239 1240 1279 hujus
1259 1239 1377 1269 Poetae
1397 1239 1500 1278 libris,
1518 1249 1601 1279 quos

145 1280 265 1312 habuit
281 1281 355 1321 ipse
371 1281 617 1321 castigatiores,
631 1282 721 1323 quod
737 1293 813 1313 eum
829 1282 871 1313 ad
897 1283 943 1313 ita
968 1281 1230 1321 intelligendum
1246 1281 1335 1311 huuc
1353 1282 1465 1312 locum
1482 1282 1603 1313 indux-

146 1323 223 1354 erit.
269 1323 357 1354 Saue
374 1333 490 1354 omnes
507 1325 637 1365 antiqui
660 1325 749 1364 libri,
766 1335 827 1365 pro
841 1335 913 1364 age,
929 1324 1057 1355 habent
1071 1334 1166 1362 ages.-
1190 1324 1279 1365 quod
1304 1324 1398 1354 nobis
1416 1324 1502 1354 viam
1521 1334 1601 1364 ape-

146 1365 216 1395 rnit
232 1366 274 1396 ad
290 1367 376 1396 hanc
393 1367 571 1397 lectionem
589 1367 846 1398 restituendam.
893 1368 981 1399 Nam
998 1367 1099 1397 litera
1121 1377 1136 1396 s
1161 1376 1204 1397 ex
1226 1376 1301 1404 ages
1327 1367 1493 1405 detracta,
1510 1376 1601 1397 seor-

147 1417 289 1448 sumque
307 1409 507 1446 constituta,
522 1409 620 1450 eique
635 1409 752 1440 addito
769 1414 792 1446 t,
810 1410 849 1441 fit
865 1414 945 1441 nota
962 1409 1087 1440 silentii
1101 1412 1155 1444 sb·
1177 1410 1225 1440 ita
1242 1410 1320 1447 erit,
1335 1409 1408 1449 Ψιὶη
1423 1412 1459 1440 tu
1473 1410 1527 1440 hoe
1543 1419 1603 1449 age

144 1453 195 1481 st.-
219 1456 254 1481 et
269 1451 453 1482 clarissime
469 1451 692 1491 intelligetur,
706 1453 947 1484 Phormionem
963 1452 1064 1483 Getae
1080 1451 1254 1482 silentium
1269 1452 1432 1482 indicere.
1476 1453 1603 1491 Super-

147 1496 214 1531 est,
230 1497 268 1524 ut
282 1493 387 1525 verba
401 1494 540 1531 Donati,
557 1505 633 1535 quae
662 1499 698 1525 et
723 1495 796 1536 ipsa
822 1500 984 1535 corrupta
1011 1498 1099 1532 sunt,
1124 1494 1356 1524 emendemus
1401 1494 1485 1526 Quis
1512 1495 1602 1525 enim

145 1543 214 1566 non
240 1535 346 1571 videt,
363 1545 462 1576 quam
480 1536 589 1567 otiosa
606 1537 649 1568 sit
664 1537 722 1568 illa
739 1538 899 1578 repetitio
921 1542 1010 1578 post,
1025 1537 1137 1567 annuit
1164 1540 1198 1568 ut
1222 1540 1336 1575 taceat,
1361 1537 1452 1577 quod
1480 1546 1541 1576 per
1565 1547 1601 1567 se

146 1578 258 1608 sensui
273 1577 410 1614 sufficit,
425 1578 614 1616 subdendo,
638 1583 668 1610 et
689 1579 849 1622 significat
863 1581 1044 1611 silentium?
1077 1580 1186 1611 Quam
1203 1589 1286 1610 vero
1303 1579 1449 1610 absurde
1465 1579 1604 1617 dicitur,

147 1629 235 1656 eum,
252 1621 309 1661 qni
326 1622 443 1652 annuit
454 1622 550 1652 alteri
564 1626 603 1652 ut
619 1626 747 1661 taceat,
761 1623 958 1663 significare
975 1622 1159 1660 silentium,
1173 1632 1249 1652 cum
1267 1621 1479 1661 significandi
1495 1620 1603 1652 facul-

147 1667 200 1693 tas
215 1672 281 1693 non
299 1664 468 1703 personiS,
482 1664 540 1694 sed
557 1665 731 1695 vocabulis
747 1666 916 1696 attributa
931 1665 999 1696 sit?
1024 1674 1128 1705 quare
1151 1674 1212 1704 pro
1233 1668 1276 1702 et,
1298 1665 1487 1695 mutatione
1502 1665 1600 1695 unius

146 1705 269 1744 literae,
282 1709 312 1736 st
326 1706 506 1746 legendum
522 1706 729 1738 arbitramur
743 1718 751 1745 ;
777 1713 814 1738 ut
827 1709 873 1738 sit
887 1709 959 1739 haec
976 1708 1079 1738 lectio
1096 1707 1238 1743 Donati,
1256 1707 1340 1742 Quin
1357 1710 1390 1737 tu
1405 1707 1460 1737 hoc
1474 1717 1545 1747 age,
1555 1708 1603 1746 st]

147 1747 271 1779 Annuit
291 1751 325 1779 ut
350 1751 464 1788 taceat,
477 1752 508 1779 st
521 1749 683 1791 significat
705 1750 875 1781 silentium.
922 1751 1007 1781 Cum
1031 1750 1104 1780 haec
1127 1750 1389 1789 scripsissemus,
1406 1750 1601 1789 diligentius

147 1790 314 1830 inspicere
340 1792 504 1821 voluimus
521 1792 771 1832 antiquissimos
788 1793 939 1824 Terentii
964 1792 1082 1830 libros,
1098 1796 1134 1822 et
1162 1792 1195 1822 in
1222 1792 1278 1822 Vi.
1303 1792 1502 1832 invenimus,
1525 1797 1603 1831 post

145 1842 232 1871 ages,
249 1842 400 1864 rasuram
418 1834 514 1864 unius
530 1835 670 1874 litterae,
686 1835 794 1866 instar
808 1840 841 1867 t.-
872 1841 908 1866 ut
926 1835 1028 1866 facilc
1043 1835 1169 1875 conjici
1187 1835 1306 1874 possit,
1327 1835 1492 1874 scriptum
1510 1835 1602 1874 prius

147 1874 255 1906 fnisse
270 1886 311 1915 ag
325 1878 378 1912 st;
402 1876 435 1906 id
455 1886 535 1907 vero
549 1886 680 1908 omnem
697 1878 794 1909 nobis
809 1878 1069 1915 dubitationem,
1086 1878 1113 1907 si
1131 1887 1196 1918 qua
1221 1877 1262 1907 de
1282 1877 1342 1906 liae
1358 1881 1472 1907 nostra
1489 1886 1602 1908 emen-

147 1916 283 1948 datione
300 1918 464 1954 restabat,
481 1920 617 1950 exemit.
651 1920 710 1951 Fa.
767 1921 852 1955 Quin
877 1924 911 1951 tu
932 1921 987 1950 hoc
1003 1920 1075 1958 nge]
1102 1920 1154 1950 Ita
1171 1920 1342 1960 pleraeque
1359 1920 1528 1950 editiones
1546 1930 1602 1950 ve-

148 1964 259 1997 teres;
284 1960 431 1992 Juntina
445 1967 569 1997 tamen,
585 1962 722 2002 Aldina,
739 1963 826 1999 aliae,
840 1963 925 1998 Quin
941 1967 973 1992 tu
990 1963 1044 1992 t'mc
1059 1972 1143 2000 ages.
1189 1962 1305 2002 Atque
1321 1962 1369 1992 ita
1386 1961 1508 1993 Leidd.
1521 1972 1603 2002 quam

148 2006 236 2041 tuor,
251 2012 392 2043 quorum
420 2003 478 2033 nni
501 2005 784 2045 suprascriptum,
800 2005 929 2045 fugies3
963 2005 1006 2035 G.
1032 2006 1113 2034 wit.
1142 2008 1178 2035 et
1203 2005 1325 2034 Boend.
1371 2005 1421 2035 Ex
1438 2015 1504 2045 qua
1521 2005 1603 2037 lect.

147 2044 354 2085 conjicIebat
367 2045 532 2084 Faernus,
547 2047 710 2087 scriptum
728 2058 746 2077 a
761 2048 922 2078 Terentio
939 2046 1044 2077 fuisse
1059 2058 1066 2077 :
1093 2047 1175 2082 Quin
1193 2050 1226 2077 tu
1240 2048 1295 2077 hoc
1311 2057 1388 2085 age:
1409 2049 1449 2078 st.
1474 2047 1603 2078 Firmat

147 2096 250 2127 porro
267 2097 360 2118 snam
376 2088 579 2119 sententiam
597 2099 638 2119 ex
653 2091 807 2129 Donato,
824 2095 1004 2130 putatque,
1017 2089 1193 2128 scripsisse
1210 2090 1408 2119 Donatum:
1431 2089 1554 2120 Annuit
1569 2094 1605 2121 ut

146 2132 260 2161 taceat.
293 2129 333 2160 St
347 2129 505 2172 signfficat
521 2131 688 2162 silentium.
735 2133 800 2162 Sed
818 2138 1046 2173 praeterquam
1063 2131 1152 2172 quod
1176 2141 1275 2161 nemo
1293 2132 1603 2164 Commentatorum

147 2172 195 2202 ita
209 2181 246 2202 se
263 2173 429 2212 reperisse
447 2174 478 2204 in
496 2174 564 2204 ullo
581 2175 649 2204 Ms-
666 2179 826 2214 testatur,
838 2175 1051 2214 vixjunctim
1069 2175 1234 2213 reperias,
1249 2175 1332 2208 Quin
1348 2174 1448 2204 ίιιΙιοσ
1462 2184 1542 2213 age:
1564 2179 1604 2207 st.

148 2214 248 2247 Quod
268 2224 346 2245 vero
363 2215 535 2246 existimat
561 2216 650 2246 idem
668 2217 831 2255 Faernus,
849 2217 993 2248 absurde
1018 2217 1097 2254 dici,
1120 2226 1196 2246 eum
1223 2218 1279 2257 qui
1297 2217 1415 2247 annuit
1440 2218 1553 2255 alteri,
1567 2222 1605 2248 ut

148 2261 278 2295 taceat,
292 2257 483 2296 significare
501 2259 684 2296 silentium,
706 2268 782 2289 cum
810 2259 1024 2299 significandi
1044 2258 1188 2289 facultas
1204 2268 1270 2289 non
1287 2259 1452 2298 personis,
1468 2259 1528 2291 sed
1548 2270 1604 2290 vo-

147 2299 277 2329 cabulis
295 2300 463 2331 attributa
480 2302 535 2338 sit,
550 2302 583 2330 in
601 2311 639 2331 eo
666 2301 739 2341 ipse
766 2301 906 2333 fallitur.
951 2304 959 2319 ‘
974 2301 1170 2341 Significare
1184 2301 1192 2313 '
1215 2302 1304 2331 euim
1323 2302 1376 2331 vel
1392 2301 1535 2332 maxime
1551 2308 1606 2334 est

147 2346 232 2372 nutu
260 2343 313 2372 vel
340 2343 493 2381 gestibus
510 2343 672 2374 indicare.
710 2344 810 2374 IVest.
870 2345 955 2379 Quin
971 2348 1005 2375 tu
1021 2345 1075 2374 hoc
1093 2353 1163 2383 age,
1177 2343 1222 2382 st]
1245 2344 1299 2374 Sic
1318 2343 1413 2374 dedit
1429 2344 1604 2383 Faernus;

147 2388 183 2414 et
198 2384 312 2414 multis
329 2385 441 2415 verbis
458 2385 508 2415 vir
524 2386 671 2426 optimus
687 2387 770 2416 nihil
788 2385 948 2427 profecit.
997 2387 1123 2416 Donati
1143 2386 1248 2416 verba
1269 2391 1320 2416 sat
1338 2386 1423 2416 bene
1439 2387 1604 2427 explicari

148 2430 303 2466 possunt,
318 2426 390 2457 sine
407 2427 471 2458 isto
488 2428 537 2458 St.
565 2429 650 2464 Quin
665 2432 700 2459 tu
715 2439 784 2467 age,
802 2430 855 2460 vel
870 2430 940 2468 agis
955 2428 1047 2469 (nani
1067 2429 1221 2469 plerique
1238 2428 1372 2459 codices
1389 2428 1477 2469 ages)
1500 2430 1602 2460 silen-

147 2468 232 2499 tium
249 2468 302 2499 hic
319 2468 532 2508 significant3
556 2476 591 2501 et
609 2472 769 2502 Phormio
787 2472 839 2501 liic
866 2473 918 2502 vel
942 2472 1051 2501 innuit
1078 2471 1191 2509 Getae,
1207 2471 1259 2500 vel
1277 2471 1390 2501 cubito
1408 2481 1483 2501 eum
1501 2470 1603 2503 fodit.

147 2511 261 2541 Docni
275 2511 318 2541 ad
336 2511 424 2541 And.
440 2521 491 2542 iv.
510 2516 540 2542 1.
557 2515 608 2543 59.
633 2517 662 2543 st
687 2523 748 2553 per
772 2524 808 2545 se
833 2515 996 2554 syllabam
1014 2513 1152 2550 facere3
1176 2523 1242 2543 non
1261 2518 1374 2552 potest
1391 2514 1507 2553 itaque
1525 2523 1602 2545 cum

146 2562 206 2592 age
222 2554 254 2583 in
268 2553 420 2584 Iambum
439 2555 641 2586 coalescere.
682 2556 792 2596 quue
808 2556 881 2596 ipse
895 2555 1104 2595 experiendo
1120 2556 1217 2586 scies.
1258 2555 1346 2585 Nam
1363 2555 1395 2585 in
1409 2559 1438 2585 st
1455 2565 1604 2594 pronun-

148 2595 275 2631 tiando,
289 2605 356 2626 non
376 2597 560 2626 attrahitur
577 2598 730 2636 spiritm,
754 2599 812 2629 sed
842 2600 1054 2638 propellitur.
1100 2598 1162 2628 Est
1180 2603 1306 2635 tamen,
1322 2598 1376 2636 qui
1402 2596 1548 2630 affirmet
1572 2603 1601 2629 st

147 2637 220 2668 fere
237 2647 372 2677 semper
386 2638 474 2678 apud
493 2639 654 2669 Plautum
672 2649 746 2670 cum
773 2641 888 2679 priore
917 2640 1047 2680 syllaba
1069 2640 1274 2670 coalescere.
1320 2640 1407 2670 Sane
1423 2641 1483 2676 ita,
1500 2640 1557 2671 ubi
1573 2646 1604 2672 st

149 2689 223 2720 pro,
239 2684 302 2715 est,
321 2681 425 2718 venit,
440 2685 490 2719 ut,
506 2681 690 2718 Mirnm'st‚
713 2682 944 2720 Misernm¹st;
979 2682 1037 2712 sed
1055 2682 1220 2712 ne‘semel
1237 2681 1387 2721 quidem,
1404 2682 1457 2712 ubi
1476 2683 1603 2713 silentii

149 2726 226 2752 nota
243 2727 306 2753 est.
330 2723 425 2753 Bent.
470 2722 556 2762 Age]
581 2723 666 2754 GM.
682 2734 767 2763 ages.
792 2725 886 2755 Perl.
930 2724 994 2763 ’St]
1018 2723 1127 2754 Abest
1151 2729 1229 2754 nota
1250 2725 1322 2754 liaec
1337 2724 1460 2755 silentii
1479 2735 1497 2755 a
1514 2725 1601 2756 GM.

149 2770 184 2796 et
199 2764 257 2795 ΒΓ.
282 2765 332 2796 Id.
377 2764 461 2805 Agis
477 2765 702 2799 Bent.,rccte.
737 2767 775 2797 C.
793 2771 827 2798 et
844 2767 923 2797 Hel.
941 2776 1024 2806 αἶρε,
1042 2772 1077 2797 ut
1094 2766 1299 2808 antiquiores
1317 2775 1445 2799 omnes.
1489 2768 1601 2807 Vulgo
