1966 3302
334 195 419 237 876
826 207 867 236 ι’.
899 202 1140 235 TERENTU
1177 205 1290 234 Auni

337 310 424 339 rum,
438 300 598 336 Iambum,
615 298 794 331 constituit
819 299 851 330 in
878 302 1000 339 quarta
1014 298 1112 339 hujus
1129 307 1245 330 versus
1262 297 1355 334 sede,
1372 297 1428 340 qui
1445 300 1496 329 est
1512 295 1626 329 lamb.
1650 299 1787 330 tetram.

337 343 507 375 catalect.’
530 344 589 375 Fa.
632 347 641 361 ⁴
655 343 712 375 Sic
728 342 833 374 nostri
850 341 1023 375 universi!
1053 342 1150 374 Bent.

725 610 930 651 ACTUS
961 610 1047 652 IV.
1101 610 1307 652 SCENA
1339 610 1425 652 IV.

628 730 912 762 PH1D1PPUS.
952 732 1161 762 LACHES.
1202 731 1506 763 PAMPHILUS.

340 795 488 836 Pmn.
516 794 626 835 ΤΙΒΙ
649 810 827 852 quoque
850 797 1022 851 aedepol
1044 800 1184 840 iratus
1208 813 1318 849 sum,
1340 800 1620 849 Philumena,

342 862 551 904 Graviter
570 865 776 917 quidem3
806 879 908 907 nam
930 866 1075 907 hercle
1097 869 1177 908 abs
1200 872 1243 908 te
1263 867 1428 908 factum
1448 867 1504 907 'st
1525 867 1733 920 turpiter3

341 931 437 972 Etsi
454 932 536 971 tibi
560 945 695 972 causa
715 937 782 973 est
803 933 856 973 de
878 934 963 974 hac
985 947 1044 982 re,
1066 939 1204 974 muter
1225 948 1322 988 quae
1345 940 1389 976 te
1410 935 1610 988 impulit:

341 999 464 1041 Huic
485 1012 590 1040 vero
612 1001 732 1041 nulla
751 1005 831 1043 est.
893 1002 979 1042 LA.
1013 1002 1275 1055 Opportune
1298 1007 1340 1042 te
1362 1003 1483 1052 mihi,

340 1067 578 1121 Phiffippe,
597 1068 640 1108 in
663 1070 762 1121 ipso
785 1075 977 1123 tempore
999 1070 1207 1111 ostendis.
1269 1070 1415 1110 Pam.
1448 1069 1570 1119 Quid
1593 1068 1691 1108 est?
1766 1068 1794 1107 5

341 1135 471 1177 ΡΑΜ.
503 1134 624 1185 Quid
646 1137 922 1191 respondebo
943 1138 1045 1179 his?
1068 1143 1145 1179 aut
1166 1150 1254 1191 quo
1276 1143 1410 1191 pacto
1433 1137 1516 1178 hoc
1538 1135 1763 1189 aperiam?

386 1256 457 1288 Pu.
478 1257 548 1288 Tibi
562 1268 679 1298 quoque
694 1269 864 1298 succenseo,
879 1270 939 1290 non
953 1260 1049 1290 solum
1066 1259 1242 1299 Myr-rhime
1257 1258 1351 1288 matri
1367 1261 1439 1295 tnoe,
1458 1257 1655 1295 Philumena,
1667 1257 1698 1285 et
1710 1252 1798 1284 valde

343 1299 463 1338 quidem
477 1311 532 1340 per
547 1302 642 1332 <edem
660 1302 818 1333 Pollucis:
841 1313 914 1333 nam
935 1313 989 1342 per
1008 1303 1175 1333 Herculem
1196 1302 1372 1332 indecenter
1391 1305 1421 1331 te
1433 1300 1571 1340 gessisti,
1587 1300 1666 1339 quod
1681 1297 1799 1343 absces-

344 1342 421 1388 seris
451 1344 538 1373 domo
568 1344 699 1380 mariti;
732 1346 792 1375 etsi
828 1346 886 1376 tibi
916 1346 1073 1376 excusatio
1104 1347 1218 1385 parata
1242 1347 1301 1382 est,
1334 1354 1440 1385 nempe
1473 1347 1604 1373 matrem
1636 1345 1666 1372 te
1698 1340 1737 1371 ad
1766 1339 1799 1367 td

336 1386 522 1420 jaciendum
536 1386 705 1426 instigasse
715 1399 725 1418 .-
748 1388 812 1418 hoec
827 1399 898 1419 ‘cero
914 1390 1028 1419 nullum
1045 1388 1165 1418 omnino
1177 1397 1303 1418 causam
1314 1387 1416 1425 habet,
1430 1396 1519 1427 quam
1535 1386 1691 1415 obtendat.
1736 1382 1799 1412 LA.

347 1428 511 1459 Commode
527 1433 557 1460 et
572 1431 704 1470 tempori
719 1431 794 1461 mihi
811 1435 840 1461 te
855 1431 979 1462 obvium
999 1431 1130 1471 proebes,
1146 1430 1314 1469 Phidippe.
1359 1429 1430 1460 ΡΗ.
1457 1425 1686 1464 Quamobrem?
1732 1425 1800 1455 PA-

348 1470 431 1505 Quid
452 1473 638 1512 respondebo
662 1474 724 1514 Itis,
746 1477 800 1505 ant
823 1476 969 1514 quomodo
991 1474 1198 1515 quaerentibus
1213 1473 1245 1504 id
1260 1471 1436 1514 exponam?
1482 1473 1545 1504 LA·
1572 1470 1736 1510 Plzidippe,
1749 1467 1801 1498 dic

954 1578 1195 1591 eeeeeeeeeee

390 1649 402 1676 'i
435 1645 563 1686 Tibique
579 1647 681 1678 Both.
714 1649 723 1665 ‘
743 1647 947 1678 Concinnius
963 1651 1060 1678 vetus
1077 1652 1193 1678 noster
1208 1649 1282 1679 900.
1298 1653 1459 1676 annorum
1475 1653 1549 1675 cum
1570 1642 1679 1673 altero
1696 1640 1802 1680 regio,

351 1689 423 1720 Tibi
437 1699 552 1729 quoque
566 1689 668 1720 iratus
682 1691 785 1730 edepol
799 1701 879 1729 sum,
903 1688 1114 1721 Phihnnenm’
1137 1691 1239 1721 Bent.
1283 1699 1352 1719 sum
1367 1689 1467 1719 iratus
1481 1687 1560 1727 Bip.
1577 1686 1702 1716 Biz—⁵2
1726 1685 1801 1714 Jmn

350 1732 416 1762 Gu.
435 1735 464 1764 2.
499 1732 676 1770 estfactum
693 1735 734 1771 B,
751 1735 790 1771 C,
810 1734 867 1764 ΒΥ.
881 1734 975 1764 Perl.
993 1738 1028 1763 et
1045 1734 1054 1750 ‘
1071 1733 1175 1765 nostri
1193 1732 1266 1763 fere
1282 1731 1421 1763 omnes!
1443 1731 1540 1761 Rem,
1574 1732 1616 1759 est
1625 1728 1720 1766 factu
1735 1727 1803 1756 dno

348 1776 431 1806 Mss.
448 1785 466 1805 e
483 1775 589 1806 Boecl.
612 1780 658 1806 est
673 1776 766 1807 delet
782 1776 949 1807 Boiu—3
976 1776 1054 1811 Quae
1068 1779 1097 1806 te
1113 1775 1251 1816 impulit]
1272 1775 1328 1805 Ita
1341 1774 1405 1805 edo
1423 1783 1464 1803 ex
1481 1773 1564 1803 Mss.
1581 1769 1805 1801 Leideusibus

348 1818 510 1858 quinque,
527 1828 728 1859 quamquam
747 1820 781 1850 in
797 1819 916 1859 quinto
935 1820 1015 1854 Quae
1032 1828 1178 1857 erasum,
1195 1818 1294 1849 Bodl.
1310 1818 1370 1848 Tr.
1388 1817 1432 1848 G.
1450 1816 1543 1855 Lips.
1561 1815 1611 1845 M.
1630 1818 1666 1844 et
1680 1811 1804 1843 Boend.

347 1861 431 1891 Tum
450 1860 529 1892 edd.
546 1863 625 1892 anui
644 1865 737 1893 1469.
754 1861 864 1893 Anon.
881 1861 1021 1902 Arge-nt.
1038 1862 1194 1901 Lugdun.
1207 1862 1333 1892 Venet.
1350 1860 1448 1892 Junt.
1462 1857 1541 1888 Ald.
1557 1857 1642 1887 aliis.
1688 1856 1804 1885 Dona-

349 1909 417 1942 tus,
435 1903 688 1943 Gambareuus,
704 1905 774 1936 Ste.
799 1905 924 1945 aliique
950 1905 1113 1936 omittunt
1131 1906 1220 1940 Quoe.
1245 1913 1343 1944 quam
1360 1911 1478 1932 vocem
1495 1898 1676 1931 manifesto
1694 1898 1807 1939 rejicit

350 1946 485 1978 Rivius.
514 1948 608 1980 West.
626 1949 786 1988 rejiciunt
802 1951 836 1978 et
851 1949 952 1978 Bent.
969 1948 1048 1988 Bip.
1067 1948 1168 1978 Both.
1184 1947 1277 1978 Perl.
1301 1951 1337 1977 at
1350 1955 1417 1986 quoe
1434 1947 1620 1984 agnoscunt
1636 1941 1721 1972 Mss.
1737 1950 1806 1971 om-

350 1999 410 2020 nes
427 1990 516 2029 apud
534 1990 641 2022 Boecl.
658 1992 760 2023 Bent.
775 1990 874 2021 Lind.
889 1999 1020 2021 necnon
1034 1991 1092 2021 ΒΥ.
1116 1989 1232 2021 Gne-if.
1254 1992 1350 2020 2.-4
1369 1989 1494 2028 Optime
1505 1986 1591 2017 Mss.
1613 1984 1691 2015 duo.
1709 1984 1808 2014 Boecl.

350 2037 412 2063 -5
437 2033 507 2063 Pro
524 2034 659 2064 ostendis
675 2035 756 2065 EM.
772 2033 942 2075 offers.—6
967 2033 1168 2073 Complures
1182 2033 1260 2063 libri
1285 2031 1418 2071 scripti,
1439 2031 1530 2060 inter
1545 2038 1628 2069 quos
1643 2026 1807 2068 antiquis-

352 2075 439 2114 simi,
455 2075 582 2106 habent
596 2078 734 2118 aperiam
746 2088 756 2107 .·
791 2076 1072 2118 quemadmodum
1089 2081 1124 2106 et
1141 2077 1298 2106 Donatus
1312 2074 1410 2114 legit,
1424 2073 1472 2104 ita
1487 2072 1618 2111 dicens,
1639 2071 1711 2101 Hoc
1723 2070 1809 2100 modo

351 2119 485 2150 ostendit
499 2128 553 2149 nec
568 2129 632 2151 esse
647 2121 726 2160 quod
736 2119 873 2159 simulet,
896 2129 949 2149 nec
965 2119 998 2150 id
1012 2120 1090 2160 quod
1105 2128 1209 2149 verum
1225 2122 1285 2156 est,
1299 2118 1460 2148 dicendum
1475 2115 1534 2146 sibi
1547 2124 1619 2145 esse.
1642 2114 1690 2144 ita
1707 2113 1808 2145 etiam

352 2161 395 2192 R.
411 2162 528 2202 Steph.
546 2161 726 2201 impressit.
754 2163 809 2193 Fa.
856 2162 1006 2202 Aperiam
1028 2162 1123 2192 dedit
1151 2161 1325 2192 Faernus:
1348 2165 1383 2190 et
1399 2168 1516 2190 verum
1533 2162 1586 2188 est
1602 2156 1808 2187 vetustiores

354 2210 389 2235 et
407 2204 520 2244 plures
535 2205 672 2237 codices
687 2205 822 2247 aperiam
838 2205 978 2237 habere.
1024 2206 1103 2236 Duo
1122 2205 1183 2235 soli
1207 2215 1249 2234 ex
1275 2202 1399 2234 nostris
1424 2201 1559 2242 operiam
1571 2212 1581 2231 :
1605 2199 1678 2230 iiaec
1694 2204 1809 2229 tamen

352 2257 435 2277 vera
450 2247 555 2278 lectio
571 2253 636 2288 est,
651 2253 686 2280 et
701 2249 750 2280 sic
768 2250 947 2286 Donatus;
971 2252 1006 2278 nt
1023 2258 1064 2279 ex
1082 2247 1370 2288 interpretatione
1384 2245 1455 2285 ejus
1472 2244 1624 2283 colliges,
1641 2248 1757 2273 contra
1770 2250 1809 2272 ac

355 2291 462 2321 sensit
477 2291 636 2323 Faernus.
681 2291 763 2326 Hoc,
779 2291 901 2331 inquit,
916 2292 1002 2321 modo
1018 2290 1164 2329 ostendit,
1177 2300 1232 2321 nec
1248 2299 1312 2321 esse
1327 2289 1405 2328 quod
1420 2287 1553 2324 simulet,
1569 2286 1647 2327 (hoc
1662 2283 1751 2315 refer
1768 2283 1809 2315 ad

358 2333 443 2368 Quid
458 2335 640 2372 respondebo
649 2333 677 2375 ?)
690 2344 745 2364 nec
758 2334 792 2364 ‘id
806 2335 884 2374 quod
898 2343 1004 2364 verum
1019 2337 1076 2370 est,
1091 2333 1253 2363 (licendum
1267 2342 1330 2363 esse
1344 2331 1413 2362 sibi.
1435 2329 1473 2360 Si
1488 2339 1547 2360 non
1563 2332 1607 2359 est
1623 2328 1783 2358 dicendum
1798 2337 1810 2363 ,-

355 2382 452 2406 certe
468 2381 520 2406 est
538 2377 758 2416 operiendmn,
775 2377 967 2414 celandum,
980 2386 1044 2407 non
1060 2376 1283 2416 Aperiendum.
1330 2373 1430 2404 Vidit
1446 2373 1508 2403 hoc
1524 2371 1601 2402 olim
1618 2376 1654 2402 et
1666 2370 1717 2401 vir
1734 2370 1812 2401 doc-

355 2423 408 2448 tus
424 2418 480 2450 Jo.
500 2418 631 2450 Rivius.
677 2419 875 2459 Pamphilus
893 2420 966 2460 ipse
981 2429 1083 2459 supra
1100 2427 1155 2449 111.
1168 2421 1200 2449 4.
1218 2421 1269 2448 30.
1291 2418 1300 2434 ‘
1319 2417 1384 2447 Ille
1402 2415 1498 2446 abiit.
1517 2413 1596 2455 qnid
1612 2422 1707 2454 agam
1725 2410 1812 2443 infe-

355 2460 426 2491 lix?
451 2471 586 2501 prorsus
610 2463 724 2493 nescio
740 2463 815 2494 Quo
834 2467 936 2502 pacto
953 2462 1017 2493 hoc
1033 2462 1155 2500 celem,
1170 2460 1259 2502 quod
1284 2469 1337 2490 me
1358 2458 1466 2490 oravit
1483 2457 1670 2497 Myrrhina,
1687 2456 1810 2487 Gnatae

359 2513 428 2534 suae
454 2505 614 2544 partum.'
659 2505 825 2536 Credisne
846 2505 917 2545 jam
934 2505 1058 2535 homini
1075 2505 1161 2545 ipsi?
1194 2504 1261 2538 Quo
1276 2505 1364 2543 pacto
1379 2502 1434 2532 hoc
1450 2501 1554 2539 celem,
1571 2499 1603 2530 id
1621 2500 1728 2539 ipsum
1745 2502 1812 2536 est,

359 2546 451 2586 qnod
470 2547 538 2582 Quo
567 2551 658 2587 pacto
681 2548 735 2579 hoc
765 2548 912 2588 operiam.
944 2548 1046 2579 Bent.
1100 2548 1228 2578 Contra
1255 2545 1385 2576 Donati
1401 2548 1560 2582 mentem,
1577 2543 1676 2572 immo
1693 2545 1813 2571 contra

358 2589 530 2628 Pamphili
547 2590 750 2622 destinatam
777 2591 889 2622 animo
916 2591 1120 2621 sententiam
1137 2599 1192 2620 111.
1208 2594 1240 2621 5.
1257 2592 1310 2619 42.
1337 2587 1459 2618 ΡῦἒιῚι.
1485 2585 1660 2625 rescripsit
1685 2593 1728 2614 ex
1745 2584 1813 2614 suis

361 2631 470 2662 Codd.
493 2633 639 2671 aperiam.
686 2634 849 2665 Nostrum
874 2633 1015 2663 verbum
1038 2639 1091 2664 est
1105 2633 1138 2663 in
1156 2633 1228 2663 aliis
1245 2631 1352 2662 Codd.
1369 2634 1405 2661 et
1421 2628 1598 2669 probatum
1617 2626 1726 2665 Rivi0‚
1744 2627 1814 2657 Da-

360 2674 488 2712 cieriae‚
504 2675 618 2707 Benti.
635 2677 789 2717 aliisque,
813 2676 934 2717 quibus
952 2676 1157 2707 accedimus.
1179 2674 1258 2714 Rip.
1312 2674 1395 2704 Mss.
1411 2671 1545 2711 quidam
1564 2678 1596 2700 et
1614 2669 1712 2709 editi,
1732 2669 1813 2700 Haec

361 2717 509 2756 aperiam.
557 2717 669 2759 Atque
685 2719 732 2749 ita
751 2720 865 2750 Hulst.
910 2718 1114 2758 Laudatque
1133 2718 1300 2757 Gnyetiuu
1316 2715 1404 2757 quod
1421 2713 1600 2745 Terentius
1624 2715 1714 2743 amet
1738 2712 1812 2752 pln-

362 2759 457 2790 ralia.
502 2759 542 2790 In
556 2769 621 2792 uuo
638 2761 722 2793 Mss.
739 2761 952 2793 Leidensium
969 2761 1072 2793 dubie
1086 2762 1118 2792 1ιο
1133 2757 1293 2802 aperiam?
1316 2762 1343 2790 si
1363 2767 1444 2790 vero
1459 2756 1607 2797 Aperium
1623 2756 1728 2796 legas,
1739 2763 1813 2785 sen-
