1966 3302
464 244 881 276 HEAUTONTIMOR.
913 244 1022 275 Aer.
1054 243 1107 273 11.
1139 243 1208 273 sc.
1241 242 1313 272 111.
1528 230 1611 272 583

166 346 256 388 Sed
278 345 388 386 heus
407 349 456 384 tu
474 343 484 384 ἒ
514 341 618 383 vide
641 342 717 390 sis,
739 353 795 381 ne
816 339 923 393 quid
944 337 1198 392 imprudens
1219 349 1322 377 ruas
1340 350 1350 377 ε

167 415 343 456 Patrem
366 412 538 458 novisti,
560 409 617 451 ad
638 409 721 450 has
741 421 810 450 res
833 421 965 462 quam
989 407 1046 448 sit
1063 405 1327 459 perspicax:

168 481 262 534 Ego
282 486 324 522 te
345 483 490 521 autem
512 479 631 526 novi,
653 489 784 530 quam
805 489 904 517 esse
926 475 1070 515 soleas
1093 474 1336 527 impotens:
1529 468 1613 509 130

170 548 356 589 Inversa
376 546 525 596 verba,
546 557 724 586 eversas
745 543 941 584 cervices
961 545 1075 590 tuas,

169 614 386 664 Gemitus,
408 616 621 662 screatus,
642 611 791 659 tussis,
813 610 944 658 risus,
966 608 1154 649 abstine.

170 682 307 722 Cmr.
339 680 582 722 Laudabis.
626 679 708 720 SY.
739 677 858 719 Vide
879 677 961 718 sis!
1005 675 1142 717 CmT.
1162 675 1371 716 Tutemet
1389 672 1616 714 mirabere.

171 749 254 790 SY.
286 749 375 790 Sed
400 761 529 801 quam
553 748 641 799 cito
663 749 764 787 sunt
781 748 1031 785 consecutae
1043 742 1272 783 mulieres!

173 816 309 858 Can.
353 816 445 856 Ubi
476 815 607 856 sunt?
640 827 716 855 cur
741 812 937 854 retinesi
1013 811 1096 852 SY.
1127 810 1233 851 Jam
1270 821 1383 850 nunc
1413 808 1510 849 haec
1533 820 1618 847 non

344 889 412 925 est
430 888 520 925 tua.
1534 875 1619 915 135

174 953 310 994 CLIT.
342 951 474 1000 Scio;
507 948 625 1004 apud
659 954 854 1003 patrem:
888 950 932 988 at
958 958 1074 986 nunc
1098 945 1286 986 interim.
1346 943 1431 984 ΞΥ.
1464 941 1618 983 Nihilo

343 1031 503 1071 magls.

176 1086 312 1129 Cm‘r.
362 1086 508 1127 Sine..
541 1084 624 1125 SY.
656 1083 759 1125 Non
800 1083 956 1131 sinam,
997 1081 1192 1134 inquam.
1255 1078 1394 1119 Cmrr.
1440 1075 1621 1127 Quaeso,

345 1154 580 1207 paulisper.
639 1151 720 1192 SY.
753 1150 889 1191 Veto.

178 1222 315 1263 Cnl'r.
347 1221 510 1262 Saltem
534 1220 735 1260 salutare.
795 1218 879 1259 SY.
925 1216 1093 1264 Abeas‚
1116 1215 1155 1254 si
1176 1213 1314 1266 sapis.
1374 1210 1510 1252 CLJT.
1542 1211 1622 1251 Eo.

179 1290 300 1341 Quid
335 1289 464 1330 istic?
525 1288 609 1328 SY.
650 1286 866 1328 Manebit.
927 1285 1064 1325 Cm'r.
1095 1282 1133 1323 Ο
1170 1281 1388 1322 hominem
1420 1280 1625 1321 felicem!

349 1356 434 1398 ΞΥ.
466 1355 671 1396 Ambula.

179 1485 250 1525 libi,
268 1490 392 1527 propter·
406 1486 497 1518 talem
513 1486 623 1516 militis
634 1485 795 1525 repulsam.
842 1483 915 1520 Sed,
937 1482 1009 1512 heus
1023 1485 1069 1522 lu,
1094 1490 1166 1512 cave
1181 1480 1207 1510 si
1219 1479 1279 1518 vis,
1295 1489 1332 1510 ne
1348 1479 1380 1510 in
1395 1478 1528 1518 aliquem
1545 1484 1628 1506 erro-

178 1539 242 1559 rem
255 1529 398 1561 incautus
411 1530 540 1561 incidas.
586 1528 656 1559 Tibi
668 1528 859 1568 exploratum
872 1528 931 1563 est,
952 1535 1041 1565 quam
1061 1528 1151 1564 pater
1167 1527 1237 1554 tuus
1251 1523 1294 1553 sit
1308 1525 1415 1553 acilius
1431 1522 1463 1552 in
1478 1520 1525 1550 his
1540 1517 1629 1549 rebus

174 1572 417 1612 perspiciendis:
432 1582 488 1612 ego
502 1581 616 1612 quoque
630 1570 723 1611 probe
736 1571 805 1600 noi-z·
816 1579 905 1609 quam
916 1568 959 1598 sis
972 1569 1123 1608 impotens
1135 1565 1302 1606 affectuum
1313 1569 1434 1596 tuorum
1444 1563 1630 1594 moderator.

183 1615 269 1645 Nota
280 1616 357 1646 mihi
371 1619 445 1646 sunt
459 1615 550 1646 verba
568 1619 620 1645 tua
633 1616 818 1654 praepostere
837 1612 972 1652 prolata,
988 1614 1018 1641 et
1032 1610 1188 1648 ambigua,
1203 1609 1330 1640 cervicis
1345 1607 1472 1649 inflexio
1488 1606 1521 1636 'in
1537 1604 1629 1635 sinis·

181 1661 264 1688 tram
275 1662 398 1698 partem
411 1658 507 1700 (quod
522 1658 642 1696 signum
657 1659 702 1686 est
716 1655 851 1686 ornantis
865 1658 895 1684 et
909 1653 1057 1693 impudici
1072 1651 1189 1692 stulti).
1234 1651 1276 1681 M
1277 1652 1334 1683 itte
1358 1650 1494 1690 suspiria
1516 1651 1546 1678 et
1569 1647 1629 1677 sin-

180 1701 296 1739 gultus,
318 1706 469 1740 screatus,
484 1701 603 1735 tussim,
626 1699 733 1730 risum.
778 1698 853 1729 CLI.
876 1696 1035 1727 Laudabis
1060 1704 1141 1726 meos
1163 1697 1282 1734 gestus.
1328 1694 1389 1725 SY.
1416 1693 1497 1723 cave
1522 1691 1551 1721 si
1572 1690 1629 1720 vis.

183 1743 262 1774 ΟΜ.
287 1743 426 1774 Tutemet
442 1753 489 1774 me
501 1743 672 1779 miraberis,
698 1744 727 1771 et
751 1751 850 1772 meam
871 1739 984 1779 agendi
1005 1739 1166 1769 rationem.
1212 1738 1272 1768 SY.
1295 1737 1359 1768 Sed
1380 1745 1472 1776 quum
1485 1732 1630 1764 velociter

182 1795 238 1817 nos
277 1790 424 1818 assecutae
450 1789 522 1818 sunt
544 1783 709 1816 mulieres!
731 1782 891 1825 (ironice.)
927 1783 1005 1814 CLI.
1034 1781 1095 1812 Ubi
1118 1783 1209 1812 simi?
1231 1789 1285 1810 cur
1309 1779 1424 1811 retines
1448 1786 1510 1813 eaS,
1533 1785 1629 1815 neque

181 1828 259 1859 sinis
280 1839 335 1860 nos
356 1839 461 1861 earum
475 1828 638 1869 proesentia
654 1827 822 1858 delectari?
865 1825 928 1856 SY.
948 1826 1024 1855 Jam
1038 1834 1118 1855 nunc
1132 1825 1197 1855 liaec
1213 1823 1349 1854 Bacchis
1374 1832 1433 1852 nrm
1460 1823 1505 1851 est
1530 1819 1631 1849 amica

183 1875 261 1909 lua,·
290 1873 464 1903 memineris
479 1872 543 1911 ejus
565 1873 624 1909 rei,
639 1872 676 1901 de
698 1880 757 1910 qua
774 1870 926 1900 internos
946 1877 1023 1898 nune
1048 1868 1199 1898 convenit.
1247 1866 1324 1897 CLI.
1349 1865 1419 1896 Scio
1435 1863 1512 1904 quod
1528 1871 1629 1892 coram

180 1918 272 1955 patre
286 1916 491 1946 simulandum
508 1917 551 1945 est
568 1924 635 1945 eam
654 1923 718 1944 esse
734 1912 863 1943 amicum
881 1911 993 1941 Clinioe
1003 1921 1014 1947 ;
1039 1912 1092 1941 sed
1108 1910 1240 1948 interea,
1251 1909 1430 1949 priusquam
1445 1908 1485 1937 ad
1508 1908 1630 1945 patrem

184 1961 286 1997 eatur,
311 1958 375 1989 sine
403 1967 469 1988 mea
498 1961 534 1988 ut
561 1957 613 1988 sit.
659 1957 720 1987 SY.
754 1956 826 1985 Non
849 1955 917 1994 plus
932 1963 1012 1984 nunc
1034 1956 1079 1983 est
1095 1956 1160 1993 tua,
1177 1961 1267 1992 quam
1281 1953 1504 1992 apudpatrem.
1551 1947 1629 1978 CL1.

189 2000 352 2032 Permitte.
396 2001 458 2032 SY.
484 2000 556 2031 Non
570 1999 761 2040 permittam,
776 1998 908 2037 inquam.
944 1996 1018 2026 CLI.
1044 1996 1165 2031 Quoeso,
1181 1994 1385 2035 paulisper-iil
1400 1991 1537 2024 concede.
1567 1990 1628 2021 SY.

188 2042 230 2074 Te
245 2042 301 2073 hac
316 2053 349 2074 re
371 2043 527 2084 prohibeo.
572 2042 647 2072 Cu.
681 2041 797 2071 Saltem
826 2040 892 2071 sine
917 2042 949 2069 ut
975 2048 1041 2069 eam
1066 2040 1207 2069 salutem.
1250 2038 1311 2068 SY.
1336 2036 1478 2070 Discede,
1505 2034 1532 2064 si
1555 2041 1629 2072 pru-

186 2086 261 2115 dens
289 2095 331 2116 es.
378 2086 454 2116 Cm.
481 2086 628 2117 Discedo.
675 2084 759 2119 Quid
781 2083 839 2113 iste
859 2082 960 2120 faciet
987 2079 1121 2112 Clinia?
1166 2082 1227 2112 SY.
1251 2079 1447 2111 Remanebit.
1493 2076 1572 2107 CLI.
1600 2076 1629 2105 Ο

187 2129 337 2159 huminem
353 2127 551 2166 fortunatum
576 2125 736 2158 Cliniam!
763 2126 815 2166 qui
845 2128 968 2156 maneat
995 2134 1064 2155 cum
1091 2124 1199 2154 amica.
1255 2124 1317 2154 SY.
1346 2123 1460 2161 Perge,
1491 2118 1630 2160 quamvis

185 2172 316 2203 invitus.

793 2230 1029 2243 oeno-eutero·

187 2308 268 2349 apud
282 2310 312 2338 te
327 2306 492 2346 hocquam.
518 2303 745 2337 Codd.nostri
762 2307 797 2333 et
812 2306 895 2333 vett.
910 2301 988 2333 edd.
1014 2301 1050 2332 ob
1077 2301 1142 2331 hoc.
1187 2299 1252 2330 Sed
1279 2306 1533 2338 supervacanea
1560 2296 1632 2327 iiaec

188 2351 402 2392 pessimeque
419 2349 596 2385 collocata,
622 2350 659 2377 ut
684 2347 735 2377 vel
751 2346 839 2385 hinc,
853 2344 1067 2385 supposititia
1083 2352 1168 2381 esse,
1185 2342 1368 2381 intellige&
1404 2341 1521 2370 Eadem
1533 2350 1543 2370 .·
1568 2348 1633 2370 una

190 2403 305 2434 opera.
330 2392 406 2422 Vid.
422 2392 462 2421 ad
481 2391 567 2421 Eun.
584 2390 724 2421 Pr01.7.
759 2389 855 2419 Bem-
875 2387 1101 2427 gratissimum,
1117 2385 1205 2427 qnod
1222 2385 1328 2415 invita
1346 2383 1515 2414 sententia
1539 2391 1633 2413 rece-

189 2438 241 2477 pit
268 2434 382 2467 Bent.’
407 2434 501 2465 Both.
526 2433 582 2474 qni
606 2433 708 2472 igitur
725 2432 820 2472 legit,
842 2432 925 2471 apud
940 2434 969 2461 te
984 2428 1276 2470 quamgranssima.
1315 2426 1436 2457 Bembi
1454 2427 1533 2456 lect.
1552 2424 1635 2455 dant

190 2479 283 2511 Per).
301 2477 424 2517 Delph.
442 2477 611 2516 vulgatam
629 2475 705 2515 Bip.
719 2475 864 2506 Z.—131
893 2475 1036 2504 Inversus
1054 2473 1220 2502 Bia—132
1244 2470 1348 2502 Juvat
1371 2469 1472 2499 lectio
1490 2478 1636 2508 quorun-

191 2522 266 2553 dam
279 2520 361 2552 libb.
378 2520 411 2550 in
429 2519 549 2560 quibus
565 2524 632 2558 est,
655 2521 761 2549 tusses.
786 2517 895 2547 West.
942 2516 1050 2547 Tusses
1075 2515 1158 2545 dant
1183 2513 1274 2544 Peri.
1301 2512 1508 2543 Rom—137
1532 2511 1632 2542 Both.

190 2565 275 2605 legit
291 2574 349 2594 non
362 2562 440 2601 sino,
454 2562 698 2601 inquam—138
713 2561 753 2591 In
767 2559 896 2590 (luobus
909 2559 1080 2599 antiquiss.
1095 2556 1200 2596 libris,
1216 2556 1313 2587 Bem.
1330 2560 1363 2585 et
1381 2555 1423 2586 V.
1438 2559 1490 2585 est
1506 2554 1609 2593 sapias
1624 2563 1635 2589 ‚-

192 2607 280 2648 quod
300 2610 334 2636 et
347 2605 456 2635 versui
481 2604 650 2634 convenit.
677 2603 737 2635 Fa.
782 2602 902 2633 Nostri
927 2610 1042 2632 omnes
1071 2600 1230 2630 mendose
1250 2598 1345 2638 sapis.
1375 2598 1477 2628 Bent.
1523 2597 1634 2636 Sepias

191 2652 251 2680 dat
265 2648 375 2723 Bboth(³³¹
390 2648 399 2664 ⁶
414 2647 496 2720 Ὧδε.
512 2646 651 2689 quidam
668 2650 704 2678 et
720 2645 816 2686 editi,
838 2646 919 2684 Eho,
942 2644 1028 2680 Quid
1050 2643 1122 2674 istic
1136 2641 1161 2674 ?'
1188 2642 1403 2674 West.—l39
1429 2639 1533 2671 Clinia
1557 2644 1635 2680 post

190 2702 277 2723 mane
298 2692 323 2722 it
379 2700 419 2721 ue
452 2692 504 2721 .3.
