1966 3302
468 217 884 249 HEAU'rONTffloR.
908 218 1016 248 Aer.
1041 218 1104 248 ιν.
1139 218 1258 247 sc.1.
1509 209 1592 250 611

144 307 193 349 Si
213 306 408 360 puellam
429 319 639 360 parerem,
662 307 776 348 nolle
797 307 924 348 tolli?
984 306 1072 350 CH.
1097 306 1210 348 ‘Scio
1233 307 1342 361 quid
1363 306 1544 349 feceris:

143 373 389 415 Sustulisti.
447 374 533 415 ΞΥ.
569 375 617 415 Si
654 376 718 416 sic
751 376 919 416 factum
959 379 1042 425 est,
1084 373 1280 425 domina,
1321 387 1423 428 ergo
1462 375 1592 418 herus

312 441 471 482 damno
494 447 653 483 auctus
673 446 757 484 est.
1539 444 1595 484 15

142 509 220 551 So.
252 508 461 551 Minime:
494 509 574 550 sed
595 514 687 552 erat
716 508 789 552 hic
821 509 1052 553 Corinthia
1085 522 1211 561 anus,
1243 509 1363 552 haud
1396 509 1594 565 impura:

312 578 353 618 ei
374 577 475 618 dedi

137 666 216 697 mihi
239 666 374 698 maxime
394 666 548 697 minatum
571 675 649 706 esse,
673 665 701 696 si
721 675 864 707 parerem
878 665 1022 705 puellam,
1046 665 1125 696 nolle
1139 668 1174 695 ut
1190 666 1388 697 nutriretur?
1433 667 1500 698 Cn.
1524 666 1595 697 Scio

138 709 211 750 quid
226 709 364 747 feceris,-
385 709 521 740 educasti
542 719 619 740 cam.
664 708 722 739 So.
746 709 801 740 Ita
819 709 943 747 ¹fuctum
968 711 1037 745 esc;
1063 708 1199 739 educavi.
1243 709 1304 740 SY.
1333 710 1361 739 O
1376 709 1461 747 hera,
1475 709 1502 740 si
1520 710 1596 740 edu-

141 752 221 782 casti
230 752 372 790 puellam,
385 751 476 782 herus
491 761 530 782 ex
545 753 599 782 hoc
611 752 755 782 damnum
769 752 917 791 percepit.
943 750 1002 781 So.
1029 750 1176 788 Minime,
1198 751 1251 781 sed
1266 752 1370 782 vetula
1385 762 1425 783 ex
1441 752 1591 783 Corintho

142 803 202 825 non
228 794 387 826 inhonesta
409 803 463 826 nec
488 794 644 835 impudica
669 794 718 825 hic
744 794 906 825 habitabat
920 804 933 830 ;
955 793 1075 824 tradidi
1091 792 1119 824 ei
1134 793 1242 834 filiam
1256 803 1355 826 meam
1369 797 1597 835 exponendam.

739 885 818 896 om
823 885 982 896 ”mesta

137 949 251 990 ejecto
265 959 339 989 esse,
361 954 396 982 et
410 961 452 982 ex
477 951 590 990 dicere,
613 951 702 993 quod
728 956 765 983 et
789 953 874 991 Eug.
900 951 1016 990 habet,
1039 952 1133 984 facto
1159 953 1298 985 edicere.-
1320 953 1520 986 IlIeministin
1545 964 1594 986 me

134 993 300 1031 gravidam
325 996 354 1024 et
381 994 458 1024 milri
481 997 512 1025 te
537 1004 681 1025 maxumo
707 1005 796 1034 opere
821 996 948 1027 edicere.
993 996 1247 1035 Interminalum,
1271 996 1360 1037 quod
1384 997 1462 1028 libri
1488 997 1595 1029 nostri

136 1035 276 1074 habent,
298 1045 339 1066 ex
354 1036 637 1078 interpretatione
650 1037 767 1069 venit.’
785 1039 880 1069 Bent.
911 1039 920 1056 ‘
934 1039 1036 1079 Vulg.
1052 1049 1100 1070 me
1113 1049 1177 1070 esse
1190 1048 1225 1078 g.
1240 1049 1267 1071 e.
1279 1050 1320 1071 m.
1337 1043 1362 1071 t.
1377 1050 1462 1071 max.
1478 1040 1593 1072 dicere.

137 1078 239 1109 Bent.
255 1088 303 1109 me
315 1088 404 1118 grav.
421 1102 429 1110 .
441 1101 449 1110 .
461 1102 469 1110 .
485 1080 622 1111 edicere.-
639 1084 672 1110 et
688 1082 806 1112 edicere
818 1080 953 1121 quidem
971 1082 1096 1122 legitur
1112 1083 1146 1112 in
1160 1082 1258 1113 Bem.
1276 1086 1312 1113 et
1326 1082 1383 1113 Vi.
1400 1082 1460 1114 sed
1474 1084 1594 1122 ceteri,

136 1125 304 1161 quotquot
320 1121 550 1161 innotuerunt,
573 1122 672 1154 codd.
687 1123 791 1154 etiam
804 1124 1042 1155 Berolinenses
1058 1134 1173 1155 omnes
1187 1129 1222 1156 et
1238 1124 1318 1156 Hel.
1333 1135 1418 1157 max.
1431 1135 1479 1165 op.
1497 1126 1594 1157 inter-

135 1164 298 1201 minatum,
320 1163 409 1204 quod
427 1174 488 1195 cur
500 1165 706 1204 spreverint,
729 1176 796 1197 non
814 1167 934 1197 video:
960 1173 1068 1206 certe,
1092 1176 1168 1198 cum
1197 1167 1298 1198 modo
1325 1168 1334 1185 ‘
1347 1168 1498 1199 edictum
1512 1168 1521 1182 ’
1538 1169 1594 1200 ha-

137 1205 319 1240 buerimus„
342 1206 460 1247 putide
477 1206 623 1238 infertur
638 1208 767 1246 edicere,
790 1213 826 1239 et
843 1209 1019 1249 aptissime
1037 1215 1219 1250 usurpatur
1241 1210 1433 1242 trochaicus
1449 1212 1567 1251 plenus
1587 1222 1595 1242 :

135 1257 198 1279 esse
212 1247 319 1279 officit
335 1250 460 1287 versui,
482 1251 570 1291 quod
588 1251 672 1282 vidit
688 1251 799 1282 Bent.'
822 1252 920 1283 Both.
936 1253 993 1293 qui
1010 1252 1088 1284 inde
1106 1253 1191 1293 legit
1207 1253 1469 1285 Meministin’m.
1483 1264 1519 1293 g.
1538 1278 1545 1286 .
1563 1278 1569 1285 .
1585 1276 1594 1284 .

136 1300 279 1322 maxumo
293 1300 340 1330 op.
354 1292 413 1324 int.
456 1293 548 1324 Perl.
566 1293 773 1325 Meministin’
785 1304 826 1324 m.
841 1305 875 1333 g.
920 1295 981 1326 Br.
1009 1296 1060 1326 M.
1085 1306 1126 1326 m.
1154 1305 1217 1326 esse
1235 1305 1270 1335 g.
1289 1319 1297 1327 .
1309 1320 1316 1327 .
1332 1318 1340 1327 .
1356 1306 1440 1328 max.
1466 1307 1517 1336 op.
1534 1298 1594 1328 int.

136 1333 215 1373 Bip.
234 1334 280 1365 M.
295 1343 337 1366 m.
347 1344 382 1374 g.
401 1358 408 1366 .
424 1358 432 1366 .
447 1358 454 1366 .
471 1346 556 1367 max.
571 1346 618 1376 op.
633 1337 745 1368 dicere.
777 1337 904 1377 Delph.
931 1347 1015 1369 max.
1041 1348 1090 1378 op.
1114 1339 1312 1370 dicere—15
1338 1339 1376 1370 Si
1401 1339 1447 1369 sic
1466 1339 1594 1377 factum

134 1379 192 1412 est,
214 1376 348 1414 domina,
369 1387 442 1417 erga
457 1379 547 1409 herus
560 1380 669 1410 damno
681 1382 789 1410 auctus
804 1383 862 1412 est.
907 1380 1013 1411 Varie
1029 1381 1100 1412 haec
1117 1382 1285 1420 leguntur.
1330 1381 1371 1412 Iu
1390 1382 1593 1422 quibusdam

134 1417 229 1450 libris
246 1424 312 1459 est,
331 1420 390 1451 So.
416 1421 467 1451 Ita
485 1420 608 1459 factum
624 1425 680 1452 esc.
726 1423 786 1452 SY.
811 1422 864 1453 Sic
879 1423 1065 1461 estfactum
1080 1425 1228 1454 domina?
1273 1424 1328 1454 Ita
1355 1424 1421 1456 Ms.
1447 1425 1503 1456 Tr.
1550 1425 1592 1456 In

134 1461 206 1492 aliis
220 1471 228 1492 :
252 1462 314 1494 SY.
331 1462 387 1493 Sic
402 1467 446 1493 est
454 1463 598 1500 factum.-
620 1464 744 1495 domina
759 1474 845 1504 ergo,
861 1465 954 1496 herus
968 1467 1079 1496 damno
1093 1470 1202 1497 auctus
1216 1469 1281 1498 est.-
1296 1475 1394 1507 quam
1407 1467 1593 1499 lectionem

135 1508 251 1535 tuetur
266 1504 452 1536 Acidalins.
497 1507 539 1537 In
556 1507 639 1538 edit.
653 1507 974 1546 Amstelodamensi‚
1001 1509 1078 1539 anni
1095 1511 1190 1541 1618.
1208 1518 1251 1539 ex
1268 1510 1468 1541 recensione
1485 1510 1594 1542 Hein-

134 1547 188 1585 sii,
211 1557 287 1587 quae
304 1550 506 1580 servaturin
524 1549 739 1580 Bibliotheca
762 1550 1095 1591 Lugduno-Batava,
1117 1552 1177 1583 So.
1202 1552 1257 1583 Sic
1280 1552 1477 1590 estfactum.
1522 1554 1592 1586 Cu.

133 1589 285 1621 Domin’?
325 1590 388 1622 SY.
411 1592 500 1632 Ergo
513 1592 604 1623 herus
618 1593 728 1623 damno
741 1596 848 1624 auctus
864 1597 930 1625 est.-
955 1604 1031 1635 quae
1047 1599 1084 1626 et
1101 1594 1260 1626 Bembini
1285 1595 1371 1627 Cod.
1399 1596 1502 1627 lectio
1529 1604 1592 1629 est.

133 1631 174 1662 In
191 1632 267 1663 aliis
283 1633 396 1672 aliter,
418 1640 457 1665 ut
484 1644 596 1665 veram
625 1635 808 1667 lectionem
834 1636 892 1667 vix
918 1641 1086 1677 exputes:
1110 1643 1164 1669 est
1191 1642 1305 1669 autem
1333 1637 1367 1668 in
1390 1639 1517 1675 verbis,
1541 1640 1592 1670 uti

134 1674 238 1715 edidi,
260 1684 303 1706 ex
317 1676 478 1716 plusculis
494 1678 578 1708 Mss.
607 1682 642 1709 et
667 1678 913 1719 antiquissimis
941 1679 1126 1720 impressis,
1148 1681 1284 1722 elegans
1299 1680 1462 1722 ὀξύμωρον.
1490 1683 1593 1714 West.

132 1717 230 1749 Bem.
257 1722 334 1758 post
360 1719 534 1759 Sus-tulisti,
556 1720 606 1751 ita
634 1724 769 1752 notatas
801 1721 903 1753 habet
930 1732 1113 1763 personas:
1138 1723 1197 1756 So.
1221 1725 1266 1755 sic
1292 1724 1486 1762 estfactum.
1525 1726 1590 1757 Sv.

132 1760 256 1791 domina
271 1770 344 1801 ergo
359 1763 451 1793 herus
466 1764 576 1794 damno
601 1767 711 1794 auctus
731 1767 799 1795 est.-
823 1764 884 1795 sed
908 1765 982 1797 haec
1010 1766 1112 1797 lectio
1139 1776 1205 1797 non
1230 1767 1367 1798 videtur
1391 1768 1598 1809 procedere,

133 1811 209 1833 cum
226 1803 314 1834 infra
327 1804 483 1836 Sostrata
498 1805 604 1843 dicat,
619 1807 628 1824 ‘
641 1806 802 1839 minime.’
846 1807 974 1839 Omnes
986 1809 1042 1840 alii
1059 1809 1148 1849 libri,
1171 1814 1207 1840 et
1223 1810 1353 1851 antiqui
1369 1815 1404 1841 et
1421 1816 1592 1851 recentes,

131 1845 205 1877 haec
220 1847 330 1877 omnia
357 1848 463 1879 verba
488 1848 574 1889 Syro
600 1849 804 1882 attribuunt.
829 1850 890 1882 Fa.
936 1852 945 1868 ‘
959 1852 1027 1883 CH.
1048 1851 1225 1883 sustulisti.
1254 1853 1317 1884 Sv.
1335 1853 1380 1884 sic
1395 1854 1590 1896 estfactum,

131 1889 275 1921 domina.-
297 1899 371 1930 ergo
386 1890 477 1921 herus
489 1893 600 1923 damno
614 1895 723 1924 auctus
737 1895 796 1923 est.
839 1893 896 1924 Sic
914 1894 972 1925 Fa.
988 1898 1023 1925 et
1038 1895 1116 1926 libri
1132 1895 1253 1927 nostri.
1299 1896 1365 1927 Sed
1379 1896 1487 1928 locum
1504 1898 1592 1928 hunc

131 1940 198 1961 non
212 1941 327 1963 carere
343 1933 467 1964 mendo
483 1939 578 1965 recte
594 1935 787 1975 suspicatus
803 1940 854 1967 est
865 1936 928 1967 Vir
943 1936 1086 1968 doctus:
1112 1937 1193 1978 quid
1211 1942 1325 1969 tamen
1342 1939 1410 1969 ista
1427 1940 1496 1979 ejus
1511 1949 1592 1971 con·

126 1973 266 2012 jectura
281 1974 343 2006 sibi
361 1977 457 2015 velit,
478 1977 610 2008 ‹lomina›
624 1987 697 2017 ergo
713 1978 804 2009 herus
817 1979 928 2009 damno
944 1983 1054 2011 auctus
1068 1983 1127 2018 est,
1151 1980 1309 2019 equidem
1326 1991 1393 2012 non
1421 1982 1590 2023 intelligo,

129 2024 194 2046 nec
209 2017 251 2047 de
268 2026 310 2048 ea
325 2018 423 2058 plura
439 2019 570 2057 dicam;
594 2030 671 2051 cum
687 2021 835 2051 nesciam
853 2027 964 2052 utrum
988 2022 1085 2062 velit,
1106 2023 1238 2053 dominae
1264 2023 1367 2063 herus,
1392 2033 1432 2054 an
1458 2026 1591 2056 dominae

130 2058 264 2091 damno?
310 2060 484 2092 Acidalius
501 2062 544 2093 ad
559 2064 778 2094 Patere-ulum
795 2063 845 2094 sic
862 2064 1078 2104 corrigebat:
1103 2065 1158 2096 Sic
1170 2066 1364 2104 estfactum:
1389 2068 1512 2098 domina
1524 2078 1592 2108 ego,

129 2100 220 2131 herus
231 2103 341 2133 damno
355 2107 465 2134 auctus
477 2108 535 2136 est.
581 2105 777 2145 Ingeniose‚
800 2107 864 2137 hoc
890 2106 1121 2138 confitendum
1147 2113 1220 2139 est:
1245 2113 1281 2139 et
1308 2109 1384 2140 ideo
1412 2109 1591 2151 Guyetum

131 2143 324 2182 plausorem
340 2145 403 2176 sibi
420 2146 563 2178 invenit.
607 2148 712 2187 Syrus
727 2157 815 2180 nova
830 2149 978 2186 domina,
1002 2151 1166 2182 Chremes
1183 2152 1317 2190 damno,
1339 2161 1437 2184 novae
1460 2153 1591 2184 scilicet

130 2185 233 2224 dotis,
263 2191 383 2218 auctus
408 2194 471 2220 est.
519 2190 724 2231 Quanquam
750 2196 862 2222 autem
885 2192 1031 2232 juvenili
1054 2193 1227 2233 jactantia
1258 2194 1433 2226 Acidalius
1454 2197 1463 2213 ⁴
1477 2197 1592 2228 edicat

129 2229 284 2260 omnibus
301 2230 349 2261 sic
365 2240 440 2262 esse
461 2232 705 2272 scribendum,'
728 2234 832 2265 liceat
857 2239 972 2266 tamen
998 2235 1078 2267 mibi
1107 2246 1228 2268 novam
1254 2238 1361 2268 aleam
1387 2238 1590 2278 periclitari.

129 2270 271 2311 Repono
288 2272 405 2313 igitur,
429 2273 609 2307 Sustulisti.
654 2276 709 2307 Sic
724 2280 770 2307 est
784 2276 931 2314 sactum.-
953 2279 1055 2310 minor
1068 2288 1141 2318 ergo
1156 2279 1246 2311 herus
1261 2282 1371 2312 damno
1397 2285 1506 2313 auctus
1531 2286 1589 2313 est.

127 2313 184 2344 Sic
201 2318 237 2345 et
252 2315 330 2346 olim
348 2316 484 2356 legebat
500 2317 602 2358 Eug.’
625 2318 721 2351 Bent.
767 2318 822 2350 Sic
833 2324 880 2351 est
893 2320 1029 2359 factum.
1075 2321 1143 2353 CH.
1167 2321 1320 2356 Domin'?
1365 2324 1430 2355 SY.
1459 2325 1544 2364 Ergo
1559 2325 1590 2356 Ιι,

127 2356 160 2386 d.
177 2360 284 2387 auctus
297 2361 354 2389 est.
370 2359 449 2400 Bip.
467 2370 543 2401 quae
561 2361 608 2392 sic
622 2365 719 2392 notat
733 2361 743 2378 ‘
755 2360 812 2393 Al.
827 2363 988 2401 Domina;
1011 2363 1113 2406 idque
1141 2369 1176 2396 et
1200 2375 1219 2396 a
1245 2366 1331 2406 Syro
1350 2367 1477 2399 dictum
1495 2368 1588 2398 volu-

128 2407 206 2437 ere3
231 2400 320 2431 unde
336 2411 467 2442 magnae
484 2413 581 2443 nugae
594 2403 637 2435 ab
652 2403 840 2436 editoribus
858 2405 947 2437 datae
961 2407 1004 2437 ob
1021 2407 1392 2440 Mss.inconstantiun1.
1422 2411 1589 2442 Nostrum

127 2439 259 2473 invenit
276 2443 464 2476 Heinsius.'
508 2446 549 2476 Z.
572 2446 635 2478 Sv.
659 2446 712 2477 Sic
740 2451 786 2478 est
801 2448 834 2486 f.
856 2449 991 2480 domina.
1037 2450 1203 2490 ‘Optime
1228 2451 1329 2483 Bent.
1354 2453 1589 2493 Eugrapliium

127 2490 274 2521 secutus,
299 2487 454 2526 reposuit
479 2489 581 2519 minor
608 2499 670 2530 pro
691 2490 834 2521 domina:
867 2492 926 2522 sed
952 2492 1150 2533 recipienda
1175 2504 1310 2535 quoque
1341 2501 1418 2527 erat
1446 2496 1587 2528 aliorum

127 2526 226 2558 codd.
240 2527 454 2569 (quibuscum
471 2529 555 2562 facit
570 2537 686 2563 noster
701 2531 749 2573 A)
765 2533 891 2565 lectio:
915 2533 953 2565 Si
975 2535 1020 2566 sic
1028 2536 1154 2572 sactum
1168 2540 1227 2575 est,
1251 2548 1326 2576 ergo
1341 2543 1454 2570 autem
1472 2539 1589 2570 delen-

128 2567 229 2600 dum:
252 2571 427 2612 absorpsit
441 2574 715 2613 conjunctionem
732 2575 940 2608 antecedens
968 2587 1123 2618 personae
1150 2579 1254 2611 nota!
1279 2581 1377 2613 Both.
1400 2582 1456 2622 qui
1483 2581 1589 2623 igitur

126 2610 226 2653 legit,
249 2613 305 2645 Sic
316 2615 344 2646 si
358 2614 391 2653 f.
407 2619 466 2656 est,
489 2616 589 2648 minor·
613 2617 644 2650 h.
668 2618 699 2650 d.
726 2628 756 2650 a.
780 2621 839 2651 est.
884 2620 944 2651 ΒΓ.
973 2621 1027 2653 Sic
1053 2621 1255 2660 estfactum?
1276 2625 1308 2655 d.
1325 2645 1333 2654 .
1347 2646 1375 2656 ..
1391 2627 1501 2656 auctus
1520 2628 1589 2657 est?

790 2704 931 2737 NOTAE

204 2762 243 2791 15
269 2761 356 2803 Ergo
371 2763 463 2796 herus
478 2767 590 2799 damno
604 2770 713 2800 auctus
726 2768 787 2810 est]
811 2770 962 2812 Propter
977 2771 1106 2814 dotem,
1122 2782 1198 2814 quae
1215 2772 1328 2805 danda
1341 2778 1392 2806 est
1407 2773 1498 2806 filice.
