1966 3302
314 233 399 275 706
806 243 846 271 P.
878 239 1120 272 TERENTH
1154 242 1272 273 Arm

318 338 420 380 Hoc
441 336 545 379 mihi
566 335 703 387 dolet,
732 347 815 378 nos
834 348 962 389 paene
983 348 1080 378 sero
1099 336 1253 387 scisse,
1282 339 1328 379 et
1355 349 1483 391 paene
1508 336 1553 379 in
1573 349 1673 378 eum
1691 336 1760 379 lo-

486 418 586 446 cum

315 472 520 522 Redisse,
534 474 596 534 ut,
612 471 651 512 si
670 483 820 513 omnes
837 475 1060 525 cuperent,
1076 471 1182 513 nihil
1196 471 1278 513 tibi
1293 477 1476 533 pos-sent
1491 472 1757 527 auxiliarier.

317 540 399 582 CT.
437 534 655 581 Pudebat.
713 540 812 580 AES.
844 538 943 581 Ah!
978 539 1166 581 stultitia
1197 538 1254 580 'st
1284 540 1455 591 isthaeo,
1487 553 1573 580 non
1604 540 1758 594 pudor,

488 612 577 649 tam
593 608 649 648 ob
670 607 904 661 parvolam
1705 608 1761 648 10

318 675 432 716 Rem
454 687 580 728 paene
601 686 660 715 ex
678 675 850 728 patria?
883 678 1014 728 turpe
1027 673 1163 717 dictu.
1224 676 1344 717 Deos
1365 688 1532 730 quaeso,
1561 678 1610 715 ut
1634 675 1760 716 istaec

488 742 761 796 prohibeant.

318 810 399 852 CT.
431 810 639 852 Peccavi.
699 809 798 850 AEs.
832 806 951 858 Quid
981 809 1045 850 ait
1072 809 1249 850 tandem
1267 810 1395 850 nobis
1416 808 1614 850 Sannio?
1673 808 1759 848 SY.

486 878 516 919 J
520 890 592 918 am
611 877 731 918 mitis
751 879 829 917 est.

324 947 417 988 AES.
450 946 544 999 Ego
565 945 620 986 ad
651 944 795 985 forum
815 944 905 993 ibo,
925 945 974 983 ut
1002 943 1114 984 hunc
1147 943 1404 984 absolvam:
1435 947 1481 984 tu
1502 943 1612 984 intro
1634 942 1690 983 ad
1713 942 1761 983 il·

487 1013 592 1063 lam,
617 1011 848 1066 Ctesipho.

318 1083 435 1124 SAN.
467 1080 590 1135 Syre,
621 1081 753 1122 insta.
826 1079 912 1121 SY.
944 1077 1137 1130 Eamus3
1167 1090 1353 1132 namque
1383 1077 1453 1120 hic
1486 1081 1691 1133 properat
1722 1078 1766 1118 in

491 1148 697 1203 Cyprum.
759 1147 876 1189 ΒΑΝ.
908 1146 981 1188 Ne
1011 1151 1101 1208 ῒῑὲιῃ
1123 1145 1326 1201 quidem3

318 1313 398 1335 nunc
423 1304 506 1336 inter
530 1315 586 1336 nos
607 1304 720 1336 notitia
744 1303 874 1344 incipiat
885 1313 896 1340 ,·
919 1312 1024 1334 verum
1046 1303 1143 1341 doleo,
1163 1312 1219 1334 nos
1231 1302 1305 1340 sere
1321 1303 1408 1334 tarde
1423 1302 1570 1334 certiores
1582 1302 1689 1340 factos
1704 1311 1767 1334 esse

318 1351 443 1379 tuarum
456 1357 572 1387 rerum,
587 1351 617 1378 et
625 1347 696 1386 fere
712 1356 746 1378 eo
761 1348 901 1377 redactos
921 1355 984 1377 esse
997 1346 1141 1386 periculi,
1161 1349 1196 1376 ut
1210 1346 1238 1376 si
1254 1355 1354 1376 omues
1369 1345 1504 1377 homines
1518 1348 1660 1386 cuperent
1676 1349 1707 1376 te
1713 1345 1767 1383 ,ἰα-

317 1400 401 1430 vare‚
415 1392 497 1422 nullo
512 1392 599 1422 modo
612 1391 646 1421 id
659 1392 792 1430 possent.
836 1389 897 1420 C'r.
920 1389 1046 1420 Pudore
1057 1388 1256 1428 impediebar.
1300 1389 1370 1419 AEs.
1393 1387 1445 1419 Ah
1455 1387 1470 1418 !
1491 1389 1627 1419 stultitia
1639 1391 1684 1418 est
1695 1388 1768 1426 ista,

314 1443 375 1464 non
399 1434 582 1465 verecundia
596 1444 607 1469 ,·
629 1433 666 1463 ob
687 1442 752 1464 rem
778 1436 842 1463 tam
865 1431 958 1471 parvi
980 1431 1125 1462 momenti
1151 1441 1239 1471 paene
1263 1441 1302 1461 ex
1334 1431 1440 1471 patria
1460 1430 1651 1472 profugisse:
1672 1432 1768 1469 pudet

318 1486 366 1507 me
380 1476 414 1507 id
428 1477 529 1508 dicere
539 1487 549 1506 .·
574 1476 651 1507 Diis
660 1475 809 1515 supplico,
822 1477 858 1505 ut
871 1474 934 1504 ista
945 1477 1102 1511 avertant,
1114 1483 1220 1514 nempe
1225 1473 1339 1512 sugam
1354 1473 1465 1514 patrioe
1478 1483 1544 1514 prae
1559 1473 1770 1513 desperatione

319 1520 354 1549 in
368 1529 481 1551 amore.
528 1519 589 1550 CT.
617 1517 741 1549 Erravi.
786 1516 854 1548 AEs.
880 1517 964 1552 Quid
976 1520 1130 1557 postremo
1144 1516 1231 1547 nobis
1247 1515 1362 1547 Sannio
1373 1513 1475 1548 dicit?
1518 1516 1579 1547 SY.
1600 1517 1769 1547 Jammun-

318 1565 424 1593 suetus
439 1566 498 1594 est.
544 1562 611 1593 AEs.
636 1562 706 1601 Ego
722 1561 761 1591 ad
775 1559 885 1598 forum
904 1569 952 1590 me
974 1558 1143 1598 conferam,
1158 1563 1205 1594 ut,
1223 1559 1322 1590 soluta
1335 1559 1476 1599 pecunia,
1494 1558 1581 1589 illum
1595 1558 1765 1589 dimittam.

320 1604 367 1634 Tu
381 1606 464 1636 intro
480 1606 601 1636 domum
616 1604 659 1634 ito
672 1604 712 1635 ad
722 1603 863 1634 amicam.
909 1602 968 1633 SA.
992 1602 1084 1643 Syre,
1097 1611 1173 1642 urge
1187 1601 1379 1633 AEschinum.
1423 1601 1485 1632 SY.
1510 1602 1626 1632 Eamus
1655 1610 1769 1642 quoeso,

321 1647 479 1685 AEsdzine,
495 1658 566 1680 nam
581 1647 631 1679 hic
646 1646 761 1678 Sannio
775 1646 810 1677 in
828 1646 967 1686 Cyprum
981 1644 1134 1686 proficisci
1142 1644 1289 1683 festinat.
1333 1644 1392 1676 SA.
1417 1644 1492 1675 Non
1507 1647 1628 1676 tantum
1636 1643 1768 1684 festino,

926 1773 946 1783 nr
949 1773 965 1783 e
968 1773 1045 1785 mv
1049 1773 1168 1786 eoo-‘⁴⁴

322 1878 388 1899 mus
402 1878 467 1898 nos.
513 1868 641 1898 Rursus
669 1866 736 1903 alii,
758 1865 847 1906 quasi
870 1874 931 1895 non
954 1865 1100 1897 norimus.
1123 1866 1232 1896 West.
1279 1864 1380 1900 Quasi
1394 1874 1473 1896 nunc
1486 1874 1547 1895 non
1558 1864 1696 1895 norimus
1711 1864 1771 1896 Br.

322 1912 425 1942 Bent.
455 1909 494 1940 Z.
520 1910 615 1944 Perl.
637 1909 764 1949 Delph.
815 1907 959 1939 Bothius
976 1907 1060 1947 legit
1073 1908 1160 1947 quasi
1186 1918 1245 1939 non
1265 1907 1513 1938 noverimus.—8
1537 1907 1620 1938 Mss.
1635 1911 1671 1938 et
1688 1907 1772 1938 editi

324 1954 474 1994 qnidam,
492 1953 554 1984 Sed
569 1953 623 1984 hoc
640 1963 680 1982 m.
697 1953 729 1983 d.
753 1951 859 1982 West.
894 1951 933 1980 Ιη
948 1960 1016 1982 eum
1030 1951 1126 1981 locum
1140 1949 1268 1990 redisse]
1289 1950 1345 1981 Sic
1363 1950 1499 1981 Phorm.
1514 1958 1539 1980 1.
1555 1952 1586 1980 2.
1600 1954 1631 1981 5.
1649 1958 1692 1980 ex
1705 1959 1771 1991 quo

323 1998 396 2028 loco
414 1995 584 2035 conficias,
597 1994 635 2025 τὸ
651 2004 715 2026 rem
728 1995 781 2025 hie
798 1992 965 2025 excidisse
980 2003 989 2032 3
1013 1992 1102 2034 quod
1124 1993 1280 2034 Guyetus
1304 1993 1336 2023 in
1353 1992 1461 2023 tribus
1480 1991 1662 2024 Codicibus
1681 1996 1773 2023 vete-

323 2040 418 2070 ribus
444 2040 608 2079 scriptum
634 2037 779 2069 invenit.
821 2036 977 2076 Legerim
1003 2035 1119 2076 igitur,
1139 2039 1170 2066 et
1190 2045 1277 2076 poene
1297 2045 1362 2066 rem
1380 2035 1415 2066 in
1438 2045 1505 2066 eum
1520 2035 1616 2065 locum
1635 2034 1774 2066 Redisse.

324 2083 440 2123 Atque
455 2082 505 2112 ita
519 2082 624 2112 habet
640 2080 713 2112 EA.
730 2085 765 2111 et
780 2079 848 2110 ET.
863 2078 924 2109 sed
941 2082 977 2109 et
993 2079 1066 2109 EV.
1085 2081 1115 2110 1.
1161 2078 1285 2110 Similis
1300 2078 1429 2109 locutio
1445 2082 1499 2108 est
1515 2076 1604 2108 infra
1619 2086 1676 2109 111.
1693 2080 1724 2107 2.
1742 2080 1773 2109 1.

326 2126 423 2156 Idem.
456 2125 521 2155 Do.
535 2129 571 2155 et
586 2125 682 2155 Bem.
699 2132 766 2153 non
783 2122 910 2153 habent
924 2121 1109 2152 dictionem
1127 2120 1189 2152 Sed
1200 2132 1210 2151 :
1233 2120 1322 2162 quod
1338 2125 1373 2151 et
1389 2121 1564 2152 venustius
1580 2125 1633 2151 est
1649 2124 1686 2151 et
1701 2128 1772 2151 ver-

326 2169 376 2199 sui
393 2167 646 2207 congruentius.
671 2166 730 2197 Fa.
774 2165 871 2196 Peene
898 2164 931 2194 in
953 2174 1022 2194 eum
1044 2165 1141 2194 locum
1171 2162 1313 2202 Redisse]
1340 2163 1432 2196 Quid
1460 2167 1515 2195 est
1535 2163 1545 2181 ‘
1560 2172 1618 2194 nos
1643 2162 1773 2193 redisse

325 2211 358 2241 in
376 2220 450 2240 eum
468 2211 575 2240 locum
588 2209 610 2240 ?’
636 2208 786 2241 Omnino
801 2208 855 2238 hic
871 2206 1083 2237 desideratur
1097 2217 1186 2243 rem,·
1209 2211 1246 2238 ut
1261 2207 1388 2238 Heaut.
1405 2215 1445 2237 11.
1462 2208 1493 2238 3.
1513 2208 1587 2237 118.
1612 2205 1622 2222 ‘
1634 2204 1675 2235 In
1697 2215 1774 2236 eum

325 2263 379 2284 res
397 2253 582 2293 rediitjam
598 2253 722 2289 locum,
744 2252 793 2282 Ut
816 2250 859 2281 sit
880 2249 1043 2280 necesse.'
1088 2249 1265 2280 Editioues
1290 2259 1369 2280 sane
1395 2253 1542 2284 veteres,
1561 2257 1649 2289 paene
1663 2257 1728 2279 rem
1743 2248 1777 2278 in

327 2306 395 2327 eum
410 2296 519 2326 locum.
558 2295 614 2326 Sic
628 2299 664 2325 et
680 2293 830 2333 scriptus
846 2292 955 2323 codex
972 2291 1062 2333 apud
1081 2292 1273 2331 Guyetnm:
1299 2301 1339 2323 ac
1356 2291 1422 2322 dno
1439 2291 1495 2322 alii
1510 2301 1576 2322 rem
1589 2300 1685 2330 paene.
1722 2291 1775 2321 Tu

327 2348 466 2379 repone,
482 2338 554 2369 Hoc
568 2337 645 2368 mihi
658 2337 740 2368 dolet
753 2346 808 2367 uos
822 2346 907 2376 poene
921 2345 987 2366 sero
1009 2335 1113 2373 scisse,
1128 2338 1158 2365 et
1175 2334 1207 2365 in
1222 2345 1288 2366 eum
1303 2344 1369 2366 rem
1390 2335 1489 2364 locum
1508 2333 1647 2364 Redisse.
1671 2334 1777 2364 Bent-

324 2382 423 2412 leius.
467 2381 547 2410 Rem
562 2380 667 2411 etiam
684 2380 726 2418 B,
741 2379 781 2418 C,
798 2379 898 2409 Both.
943 2377 1004 2409 Sed
1018 2378 1072 2408 hoc
1089 2378 1272 2408 Bruns.—-9
1296 2377 1339 2409 G.
1356 2386 1432 2408 cum
1452 2375 1522 2407 ET.
1548 2381 1584 2406 et
1610 2376 1692 2406 EM.
1717 2375 1778 2407 tibi

328 2423 416 2455 nihil.
462 2422 714 2454 Westerhovius
738 2421 772 2452 in
794 2420 951 2451 Addend.
999 2420 1116 2452 Nostri
1139 2419 1289 2450 universi
1316 2429 1391 2451 cum
1419 2418 1626 2450 editionibus
1653 2419 1778 2449 veteri-

329 2468 390 2497 bus
407 2465 466 2497 tibi
480 2465 535 2496 nil.
579 2465 624 2496 Et
639 2464 846 2504 Anapaestus
870 2464 904 2494 in
931 2463 980 2494 his
1006 2463 1158 2494 versibus
1181 2462 1315 2494 suavior
1335 2465 1388 2493 est
1415 2461 1585 2501 Dactylo:
1609 2465 1646 2492 et
1669 2462 1678 2476 ‘
1694 2460 1777 2492 tibi'

328 2509 361 2540 in
378 2510 447 2540 ictu
464 2517 538 2539 esse
562 2507 677 2538 debet.
702 2507 798 2538 Bent.
844 2506 944 2537 Both.
961 2506 1044 2546 legit
1070 2504 1211 2536 Rediisse
1227 2528 1236 2537 .
1254 2528 1262 2536 .
1282 2527 1289 2536 .
1306 2506 1352 2536 nil
1372 2507 1492 2546 possent
1507 2503 1610 2534 tibia.
1656 2503 1717 2534 Br.
1742 2506 1778 2534 ut

328 2562 354 2583 s.
371 2561 472 2582 omnes
495 2550 552 2582 tibi
580 2561 606 2582 c.
633 2550 691 2581 tibi
719 2549 800 2580 nihil
817 2560 850 2590 p.
865 2559 895 2580 α.
941 2548 1036 2579 Peri.
1053 2548 1111 2580 tibi
1126 2548 1182 2579 nil.
1228 2548 1368 2579 Rediisse
1394 2547 1607 2587 Delph.-—10
1630 2546 1690 2577 Br.
1707 2546 1779 2585 Aha

329 2594 565 2625 stultum—ll
591 2593 687 2624 Bem.
716 2601 802 2632 paene
817 2602 833 2623 e
859 2591 976 2631 patria.
1000 2591 1060 2622 Fa.
1106 2590 1227 2622 Nostri
1245 2600 1360 2621 omnes
1382 2600 1432 2622 ex.
1454 2589 1556 2620 Bent.
1600 2589 1655 2619 Ex
1675 2589 1779 2629 patria

328 2636 437 2677 poene!
461 2659 469 2667 .
489 2659 496 2667 .
515 2659 524 2667 .
539 2636 648 2666 istaut
663 2635 803 2675 p.Both.
849 2635 880 2665 E
893 2634 997 2675 putria
1013 2634 1091 2674 Rip.
1107 2635 1207 2664 Bent.
1222 2633 1348 2673 Delph.
1385 2633 1395 2650 ‘
1413 2633 1466 2664 Ex
1478 2631 1599 2672 putria]
1621 2631 1708 2663 GM.
1723 2640 1777 2662 ex·

330 2679 464 2710 cessisse.
510 2678 642 2710 Glossae
665 2677 814 2717 speciem
830 2677 956 2708 habet.’
980 2677 1068 2707 Perl.
1113 2677 1200 2708 Post
1218 2677 1325 2716 patria
1341 2685 1406 2706 non
1422 2675 1612 2712 interrogat
1627 2674 1686 2705 ΒΤ.
1733 2674 1778 2705 Et

331 2723 417 2752 istoec
430 2722 554 2754 Z.—13
579 2720 662 2752 GM.
678 2721 758 2759 apud
775 2728 834 2759 pro
850 2721 900 2750 ad.
945 2719 1006 2749 Br.
1027 2720 1094 2759 Ego
1108 2719 1157 2750 ibo
1170 2719 1332 2757 adfi-ltl
1357 2718 1473 2749 Eamus
1486 2716 1643 2748 AEschino
1661 2715 1780 2747 tribuit

333 2765 433 2796 Both.
479 2765 488 2781 ‘
505 2764 589 2794 Mss.
606 2768 641 2793 et
658 2762 741 2793 editi
758 2761 894 2802 quidam
911 2762 1037 2793 vetusti
1065 2765 1209 2803 properat
1226 2762 1372 2802 Cyprum.
1418 2759 1492 2792 EA.
1509 2764 1544 2791 et
1561 2759 1626 2790 ΕΤ.
1653 2759 1700 2790 Ne
1716 2761 1780 2789 tam
