1966 3302
444 240 753 270 Pnomuoms
787 242 895 272 AGT.
922 243 963 271 v.
995 242 1064 273 sc.
1089 243 1194 273 vm.
1368 234 1649 276 1045-1021

202 334 258 375 Et
288 339 451 388 praeter
486 348 628 389 spem.
705 336 750 377 N
755 347 837 378 AU.
868 336 937 377 Tu
970 341 1091 378 tuum
1122 351 1279 380 nomen
1315 338 1387 381 dic
1423 339 1541 394 quod
1571 344 1649 382 est.

371 400 530 442 PHoR.
561 400 756 444 Mihin’z

199 466 436 519 Phormi03
466 473 628 509 vestrae
658 468 839 509 familiae
873 469 1017 510 hercle
1047 470 1233 521 amicus,
1269 476 1314 512 et
1344 475 1419 513 tuo
1450 484 1650 513 summus

371 535 609 577 Phaedriae.
1594 539 1652 580 60

198 600 332 642 NAU.
364 601 591 652 Phormio,
613 605 658 643 at
677 615 757 655 ego
778 607 954 644 ecastor
974 603 1163 657 posthac
1186 603 1284 655 tibi,
1325 605 1443 659 quod
1476 609 1651 660 potero,

369 671 413 709 et
432 682 533 722 quae
551 670 691 719 voles,

199 736 491 790 Faciamque,
522 741 566 778 et
586 737 745 778 dicam.
806 738 966 779 PHoR.
998 738 1192 793 Benigne
1213 739 1344 781 dicis.
1401 739 1534 781 NAU.
1565 739 1650 781 Pol

367 804 570 845 meritum
592 803 645 844 'st
667 808 806 846 tuum.

197 869 304 910 Pno
314 881 355 910 R.
371 869 475 910 Vin'
495 870 683 923 primum
704 870 836 912 hodie
858 871 1019 921 facere,
1033 871 1153 924 quod
1175 885 1257 925 ego
1276 872 1505 926 gaudeam,
1524 871 1650 913 Nau-

367 936 557 987 sistrata,

196 1003 253 1045 Et
273 1003 394 1057 quod
415 1007 491 1045 tuo
513 1005 604 1046 viro
627 1005 744 1047 oculi
762 1005 975 1047 doleant?
1038 1005 1170 1047 NAU.
1188 1006 1350 1060 Cupio.
1397 1005 1554 1046 Pnon.
1572 1005 1650 1047 Me

366 1071 421 1112 ad
445 1084 618 1113 coenam
637 1085 767 1114 voca.
1179 1120 1186 1126 Ι

197 1138 329 1180 NAU.
361 1139 447 1180 Pol
484 1153 586 1181 vero
625 1153 750 1182 voco.
827 1140 916 1180 DE.
949 1139 1116 1181 Eamus
1150 1140 1264 1181 intro
1296 1139 1412 1181 hinc.
1492 1140 1649 1182 CHRE.

368 1206 492 1247 Fiat:
526 1207 605 1248 sed
627 1208 704 1248 ubi
726 1211 795 1249 est
817 1207 1040 1257 Phaedria,
1592 1210 1650 1249 65

193 1272 345 1314 Judex
379 1275 557 1315 noster?
634 1275 792 1316 PHoR.
822 1274 929 1316 Jam
961 1275 1049 1326 hic,
1090 1274 1211 1326 saiw,
1246 1274 1401 1317 aderit.
1479 1279 1518 1315 Ω
1549 1275 1649 1317 Vos

365 1341 512 1384 valete
533 1346 578 1383 et
598 1342 808 1397 plaudite.

622 1435 923 1466 CALLIOPIUS
957 1435 1225 1467 RECENSUI.

191 1522 400 1561 satisfactum
415 1526 460 1554 est
471 1533 483 1559 ‚·
505 1523 610 1564 itaque
625 1524 714 1555 loetus
729 1526 759 1554 et
774 1526 933 1554 contentus
948 1523 1019 1555 hinc
1033 1523 1118 1556 abeo.
1164 1524 1196 1556 N
1200 1532 1236 1556 Α.
1262 1524 1309 1555 Tu
1320 1534 1391 1555 vero
1403 1523 1454 1555 dic
1466 1524 1556 1563 mihi,
1568 1525 1649 1565 quod

191 1566 250 1595 tibi
266 1576 374 1597 nomen
389 1570 456 1597 est?
501 1567 572 1598 ΡΗ.
595 1566 744 1598 Mihine?
771 1566 915 1597 Phormio
938 1576 1046 1597 nomen
1071 1570 1116 1598 est
1128 1578 1138 1598 .-
1153 1566 1291 1605 familiae
1312 1570 1423 1598 vestroe
1435 1567 1558 1607 quidem
1571 1569 1650 1598 anzi-

191 1617 256 1647 cuS,
270 1612 301 1638 et
313 1609 441 1648 tuo-filio
460 1609 615 1639 Phoedrioe
631 1609 845 1640 amicissimus.
891 1609 961 1640 NA.
986 1610 1032 1640 At
1055 1619 1123 1648 ego,
1140 1608 1297 1647 Phormio,
1311 1619 1370 1649 per
1387 1610 1548 1641 Castorem
1563 1613 1648 1650 post-

192 1650 261 1689 hac,
274 1651 320 1681 lui
335 1661 438 1690 causa,
453 1652 551 1691 quoad
573 1652 638 1691 (jus
651 1656 768 1692 potero,
785 1654 814 1682 et
830 1661 897 1691 quae
916 1654 1015 1692 petes,
1023 1652 1201 1693 faciamque
1215 1656 1246 1683 et
1261 1652 1373 1683 dicum.
1421 1653 1491 1683 Pu.
1517 1652 1665 1684 Prozioee.

191 1697 220 1722 ει
236 1693 406 1725 liberaliter
418 1695 559 1734 loqueris.
605 1695 674 1725 NA.
701 1695 763 1725 Per
777 1695 932 1725 Pollucem
946 1695 986 1725 ud
1000 1694 1055 1725 hoc
1070 1697 1214 1726 meritum
1230 1698 1315 1725 tuum
1332 1705 1378 1725 me
1392 1695 1529 1725 adducit.
1574 1695 1649 1728 ΡΗ.

198 1735 291 1766 Visne
304 1737 439 1776 primum
455 1737 543 1767 hodie
548 1737 668 1774 facere,
683 1738 762 1777 quod
778 1736 855 1767 mihi
868 1740 1049 1776 pergratum
1060 1737 1133 1776 erit,
1149 1741 1180 1768 et
1195 1737 1289 1768 oculis
1303 1738 1410 1768 mariti
1426 1738 1473 1768 tui
1487 1738 1648 1769 molestum

190 1782 281 1818 atque
306 1782 447 1817 aegrum?
493 1779 562 1810 NA.
590 1779 699 1818 Cupio.
744 1779 814 1810 PH.
844 1779 897 1810 Ad
925 1789 1040 1810 coenam
1068 1789 1115 1810 me
1144 1780 1254 1811 invita.
1299 1781 1369 1811 NA.
1397 1781 1458 1810 Per
1489 1781 1648 1811 Pollucem

190 1830 263 1850 sane
289 1825 320 1851 te
350 1822 457 1852 inrito.
502 1822 572 1852 DE.
598 1822 684 1853 Hinc
713 1821 796 1852 intro
822 1831 936 1852 eamuS.
982 1822 1051 1853 CH.
1082 1823 1136 1853 Ιιιι
1155 1823 1241 1863 fiat:
1264 1823 1318 1852 sed
1347 1822 1400 1852 ubi
1425 1826 1471 1853 est
1498 1823 1649 1854 Pha-dria

191 1863 320 1902 arbiter,
349 1867 378 1895 et
400 1865 503 1904 judex
526 1867 658 1896 noster?
708 1865 781 1896 PH.
810 1864 891 1894 Mox
924 1864 1054 1906 efficiam,
1085 1868 1120 1896 ut
1149 1868 1264 1906 proesto
1292 1865 1345 1895 sit.
1395 1864 1456 1896 Vos
1482 1865 1593 1906 valete,
1617 1868 1648 1896 et

186 1905 338 1946 plaudite.

731 1948 918 1990 Calliopius
941 1949 1108 1981 recensui.

818 2045 1038 2059 οοοοοοοοοοο

192 2116 312 2149 Mulier
325 2115 448 2157 sapiens
461 2125 504 2153 es,
515 2114 731 2147 Nausistrata.
751 2115 757 2158 Ι
779 2116 847 2148 ΝΑ.
866 2116 962 2147 Satin
973 2116 1032 2147 iila·
1043 2119 1099 2153 est,
1116 2115 1245 2146 Chreme
1259 2112 1275 2146 ί)
1299 2116 1368 2146 Cu.
1388 2114 1485 2146 Immo
1497 2125 1567 2147 vero
1577 2117 1646 2157 pul-

190 2161 262 2191 chre
277 2161 397 2191 discedo
411 2162 441 2189 et
454 2159 561 2199 probe,
581 2158 586 2198 Ι
610 2159 652 2189 Et
664 2162 782 2199 praeter
794 2169 889 2199 spem.
913 2159 1014 2190 Bent.
1037 2168 1135 2198 quem
1149 2157 1303 2198 sequitur
1319 2158 1422 2188 Both.
1438 2158 1516 2198 Bip.
1550 2159 1648 2190 Plus-

191 2204 260 2234 culi
277 2202 386 2233 Codd.
410 2202 496 2232 Satis
511 2202 543 2231 id
566 2200 636 2232 est?
658 2201 739 2237 Alii,
755 2200 858 2231 Sutin’
877 2201 935 2231 tibi
954 2203 1025 2232 est?
1046 2200 1164 2231 Malim
1180 2210 1256 2230 cum
1273 2199 1354 2231 edit.
1379 2201 1492 2240 Bergii
1508 2211 1516 2230 :
1542 2201 1648 2232 Salin'

190 2246 225 2276 id
246 2248 293 2277 est
320 2245 399 2276 tibi?
422 2244 529 2274 West.
557 2242 645 2274 Satis
669 2243 729 2274 tibi
754 2242 827 2276 est?
850 2243 889 2274 Z.
906 2244 966 2274 ΒΓ.
985 2243 1079 2274 Satin
1094 2243 1153 2274 tibi
1169 2246 1236 2273 est?
1258 2243 1350 2273 Perl.
1373 2242 1460 2273 Satis
1484 2243 1599 2275 Guelf.
1616 2247 1647 2276 l.

191 2290 309 2319 3.—59
330 2287 365 2318 Si
381 2287 477 2318 Tuum
494 2295 626 2322 nomam
654 2289 722 2316 tum
746 2286 916 2317 intulisset
932 2287 1092 2323 BIeumne,
1108 2294 1172 2315 non
1197 2285 1313 2315 Mihin.
1358 2285 1451 2324 Lege
1473 2295 1554 2326 ergo
1569 2295 1646 2318 curn

191 2330 310 2361 codice
328 2329 450 2368 Regio,
467 2329 512 2359 Et
535 2332 651 2368 praeter
665 2338 761 2368 spem.
808 2329 877 2359 NA.
904 2329 952 2359 Tu
977 2328 1034 2359 tibi
1057 2337 1165 2359 nomen
1188 2328 1237 2358 dic
1259 2328 1339 2366 quod
1358 2330 1426 2358 est?
1460 2328 1530 2358 ΡΗ.
1552 2328 1648 2360 Min?

192 2373 353 2403 Phormio.
378 2372 481 2402 Bent.
517 2380 615 2411 quem
640 2375 828 2410 sequuntur
852 2371 932 2410 Bip.
960 2370 1061 2401 Both.
1097 2369 1191 2401 Perl.
1234 2370 1280 2400 Tu
1305 2369 1402 2401 abest
1428 2379 1448 2400 a
1472 2369 1589 2401 Guelf.
1612 2374 1646 2402 2.

191 2415 269 2446 mihi
283 2425 391 2445 nomen
408 2412 524 2445 Guelf.
538 2414 568 2443 2.
585 2416 706 2444 3.-60
730 2413 838 2443 Abest
854 2413 953 2443 hercle
976 2423 995 2443 a
1018 2412 1222 2452 quibusdam
1246 2412 1330 2442 Mss.
1346 2416 1381 2443 et
1397 2411 1552 2452 impress.
1567 2417 1648 2453 post

190 2458 265 2488 ΕΡ.
305 2457 406 2488 West.
422 2461 456 2487 et
471 2456 520 2486 sic
544 2454 660 2486 Guelf.
677 2458 795 2486 3.—62
820 2455 905 2486 GM.
923 2456 1052 2486 Faciam
1074 2458 1115 2489 et,
1132 2454 1205 2485 GC.
1227 2454 1349 2485 Faciam
1370 2458 1555 2494 atqua—63
1578 2455 1646 2487 Au-

191 2500 275 2531 diam
290 2498 407 2531 Guelf.
422 2500 541 2529 2.--64
565 2496 679 2529 Guelf.
696 2500 726 2528 3.
748 2498 796 2528 tua·
815 2497 977 2529 viri.—65
1002 2498 1071 2527 CH.
1096 2497 1193 2527 Fiat.-
1215 2500 1262 2526 set
1284 2497 1337 2527 nbi
1359 2501 1405 2527 est
1423 2497 1574 2528 Plaaedria
1584 2499 1646 2530 Ju-

191 2544 253 2573 dex
267 2542 386 2582 noster]
419 2541 588 2575 Donatus,
605 2540 668 2571 Ed.
687 2544 756 2570 vet.
774 2544 809 2571 et
826 2549 910 2571 unus
935 2549 978 2570 ex
1001 2539 1117 2579 Regiis
1145 2538 1371 2569 Nausistratae
1388 2539 1451 2570 hoc
1467 2539 1645 2572 tribuunt:

192 2585 299 2616 ceteri
317 2585 394 2615 libri
420 2583 605 2615 Chremeti.
651 2582 828 2613 Utrumvis
855 2582 938 2613 satis
961 2582 1159 2613 commode:
1184 2582 1297 2611 malim
1318 2586 1431 2612 tamen
1455 2582 1646 2614 Chremetis

190 2627 255 2658 hoc
272 2636 369 2667 esse;
394 2630 431 2658 et
447 2635 562 2658 senem
578 2634 659 2657 cura
674 2634 714 2656 ac
737 2624 874 2656 miseria
898 2624 1043 2656 liberum
1066 2633 1133 2655 non
1158 2623 1229 2654 sine
1245 2625 1328 2665 joco
1345 2633 1388 2656 ex
1404 2625 1515 2656 Scena
1539 2625 1645 2658 exire.

192 2669 260 2701 Ben
265 2674 289 2702 t.

676 2769 809 2801 1³1le
841 2768 1165 2800 PHORMIONIS.
