1966 3302
519 227 871 258 ADELPHORUM
907 227 1016 256 Ao'r.
1051 227 1080 256 1.
1113 226 1180 256 sc.
1215 226 1266 255 11.
1542 213 1626 254 (587

168 323 254 364 M1.
287 322 401 364 Mihi
422 323 487 363 sic
509 323 693 364 videtur.
764 322 854 364 DE.
887 321 1009 373 Quid
1031 322 1174 388 istgc‘?
1207 321 1289 363 tibi
1322 320 1361 361 si
1390 319 1507 360 istuc
1528 320 1622 373 pla-

344 394 428 440 cet,

169 457 427 507 Prosundat,
446 456 616 511 perdat,
638 457 814 510 pereat!
845 457 953 511 ¹252}ss
976 457 1032 497 ad
1053 470 1123 497 me
1144 458 1309 498 attinet.

168 526 197 567 J
202 540 272 568 am
293 527 332 566 si
354 527 537 566 verbum
557 538 686 565 unum
710 525 911 578 posthac.
971 524 1021 564 M
1030 536 1057 563 ι.
1090 525 1302 573 Rursum,
1325 523 1511 572 Demea,
1570 523 1627 562 55

169 593 395 634 Irascere?
457 593 549 633 DE.
580 591 741 653 Agnou
762 592 904 632 credis
919 592 938 631 ’.Ρ
970 590 1164 644 repeton'
1184 605 1315 645 quem
1337 590 1473 631 dedi?

170 662 302 714 AEgre
320 661 399 702 ’stz
431 660 598 701 alienus
610 645 702 700 'non
721 651 842 700 siun:
872 660 911 700 si
933 660 1081 700 obsto:
1112 659 1235 700 hem!
1267 659 1435 700 desino.

172 728 319 770 Unum
341 730 407 770 vis
428 742 571 769 curem
589 741 600 778 3
632 740 762 769 curo:
794 733 837 769 et
856 730 926 768 est
948 727 1032 768 Dis
1055 727 1211 779 gratia,

170 795 281 837 Cum
303 797 378 846 ita,
398 801 446 837 ut
466 796 583 846 volo,
603 798 680 836 est.
741 795 834 836 Iste
856 799 968 845 tuus,
990 794 1089 848 ipse
1109 794 1272 834 sentiet

170 863 426 904 Posterius:
457 864 561 904 nolo
580 864 622 904 in
642 863 764 904 illum
784 863 962 917 gravius
983 862 1145 903 dicere.
1571 861 1629 900 (50

170 993 238 1025 M1.
261 993 345 1026 Sane
359 993 403 1025 sic
416 1002 532 1025 censeo.
576 993 645 1024 DE.
669 993 747 1025 Ah!
769 993 842 1033 quid
867 993 958 1032 plura
984 992 1076 1024 verba
1097 993 1248 1032 perdam?
1270 1001 1325 1022 cur
1342 991 1407 1022 haec
1423 990 1500 1021 mihi
1516 1000 1626 1030 expro-

169 1034 266 1068 bras?
287 1037 315 1067 si
329 1037 377 1067 ita
391 1037 499 1075 sentis,
511 1037 671 1077 prodigat,
687 1036 839 1075 absumat,
854 1035 887 1066 in
896 1035 1067 1075 perniciem
1081 1039 1173 1071 ruat,·
1197 1035 1277 1066 nihil
1293 1044 1358 1064 mea
1375 1033 1474 1072 refert
1489 1045 1500 1065 .-
1514 1034 1587 1073 jam
1597 1035 1626 1064 si

170 1089 263 1110 unum
274 1079 398 1110 verbum
407 1080 536 1120 posthac
547 1082 583 1110 de
599 1080 699 1110 haere
712 1079 895 1117 tibifecero.
939 1078 1006 1109 Μι.
1035 1079 1183 1116 Rursum,
1203 1079 1329 1116 Demea,
1342 1077 1391 1107 ira
1405 1077 1602 1107 commoveris
1612 1081 1625 1108 ?

171 1122 241 1152 DE.
263 1122 375 1153 Annon
391 1122 491 1153 credis
505 1132 552 1153 me
566 1122 682 1153 irasci?
703 1132 775 1153 num
798 1131 918 1162 reposco
939 1131 1028 1161 quem
1055 1121 1230 1161 adoptivum
1251 1120 1309 1151 tibi
1337 1119 1481 1150 tradidi?
1501 1120 1626 1151 minime

170 1165 291 1205 quidem
306 1175 440 1205 reposco,
463 1166 517 1196 sed
530 1175 613 1204 tegre
630 1164 702 1202 fero
727 1165 792 1203 ejus
808 1165 916 1195 luxum
931 1167 961 1195 et
977 1164 1137 1195 libidinem
1149 1174 1161 1200 ;
1189 1164 1330 1204 quamvis
1355 1172 1410 1203 per
1435 1163 1628 1202 adoptionem

171 1217 241 1238 eum
254 1207 313 1238 tibi
328 1208 480 1244 cesserim,
495 1211 598 1239 tamen
612 1208 806 1246 cognationis
823 1207 897 1246 jure
921 1207 1058 1238 naturali
1079 1210 1248 1238 extraneus
1270 1217 1330 1236 non
1345 1215 1409 1236 sum
1421 1216 1433 1242 ;
1456 1216 1512 1246 quo
1527 1206 1631 1236 minus

171 1250 282 1281 mirari
295 1250 397 1289 debes,
413 1251 439 1281 si
454 1251 559 1281 obsum
581 1254 642 1281 tuae
657 1251 830 1282 voluntati.-
850 1251 904 1280 εει]
919 1254 1022 1280 tamen
1038 1260 1094 1289 ego
1111 1250 1237 1281 desisto.
1288 1249 1343 1280 Vis
1357 1249 1447 1279 unius
1465 1248 1630 1288 Ctesipho-

169 1292 230 1330 m's‚
259 1303 346 1333 quem
374 1294 409 1324 in
425 1297 578 1333 potestate
607 1293 736 1332 retinui,
762 1294 948 1324 solummodo
973 1303 1079 1324 curam
1104 1293 1255 1328 habeam;
1279 1293 1344 1322 volo
1360 1295 1393 1322 ut
1411 1292 1478 1322 cis.-
1500 1294 1531 1321 et
1554 1291 1632 1322 Diis

169 1336 294 1374 gratias
308 1335 412 1376 haheo,
427 1337 504 1377 quod
520 1337 572 1367 ille
585 1345 668 1366 meus
682 1336 828 1376 Ctesipho
845 1335 918 1366 talis
932 1339 991 1373 est,
1007 1337 1126 1376 qualem
1138 1335 1244 1375 cupio:
1268 1334 1328 1365 iste
1344 1337 1416 1365 tuus
1431 1334 1495 1374 ipse
1506 1334 1631 1364 AEschi-

170 1388 228 1408 nus
246 1382 398 1419 postremo
411 1379 590 1419 experietur
605 1380 685 1410 mala
707 1389 776 1419 quoe
791 1378 888 1409 nimia
903 1382 958 1409 tua
973 1378 1118 1416 facilitas
1133 1381 1162 1409 et
1179 1377 1373 1415 indulgentia
1394 1377 1457 1417 ipsi
1473 1377 1629 1407 attulerit.

173 1421 254 1452 Nolo
282 1425 391 1453 contra
413 1422 501 1453 illum
526 1422 634 1463 pejora
661 1423 831 1462 praedicere
854 1425 947 1462 atque
971 1422 1118 1453 ominari.
1163 1421 1230 1452 M1.
1255 1420 1428 1460 Nonnulla,
1455 1430 1524 1460 quae
1553 1419 1632 1450 (licit

779 1516 796 1527 ο
800 1515 919 1527 ure-esee&
923 1515 999 1526 ’Νφ
1003 1515 1019 1527 e

174 1595 251 1617 nem
278 1586 397 1625 dixit,‘
413 1585 479 1626 Ah,
495 1586 522 1618 si
552 1586 689 1628 pergis!
716 1587 772 1618 Fa.
817 1587 937 1618 Nostri
953 1587 1017 1618 ΑΙι.
1044 1587 1147 1618 Bent.
1192 1586 1264 1616 Aha
1279 1585 1337 1615 Br.
1370 1585 1456 1616 Post
1477 1584 1566 1615 hunc·
1585 1594 1636 1615 vs.

174 1630 321 1661 collocat
345 1629 449 1661 Both.
477 1639 612 1661 versum
640 1633 693 1661 56.
719 1635 755 1661 et
785 1629 834 1660 sic
865 1630 972 1670 legit:
1005 1631 1078 1661 DE.
1123 1629 1187 1667 Ah,
1213 1629 1324 1667 Micio,
1349 1628 1511 1659 Irascere?
1532 1637 1632 1658 annon

173 1673 285 1703 credo?
306 1672 442 1713 repeton'
467 1682 556 1712 quem
578 1671 676 1704 dedi?
699 1673 763 1704 Mi.
792 1673 879 1703 Mihi
901 1673 958 1712 sic,
980 1674 1120 1713 Sym—53
1145 1673 1243 1703 Rem.
1271 1676 1305 1702 et
1335 1671 1387 1702 Vi.
1427 1671 1513 1706 Quid
1535 1668 1634 1701 istic?

175 1719 213 1746 et
231 1716 387 1746 Donatus
411 1725 559 1756 quoque,
572 1717 599 1746 si
618 1715 702 1746 bene
719 1716 971 1755 consideretur,
985 1717 1034 1746 ita
1051 1716 1153 1756 legit:
1178 1723 1352 1754 exponens
1371 1713 1459 1744 enim
1476 1713 1549 1743 haec
1565 1713 1634 1744 duo

173 1757 279 1789 verba
292 1758 341 1789 sic
354 1757 459 1790 dicit:
484 1760 493 1775 ‘
509 1758 600 1791 Quid
617 1759 725 1790 istuc?
749 1759 861 1790 Deest
874 1760 1005 1800 loquor,
1019 1764 1078 1789 aut
1095 1757 1237 1789 resisto!
1281 1757 1368 1788 Haec
1386 1756 1455 1788 ille.
1490 1756 1632 1787 Certum

175 1805 230 1831 est
253 1805 366 1832 autem
379 1811 445 1831 non
463 1800 545 1840 dici,
562 1801 683 1832 resisto
701 1801 803 1841 istuc,
819 1801 879 1833 sed
903 1802 993 1833 istic.
1040 1802 1125 1832 Quae
1143 1810 1224 1831 vero
1243 1805 1431 1840 sequuntur
1446 1799 1563 1837 verba,
1585 1799 1635 1829 ita

175 1843 208 1874 in
225 1843 376 1874 omnibus
393 1843 487 1874 libris
501 1844 639 1884 scriptis
656 1845 822 1875 collocata
839 1849 930 1883 sunt,
942 1845 970 1874 si
985 1844 1043 1874 tibi
1058 1845 1137 1874 istuc
1147 1844 1260 1884 placet.
1286 1843 1346 1873 Fa.
1393 1842 1512 1873 Nostri
1529 1842 1632 1873 etiam

174 1887 334 1918 meliores
353 1886 438 1922 Quid
463 1886 556 1917 istic?
579 1887 624 1918 Et
642 1892 810 1927 praeterea
829 1897 913 1918 unus
931 1897 972 1918 ex
991 1887 1119 1927 Regiis,
1133 1887 1161 1917 si
1182 1887 1261 1916 istuc
1279 1886 1338 1916 tibi
1350 1886 1464 1924 placet.
1510 1885 1634 1920 Recte,

175 1929 229 1960 vel
252 1934 396 1970 propter
419 1934 611 1960 accentum.
635 1930 731 1962 Bent.
781 1931 866 1965 Quid
891 1930 987 1970 istuc]
1010 1930 1068 1960 Sic
1094 1929 1170 1960 cod.
1190 1929 1282 1959 Edit.
1305 1928 1398 1959 istic.-
1422 1926 1565 1958 fortasse
1590 1937 1633 1958 ex

175 1980 355 2012 operarum
372 1981 499 2003 errore.
523 1972 639 2003 Bruns.
689 1972 773 2008 Quid
794 1974 868 2004 istic
891 1973 973 2004 dant
998 1973 1100 2003 Bent.
1118 1972 1157 2003 Z.
1175 1972 1254 2011 Bip.
1283 1971 1383 2001 Both.
1407 1976 1442 2001 et
1459 1970 1554 2001 Peri.
1575 1971 1632 2010 qui

175 2020 291 2046 monet
315 2015 395 2046 istuc
423 2024 497 2045 esse
522 2015 556 2045 iu
581 2014 700 2046 Guelf.
716 2018 747 2046 2.
766 2025 826 2056 pro
840 2016 924 2048 istic.
969 2015 1007 2047 Si
1023 2016 1104 2046 istuc
1128 2014 1187 2045 tibi
1212 2014 1298 2054 legit
1312 2014 1414 2045 Both.
1427 2020 1506 2054 post
1527 2013 1633 2044 Bent.

177 2057 217 2088 Si
236 2057 294 2088 tibi
318 2058 397 2088 istuc
414 2058 560 2088 Br.—54
583 2057 624 2088 In
641 2057 743 2089 Bodl.
773 2058 989 2090 desideratur
1003 2057 1041 2088 τὸ
1063 2059 1185 2097 perdat.
1209 2057 1317 2087 West.
1366 2057 1483 2088 Pereat
1507 2057 1539 2086 in
1564 2056 1632 2086 fine

176 2109 292 2131 versus
315 2100 348 2131 in
375 2099 492 2131 Guelf.
511 2103 539 2131 l.
555 2103 583 2131 2.
601 2101 785 2133 Perl.--55.
802 2105 844 2133 56
871 2102 958 2133 Mss.
974 2108 1010 2133 et
1025 2101 1103 2131 edd.
1123 2104 1208 2132 vett.
1233 2099 1390 2141 quidam:
1413 2100 1518 2130 ullum.
1564 2100 1631 2130 Uni
1652 2098 1654 2103 '

178 2142 341 2174 Codicum
368 2142 513 2173 Boecleri
541 2143 742 2183 ascriptum,
763 2145 839 2175 Jam
860 2154 998 2185 peream,
1024 2145 1051 2175 si
1080 2143 1203 2174 verbum
1229 2144 1326 2174 ullum
1352 2142 1490 2182 posthac.
1523 2142 1632 2173 West.

179 2185 328 2226 Rursum,
352 2185 484 2225 Demea,
499 2184 666 2217 Irascere?
706 2186 775 2216 DE.
798 2187 909 2218 Annon
933 2186 1069 2226 credis?]
1096 2186 1342 2217 Embolismata
1368 2185 1441 2216 haec
1473 2185 1633 2216 videntur

177 2227 328 2269 Guyeto.
374 2228 462 2259 Sunt
478 2237 557 2259 vero
582 2228 729 2259 inlibris
751 2239 828 2260 cum
852 2239 952 2261 manu
975 2229 1126 2269 scriptis,
1151 2235 1220 2259 tum
1248 2229 1433 2268 impressis,
1455 2238 1537 2269 quos
1554 2228 1636 2268 vidi,

177 2271 352 2302 omnibus:
377 2271 435 2302 sed
453 2276 488 2302 et
511 2272 665 2311 agnoscit
679 2271 844 2303 Donatus.
890 2272 1050 2304 Indicant
1070 2272 1175 2312 igitur
1194 2276 1229 2302 et
1245 2272 1329 2310 haec,
1348 2276 1383 2301 et
1397 2280 1473 2312 quae
1490 2280 1635 2312 sequun-

179 2319 247 2351 tur,
258 2315 364 2346 verba
384 2315 591 2345 stomachum
609 2315 766 2353 Demeae,
782 2325 890 2356 eoque
906 2315 1042 2346 concisa
1063 2314 1294 2355 proferuntur.
1318 2314 1398 2344 Par.
1416 2323 1457 2344 ex
1474 2323 1539 2344 uno
1557 2314 1633 2346 Pal.

177 2357 274 2396 citat,
289 2356 368 2389 Ah!
389 2367 448 2388 non
464 2357 582 2388 credis?
604 2356 721 2398 Atque
737 2358 784 2389 ita
801 2358 923 2390 edidit.
967 2359 1092 2389 Mallet
1107 2358 1323 2389 Palmerius:
1349 2355 1425 2387 Ah!
1447 2366 1507 2387 uon
1533 2358 1637 2388 cedis?

177 2399 288 2431 Idem.
333 2399 497 2441 Repeton']
528 2400 627 2431 Bodl.
653 2400 922 2441 repeton'filium.
946 2401 1054 2432 Idem.
1100 2401 1144 2431 Et
1172 2406 1306 2430 veteres
1338 2399 1445 2430 nostri
1469 2406 1502 2430 et
1526 2402 1633 2430 multo

179 2442 292 2482 plures
306 2443 431 2473 verbum
445 2444 550 2474 ullum.
575 2443 678 2474 Bent.
728 2444 835 2474 Ullum
852 2445 892 2475 R.
907 2444 1003 2475 Lz'nd.
1055 2445 1161 2475 Ullum
1176 2448 1290 2474 nostra
1307 2442 1360 2472 ed.
1405 2442 1519 2473 Annon
1534 2443 1635 2473 credis

180 2485 277 2516 nobis
292 2486 406 2525 aptius
424 2485 557 2516 videtur
573 2495 673 2525 quam
690 2496 764 2517 cum
790 2488 858 2517 Do.
875 2487 1075 2518 subaudire‘
1088 2496 1141 2517 nie
1158 2485 1278 2517 irasci!
1302 2485 1378 2524 Rip.
1429 2486 1534 2515 Ullum
1551 2486 1633 2516 dant

180 2527 236 2559 ΒΥ.
253 2529 355 2560 Bent.
376 2529 453 2568 Rip.
475 2528 571 2559 Perl.
588 2528 673 2559 Post
689 2529 696 2544 ‘
713 2529 869 2560 Irascere
884 2530 892 2543 '
909 2539 975 2560 non
994 2531 1186 2569 interrogat
1203 2530 1262 2560 ΒΓ.
1279 2528 1320 2558 de
1345 2537 1410 2568 quo
1431 2528 1479 2558 ita
1500 2528 1632 2559 Bruns:

179 2571 296 2602 ‘Edit.
325 2573 536 2610 interrogat:
562 2580 637 2611 quae
668 2571 894 2611 interrogatio
921 2577 1082 2613 tauquam
1107 2581 1175 2601 var.
1205 2573 1285 2602 tect.
1312 2571 1344 2601 in
1371 2570 1445 2600 cod.
1470 2570 1633 2601 notatur.'

181 2613 254 2644 Dat
270 2614 372 2645 Both.
390 2614 522 2652 Rursus,
548 2612 694 2645 Demea?
718 2614 782 2645 DE.
800 2616 900 2653 AEgre
922 2619 980 2655 est,
1002 2617 1054 2655 ᾅϊ.
1098 2614 1186 2644 Vide
1215 2614 1257 2644 ad
1276 2623 1322 2644 vs.
1346 2616 1486 2643 52.—-57
1511 2613 1634 2644 Boend.

180 2656 254 2687 Jam
277 2657 392 2688 desino.
440 2656 536 2687 ssodi.
564 2657 607 2687 G.
636 2656 708 2687 ΕΡ.
745 2657 876 2688 Desino.
902 2658 1010 2688 West.
1053 2658 1129 2688 ,Ιαηι
1158 2666 1217 2697 pro
1244 2656 1312 2686 hcm
1337 2655 1450 2686 Guelt'.
1466 2658 1498 2686 2.
1522 2655 1635 2686 Abest

182 2698 248 2728 hem
264 2709 282 2729 a
298 2698 411 2730 Guelf.
426 2701 457 2729 3.
475 2700 561 2730 Perl.
606 2697 717 2729 Abest
741 2705 776 2730 et
793 2709 812 2730 a
829 2700 887 2731 ΒΓ.
905 2701 966 2730 Em
984 2700 1043 2730 dat
1066 2700 1256 2730 Bent.—5s
1280 2699 1362 2729 Mss.
1380 2697 1528 2738 quidam,
1542 2702 1572 2729 et
1588 2702 1634 2729 est

183 2741 258 2771 Diis
278 2741 415 2773 habenda
431 2742 569 2778 Gratia;
592 2751 666 2781 quae
690 2741 800 2782 glossa
824 2748 890 2773 est.
918 2743 1104 2774 ”sest—59
1131 2742 1174 2772 Et
1190 2742 1248 2772 iste
1272 2739 1387 2772 Guelf.
1410 2743 1442 2771 2.
1462 2741 1545 2771 Tuus
1563 2741 1634 2771 istic

184 2793 246 2823 pro
261 2784 323 2815 Iste
338 2789 409 2816 tuus
419 2785 606 2816 Rom—60
630 2785 708 2816 Mss.
721 2785 877 2826 quidam:
904 2786 984 2817 Nolo
1000 2785 1033 2816 in
1048 2785 1132 2816 illum
1144 2785 1304 2824 quicquam
1318 2793 1370 2822 gr.
1387 2783 1499 2814 dicere.
1524 2783 1632 2814 West.
