1966 3302
260 237 345 279 716
749 254 789 283 P.
824 253 1064 284 TERENTH
1101 256 1216 285 Amr

263 342 369 384 Non
390 343 563 385 faciam.
625 345 713 387 GE.
737 345 1008 401 Quid-agis?
1059 349 1138 389 So.
1163 349 1401 393 Proferam.
1449 352 1537 395 GE.
1561 353 1703 396 Hem!

428 424 527 452 mea
547 411 762 463 Sostrata,
786 414 902 464 vide,
934 428 1063 468 quam
1084 430 1170 456 rem
1192 430 1311 469 agas.
1647 422 1706 462 45

262 477 340 518 So.
373 477 528 531 Pejore
549 492 618 519 res
638 480 736 522 loco
757 495 843 523 non
864 487 1010 536 potest
1031 496 1143 533 esse,
1161 497 1290 537 quam
1312 487 1357 526 in
1377 499 1464 539 quo
1487 499 1599 527 nunc
1618 487 1705 529 sita

430 549 510 585 est.

258 611 454 653 Primum
476 612 673 654 indotata
695 619 762 655 est
778 628 787 655 ε
802 627 807 642 ·‘
819 619 911 656 tum
933 621 1163 669 praeterea,
1187 631 1286 671 quae
1321 620 1513 661 secunda
1546 622 1587 662 ei
1621 621 1703 663 dos

429 684 537 729 erat,

259 745 417 787 Periit:
448 760 528 800 pro
562 748 726 800 virgine
762 748 858 790 dari
889 755 1075 804 nuptum
1110 764 1198 793 non
1234 759 1399 807 potest.
1461 754 1566 795 Hoc
1607 755 1704 796 reli-

426 827 563 867 quum
586 820 680 856 est:
945 831 948 833 ’
970 826 975 831 “
1475 813 1534 825 ’⁴⁹'

261 880 337 920 Sin
359 880 533 922 inficias
553 884 649 933 ibit,
673 884 795 925 testis
816 897 985 925 mecum
1006 888 1072 924 est
1093 886 1293 936 annulus,
1316 900 1445 940 quem
1466 889 1689 931 amiserat.

257 947 507 999 Postremo,
523 951 701 1004 quando
718 964 798 1005 ego
820 953 1002 1017 conscia
1023 952 1128 992 mihi
1147 966 1260 1004 sum,
1275 967 1301 994 a
1319 968 1388 996 me
1411 955 1587 1010 culpam
1607 970 1703 998 esse

426 1017 538 1058 hanc
561 1018 732 1070 procul,
877 1011 914 1023 *⁶
1157 1034 1163 1076 ζ
1647 1025 1705 1065 5ῠ

260 1081 415 1136 Neque
436 1085 638 1145 Psess¹¹m³
671 1099 815 1139 neque
837 1099 926 1128 rem
949 1086 1085 1128 ullam
1107 1088 1416 1139 intercessisse,
1439 1088 1518 1131 illa
1539 1095 1614 1132 aut
1632 1104 1702 1132 me

431 1151 673 1204 indignam,
695 1153 826 1203 Geta,

255 1266 314 1297 So.
339 1268 379 1298 Id
403 1267 632 1306 manifestabo!
676 1271 742 1302 GE.
766 1271 831 1309 Ah,
853 1281 920 1301 mea
945 1272 1102 1310 Sostrata,
1122 1272 1281 1303 considera
1303 1273 1377 1312 quid
1398 1273 1550 1312 agendum
1571 1273 1615 1304 sit
1630 1274 1702 1306 tibi.

257 1309 316 1340 So.
342 1310 379 1341 In
394 1312 539 1342 deteriori
554 1313 728 1344 conditione
752 1323 802 1345 res
818 1324 881 1345 esse
905 1325 963 1345 non
975 1318 1090 1354 potest,
1112 1326 1202 1355 quam
1217 1317 1249 1346 in
1264 1326 1323 1354 qua
1338 1326 1418 1346 num:
1436 1315 1538 1355 posita
1553 1320 1597 1346 est
1607 1327 1618 1347 .-
1638 1318 1704 1357 pri-

256 1361 338 1382 mum
353 1355 436 1384 nulla
447 1356 502 1384 dos
516 1355 544 1385 ei
558 1359 603 1386 est
613 1367 623 1387 .-
646 1360 807 1395 praeterea,
820 1357 970 1397 pudicitia
983 1368 1049 1397 quoe
1061 1359 1124 1389 loco
1138 1358 1220 1389 dotis
1231 1363 1310 1395 erat,
1320 1359 1432 1388 amissa
1444 1362 1500 1394 est,
1511 1368 1566 1398 pro
1581 1359 1717 1400 virgine¹

255 1395 324 1425 dari
340 1395 373 1426 in
387 1407 511 1428 uxorem
524 1409 582 1429 non
593 1402 713 1438 potest:
743 1399 771 1429 si
785 1400 911 1439 negabit
927 1401 1095 1431 AEschinus
1117 1401 1287 1440 Pamphiloe
1313 1401 1421 1431 vitium
1445 1401 1601 1440 obtulisse,
1614 1403 1703 1433 testi·

255 1438 389 1486 monium
404 1450 518 1470 mecum
532 1441 703 1481 perhibebit
719 1441 768 1473 hic
783 1443 925 1479 annulus,
937 1453 1025 1482 quem
1038 1443 1195 1475 amiserat.
1238 1444 1409 1481 Postremo,
1431 1444 1573 1483 quonium
1588 1454 1704 1476 mecum

254 1490 317 1511 soto
339 1485 433 1522 εει-ιο,
448 1494 494 1515 me
509 1484 608 1514 omnis
624 1486 721 1525 σπῖρα*
736 1495 799 1517 esse
815 1489 984 1526 expertem,
999 1496 1092 1526 neque
1106 1487 1198 1517 ullum
1213 1496 1278 1516 rem
1294 1486 1506 1525 intervenisse,
1522 1497 1587 1527 qua·
1603 1488 1702 1528 illam,

863 1580 1058 1592 “““““““
1060 1581 1099 1592 Ν

256 1645 339 1674 -45
366 1644 449 1680 Quid
472 1645 562 1684 ‹ng-is?
597 1645 685 1676 Edd.
704 1645 857 1685 quaedam
886 1651 1031 1684 veteres,
1061 1645 1144 1681 Quid
1167 1643 1239 1676 ais?
1275 1646 1318 1676 Et
1341 1644 1477 1675 videtur
1503 1645 1704 1677 inconcinne

257 1686 365 1717 eidem
384 1697 535 1727 personae
556 1689 732 1726 tributum,
751 1689 836 1723 Quid
851 1689 942 1727 agis?
965 1694 1000 1719 et
1022 1698 1099 1719 mox
1125 1698 1251 1726 rursus,
1271 1690 1280 1706 ⁶
1293 1688 1381 1727 vide,
1398 1698 1497 1728 quain
1515 1697 1584 1718 rem
1601 1688 1703 1728 agas?

262 1729 361 1760 West.
408 1729 522 1771 Aliqui
542 1731 631 1769 libri,
648 1732 735 1761 iuter
751 1741 834 1771 quos
853 1731 1050 1770 Bembinas,
1068 1731 1152 1766 Quid
1167 1734 1262 1769 ages?
1285 1735 1322 1761 ut
1338 1737 1371 1761 et
1387 1731 1494 1769 exigit
1510 1731 1607 1766 ratio,
1624 1741 1702 1763 cum

257 1777 417 1812 sequatur
434 1783 630 1812 responsum
653 1774 819 1804 Sostratae
844 1775 876 1804 in
902 1774 1029 1811 futuro,
1057 1776 1066 1790 ‘
1084 1772 1284 1804 Proferam!
1307 1773 1366 1804 Fa.
1411 1773 1505 1804 Unus
1521 1783 1564 1804 ex
1579 1774 1704 1805 nostris

255 1824 340 1853 ages.
387 1815 452 1845 Alii
476 1815 557 1853 agis.
603 1817 698 1847 Unus
715 1826 755 1846 ex
772 1816 887 1857 Regiis
907 1817 991 1852 Quid
1006 1816 1074 1847 ais?
1097 1822 1131 1847 et
1149 1820 1254 1846 recte.
1300 1816 1361 1846 Est
1378 1815 1572 1847 admirantis
1587 1822 1623 1848 et
1639 1816 1706 1847 dis·

256 1857 449 1896 sentientis,
473 1868 538 1889 non
557 1859 808 1898 interrogantis.
854 1860 890 1889 Si
906 1860 976 1898 agis
991 1859 1098 1898 legas,
1129 1859 1178 1888 bis
1195 1858 1283 1888 idem
1302 1858 1437 1896 dicitur,
1460 1867 1536 1892 cum
1553 1868 1629 1890 mox
1645 1860 1704 1899 ait,

257 1904 376 1940 ‘quam
395 1910 462 1930 rem
480 1901 583 1941 agas!
628 1901 739 1932 Porro
764 1911 837 1942 quae
863 1907 1064 1942 sequuntur,
1087 1906 1182 1931 ‘mea
1209 1901 1376 1938 Sostrata,
1407 1900 1484 1931 vide
1508 1910 1606 1941 quam
1631 1911 1703 1933 rem

257 1943 361 1982 agas‚’
388 1944 563 1974 Canthara>
580 1944 683 1974 verba
700 1949 789 1983 sunt,
803 1954 869 1974 non
884 1944 984 1975 Getae
999 1955 1006 1975 :
1024 1949 1061 1974 ut
1078 1944 1131 1974 vel
1148 1943 1230 1974 illud
1246 1943 1383 1978 iudicat,
1400 1944 1408 1959 ‘
1425 1952 1498 1973 mea
1513 1944 1702 1976 Sostrata?

258 1985 347 2026 quod
365 1986 529 2016 muliebre
549 1987 815 2018 blandimentum
832 1992 896 2018 est.
941 1988 1096 2026 Uterque
1120 1993 1156 2017 et
1183 1986 1272 2017 Geta
1289 1990 1324 2016 et
1341 1986 1512 2016 Canthara
1527 1987 1703 2018 consilium

256 2028 420 2059 Sostratae
448 2029 639 2068 repudiant.
668 2030 758 2060 Bent.
806 2030 892 2064 Quid
917 2027 1014 2067 ages?
1041 2029 1142 2059 Both.
1168 2029 1224 2068 qui
1250 2029 1353 2058 etiam
1379 2028 1558 2059 Canthara:
1585 2030 1705 2061 tribuit

257 2071 362 2101 verba
380 2070 486 2102 Hem!
500 2082 577 2110 mea,
590 2073 641 2110 &a
686 2073 778 2103 Perl.
803 2073 861 2102 dut
889 2077 923 2102 ut
947 2073 1048 2102 Bent.
1083 2071 1167 2106 Quid
1192 2069 1290 2110 ages?
1315 2071 1390 2110 Bip.
1415 2071 1627 2111 Deum—46
1649 2072 1704 2103 Ex

257 2113 342 2157 libro
359 2114 524 2144 Bembiuo
542 2125 600 2154 pro
614 2118 714 2154 potest
732 2115 807 2153 lego
830 2115 913 2154 polis
936 2118 981 2145 est
993 2126 1002 2144 .·
1025 2115 1126 2145 aliter
1151 2114 1242 2144 nullo
1270 2113 1369 2144 modo
1387 2118 1502 2152 potest
1519 2113 1704 2154 procedere

257 2155 312 2186 hic
329 2166 455 2195 versus,
480 2166 587 2197 neque
616 2161 652 2187 nt
677 2158 850 2196 iambicus,
873 2166 982 2196 neque
1006 2162 1042 2187 ut
1061 2156 1262 2187 trochaicus.
1287 2156 1345 2187 Fa.
1392 2156 1508 2187 Nostri
1525 2166 1704 2196 perperam

255 2202 367 2238 potest.
392 2199 495 2230 Bent.
542 2200 607 2229 Ms-
632 2199 705 2231 Pal.
733 2203 762 2230 3.
789 2200 828 2230 1η
851 2199 963 2239 pejore.
1009 2200 1097 2230 Poris
1111 2202 1154 2229 est
1174 2199 1275 2230 Both.
1294 2199 1371 2238 Bip.
1389 2198 1596 2238 Delph.—-48
1619 2200 1704 2231 Dari

255 2251 312 2280 pro
329 2241 451 2280 virgine
469 2242 654 2273 Boiu—49
678 2243 804 2282 Magna
828 2243 1003 2272 Librorum
1022 2252 1111 2280 pars,
1127 2241 1163 2271 Si
1179 2241 1209 2271 in
1236 2242 1300 2272 cias
1316 2241 1386 2273 ibit.
1430 2242 1551 2272 Utrum
1570 2243 1704 2282 elegan-

258 2283 324 2314 tius
347 2284 400 2322 sit,
424 2285 542 2315 merito
569 2285 717 2315 dubites.
762 2286 859 2317 Quod
886 2290 998 2315 autem
1025 2285 1201 2314 Boeclerus
1231 2284 1369 2324 reperit,
1393 2283 1430 2314 Si
1446 2284 1479 2314 in
1494 2284 1615 2324 inficias
1631 2285 1703 2323 ibit,

259 2331 361 2366 atque
378 2326 455 2356 inde
470 2326 507 2356 τὸ
533 2327 591 2357 Sin
618 2327 808 2358 confirmari
837 2332 946 2366 putat,
970 2336 1034 2358 non
1062 2327 1167 2366 magis
1192 2326 1357 2367 sequitur,
1383 2335 1482 2365 quam
1499 2335 1541 2356 ex
1555 2327 1704 2358 lectione

259 2369 327 2399 Ms.
344 2369 464 2399 Boeud.
489 2369 526 2400 Si
542 2369 664 2410 inficias
679 2370 783 2401 inibit.
810 2370 916 2401 West.
966 2371 1064 2405 Quem
1086 2370 1244 2400 amiserat.
1270 2370 1318 2399 M.
1335 2375 1370 2399 et
1393 2368 1514 2400 B'oend.
1537 2379 1623 2408 quem
1637 2370 1703 2410 ipse

259 2411 414 2442 amiserat.
458 2411 511 2442 lta
538 2418 573 2442 et
602 2412 674 2443 ΕΡ,
702 2418 737 2442 et
761 2413 834 2443 EV.
860 2415 889 2442 1.
929 2412 1086 2452 Guyetus
1104 2421 1235 2441 versum
1253 2412 1352 2449 hunc,
1373 2411 1407 2441 iu
1423 2421 1490 2452 quo
1506 2411 1704 2450 palmarium

259 2455 421 2485 Sostratae
439 2458 671 2493 argumentum
690 2461 755 2492 est,
772 2455 920 2495 spurium
939 2460 1048 2485 vocat.
1087 2453 1154 2485 Sed
1172 2463 1234 2484 nec
1251 2453 1402 2492 proxime
1419 2453 1615 2494 praecedens
1630 2454 1704 2486 sine

259 2497 321 2527 hoc
337 2501 427 2526 stare
442 2501 576 2536 potest;
601 2497 662 2527 hoc
688 2498 775 2527 euim
805 2507 906 2527 unum
933 2497 1097 2537 reliquum
1123 2501 1210 2534 erat,
1235 2505 1277 2526 ex
1294 2497 1417 2527 annulo
1432 2497 1632 2527 convincere
1648 2497 1705 2528 ΙΕ-

260 2538 425 2569 schinum.
472 2539 655 2578 Necjiivat
671 2539 842 2579 Guyetum
859 2539 896 2570 τὸ
911 2540 1068 2574 amiserat,
1084 2549 1146 2578 pro
1163 2547 1229 2579 quo
1244 2539 1352 2570 amisit
1367 2539 1581 2569 scribendum
1597 2538 1702 2570 fuisse

260 2581 355 2612 dicit.
392 2580 459 2612 Sed
477 2586 510 2612 et
528 2582 536 2598 ‘
550 2581 682 2612 annuli’
708 2582 740 2612 in
759 2592 794 2613 re
810 2582 911 2612 simili
925 2582 1062 2620 mentio,
1080 2581 1163 2612 Hec.
1180 2590 1211 2612 v.
1228 2584 1259 2612 3.
1273 2584 1324 2613 23.
1340 2591 1431 2622 seqq.
1447 2581 1545 2612 Idem.
1583 2582 1704 2613 Nostri

260 2622 332 2654 fere
348 2633 463 2654 omues
481 2634 556 2654 cum
579 2624 657 2654 edd.
683 2629 767 2655 vett.
794 2626 915 2660 anticus,
939 2634 1026 2664 quem
1052 2625 1116 2663 ipse
1140 2625 1297 2654 amiserat.
1345 2624 1475 2654 Recte:
1500 2623 1647 2663 abjecto,
1664 2629 1703 2655 ut

261 2666 359 2705 solet,
385 2676 412 2701 s,
443 2666 451 2682 ‘
467 2665 577 2697 analu’
590 2665 598 2679 ’
620 2666 658 2696 fit
675 2666 844 2706 dactylus.
890 2670 898 2684 ‘
913 2666 1012 2706 Ipse'
1035 2666 1212 2697 sententiae
1230 2675 1293 2696 non
1312 2675 1426 2705 parum
1442 2664 1585 2696 confert.
1608 2667 1703 2698 Bent.

261 2709 317 2749 qni
341 2709 443 2738 etiam
473 2709 510 2739 Si
536 2718 595 2748 pro
617 2708 688 2738 Sin.
735 2709 789 2739 Ita
813 2714 848 2739 et
875 2710 1008 2739 omnino
1035 2709 1151 2748 legunt
1175 2709 1275 2738 Both.
1301 2709 1389 2739 Peri.
1435 2707 1471 2737 Si
1495 2708 1554 2738 Br.
1568 2708 1606 2739 Z.
1623 2709 1702 2748 Bip.

266 2751 474 2789 Deum—50
498 2752 596 2782 Muta
613 2751 775 2790 ordinem,
791 2757 825 2781 et
844 2752 965 2786 scribe,
985 2752 1142 2782 Postremo
1167 2752 1283 2790 quaudo
1307 2760 1362 2789 ego
1384 2750 1462 2781 mihi
1482 2760 1548 2781 sum
1570 2752 1700 2784 conscia.

266 2794 366 2826 Bent.
411 2793 466 2825 Ita
492 2799 526 2824 et
548 2793 651 2826 habet
667 2794 759 2825 Pei-1.
808 2795 937 2829 Quando
953 2794 1073 2825 conscia
1088 2804 1143 2833 ego
1160 2794 1344 2825 notu-51
1371 2793 1616 2833 Repouendum
1632 2803 1700 2826 mo-
