1966 3302
326 217 412 259 934
824 228 866 258 P.
897 226 1141 257 TEREN'rn
1172 226 1288 258 Arm

329 323 562 377 Loquarne
580 324 598 364 'l
630 321 889 363 incendam:
912 321 1118 362 taceam?
1140 321 1371 375 instigem:
1393 334 1574 376 purgem
1597 324 1700 365 me?
1719 324 1785 366 la-

499 395 632 432 terem
653 390 812 430 lavem.

329 458 452 500 Eheu
475 471 544 498 me
565 457 777 498 miserum
794 457 803 498 l
836 469 935 497 cum
957 455 1065 496 mihi
1085 468 1246 510 paveo,
1278 458 1372 497 tum
1392 454 1594 510 Antipho
1614 469 1684 498 me
1702 471 1783 500 ex-

501 524 671 565 cruciat
692 524 853 565 animi:
1727 526 1784 567 10

328 592 438 647 Ejus
457 605 527 633 me
546 593 751 633 miseret:
782 591 824 632 ei
852 603 969 631 nunc
991 591 1148 632 timeo:
1179 591 1219 632 is
1241 603 1357 632 nunc
1377 603 1445 631 me
1467 589 1643 643 retinet3
1677 604 1782 634 nam

501 660 670 712 absque
691 672 746 700 eo
770 664 901 707 esset,

328 727 473 768 Recte
495 739 576 779 ego
597 726 704 768 mihi
725 726 950 775 vidissem,
971 729 1017 765 et
1039 724 1158 765 senis
1176 736 1318 765 essem
1341 723 1463 766 ultus
1480 723 1783 777 iracundiam3

327 794 513 849 Aliquid
547 807 874 844 convasassem,
903 796 1034 846 atque
1064 792 1168 833 hinc
1188 804 1258 833 me
1279 791 1546 846 conjicerem
1579 790 1782 845 protinus

497 863 543 903 in
563 862 719 917 pedes.
1182 874 1186 878 ⁴

327 930 420 973 AN.
452 929 600 981 Quam
616 930 689 971 hic
707 929 872 982 fugam,
895 932 973 970 aut
992 926 1154 968 furtum
1173 927 1329 981 parat?

325 1082 468 1112 sedandoe
479 1079 543 1119 ejus
557 1079 730 1111 iracundioe
743 1078 915 1120 reperiam?
936 1078 1113 1117 alloquarne
1128 1078 1219 1108 eum?
1231 1073 1428 1116 infiammabo
1437 1083 1448 1105 .·
1463 1072 1570 1104 sileam
1580 1075 1594 1104 Ρ
1606 1073 1761 1105 stimulem
1771 1086 1781 1105 .-

325 1127 488 1155 excusem?
511 1133 632 1164 operam
643 1124 782 1163 perdam,
806 1125 836 1153 et
851 1120 956 1151 verba.
999 1119 1090 1150 Eheu
1110 1128 1157 1150 me
1180 1116 1354 1150 miserum!
1372 1120 1582 1158 proeterquam
1602 1117 1683 1156 quod
1703 1116 1782 1147 mihi

325 1170 439 1206 metuo,
464 1170 528 1197 tum
551 1167 645 1197 etiam
666 1174 766 1205 angor
788 1163 985 1195 solicitudine
1005 1165 1131 1203 propter
1154 1161 1385 1201 Antiphonem.-
1409 1159 1472 1198 ejus
1492 1159 1657 1189 misereor.-
1675 1168 1732 1199 pro
1747 1168 1782 1189 eo

326 1214 448 1241 metuo.-
472 1209 499 1239 z's
514 1218 560 1239 me
575 1212 762 1245 remoratur,
778 1211 807 1238 et
822 1207 982 1237 retardat.-
1006 1215 1077 1236 nam
1093 1203 1154 1235 nisi
1169 1213 1218 1235 res
1237 1204 1277 1234 ad
1291 1212 1359 1234 eum
1371 1202 1554 1242 pertineret,
1569 1201 1646 1232 mihi
1660 1200 1782 1232 utiliter

325 1252 555 1290 consuluissem,
580 1255 611 1282 et
626 1252 663 1282 de
686 1251 767 1282 senis
782 1249 944 1281 iracundia
966 1248 1112 1279 ultionem
1126 1247 1311 1284 sumsissem,
1325 1244 1443 1285 aliquid
1457 1245 1537 1276 clam
1549 1243 1781 1284 surripui-wem,

324 1298 354 1326 et
370 1305 439 1326 cum
452 1294 616 1326 sarcinulis
631 1294 833 1333 collegissem,
848 1295 938 1332 atque
952 1291 1024 1322 hinc
1037 1289 1200 1328 confestim
1206 1288 1323 1329 fugam
1336 1287 1546 1328 arripuissem.
1583 1286 1652 1318 ΑΝ.
1677 1286 1781 1322 Quam

935 1376 992 1388 ‘ff‘
997 1374 1171 1388 MNO

326 1446 575 1485 posterius—9
600 1444 799 1486 Elegantius
816 1445 888 1475 sine
903 1453 950 1474 ne.
975 1444 1079 1473 Bent.
1125 1440 1237 1472 Abest
1258 1449 1297 1470 ne
1321 1446 1456 1480 quoque
1480 1435 1582 1467 Both.
1599 1434 1780 1468 Fert—10

326 1490 410 1520 Tres
427 1498 470 1519 ex
487 1488 610 1519 nostris
632 1488 712 1519 lIeu.
736 1489 837 1518 Bent.
868 1486 924 1516 Ita
940 1491 974 1517 et
991 1485 1093 1516 Both.
1115 1484 1230 1515 Animo
1246 1480 1494 1513 Guelf.2.—11
1519 1478 1685 1509 Linacer:
1708 1488 1782 1510 nam

325 1532 439 1571 absque
454 1541 487 1561 eo
498 1535 575 1562 esset
589 1534 682 1562 recte.
727 1530 782 1560 Ita
798 1534 832 1560 et
850 1528 1099 1559 Gambarellus.
1127 1526 1229 1558 West.
1273 1524 1445 1563 Scriptum
1462 1522 1496 1552 in
1513 1521 1577 1552 alio
1593 1521 1782 1561 exemplari

327 1574 474 1614 reperio,
493 1584 563 1604 nam
578 1574 692 1612 absque
706 1583 740 1603 eo
755 1575 837 1603 recle
856 1582 912 1610 ego
935 1571 1012 1601 milti
1027 1571 1186 1601 vidissem.
1230 1566 1360 1599 Quodsi
1375 1568 1455 1596 esset
1469 1564 1631 1603 legamus,
1647 1569 1705 1594 aut
1721 1572 1781 1594 no-

326 1616 466 1648 tandum
481 1626 605 1647 novum
628 1616 693 1646 erit
710 1615 890 1646 locutionis
906 1623 1026 1653 genus,
1043 1617 1102 1643 aut
1126 1612 1172 1642 ita
1187 1610 1296 1642 oratio
1313 1606 1566 1647 distinguenda,
1583 1616 1655 1637 nam
1669 1606 1781 1646 absque

326 1670 371 1698 eo,
386 1662 463 1690 esset
478 1661 573 1695 recte,
587 1668 643 1697 ego
659 1658 736 1688 mihi
751 1659 909 1689 vidissem.
935 1656 1022 1687 Gov.
1066 1656 1151 1686 Nam
1165 1653 1277 1693 absque
1292 1662 1326 1683 eo
1343 1652 1446 1687 Esset,
1468 1652 1551 1680 recte
1565 1652 1683 1688 egomet
1700 1648 1781 1690 Bip.

326 1705 410 1733 —12
436 1702 537 1741 Legit
549 1701 639 1740 Gay.
654 1701 752 1731 Recta
767 1710 822 1740 ego
833 1700 909 1730 mihi
923 1700 1078 1730 vidissem.
1123 1696 1204 1728 Wit.
1216 1694 1434 1736 providissem.
1457 1693 1567 1724 West.
1616 1692 1783 1731 Egomet...

322 1745 443 1784 proi-id.
461 1743 578 1775 Guelf.
596 1746 715 1774 3.—l3
741 1743 783 1775 G.
803 1749 838 1774 et
851 1743 934 1773 Wit.
948 1741 1162 1780 corzvasissem,
1185 1738 1274 1779 quod
1291 1742 1325 1768 et
1340 1747 1382 1768 ex
1398 1736 1494 1767 Bem.
1509 1739 1545 1766 et
1561 1735 1640 1766 Bas.
1662 1733 1783 1766 laudat

327 1789 387 1818 Fa.
413 1787 469 1827 qui
497 1792 532 1817 et
558 1786 729 1817 Donatum
754 1787 800 1817 ita
828 1786 948 1825 legisse
964 1788 1129 1815 autumat.
1174 1782 1259 1813 Mss.
1284 1779 1430 1820 quidam,
1453 1777 1663 1815 cormsissem,
1688 1777 1782 1817 quod

325 1830 415 1860 forte
433 1829 512 1859 inde
530 1833 656 1859 natum.
702 1829 793 1868 Guy.
810 1838 941 1858 versum
957 1827 1046 1858 hunc
1062 1826 1167 1857 delet.
1214 1824 1379 1864 Loquitur
1394 1824 1507 1852 autem
1521 1820 1611 1851 Geta
1627 1829 1671 1850 ex
1686 1828 1781 1851 more

323 1881 513 1911 servorum,
528 1871 585 1912 qui
601 1870 816 1911 aufugientes
838 1871 953 1900 herum
980 1870 1078 1899 simul
1102 1866 1353 1908 despoliabant.
1396 1863 1485 1895 Vide
1507 1863 1550 1893 ad
1576 1863 1664 1893 Eun.
1682 1871 1732 1893 lv.
1749 1864 1782 1894 3.

328 1919 379 1946 19.
408 1916 504 1945 West.
549 1914 681 1954 Aliquid
691 1914 912 1954 convasassem]
937 1912 1002 1943 Hic
1018 1917 1054 1942 et
1071 1913 1138 1942 Do.
1155 1916 1190 1941 et
1204 1909 1290 1940 liber
1302 1908 1401 1938 Bem.
1418 1911 1455 1937 et
1470 1906 1549 1936 Bas.
1566 1904 1693 1936 habent
1708 1914 1780 1936 con-

324 1958 482 1996 vasissem,
506 1962 542 1987 et
565 1957 613 1987 ita
638 1956 856 1988 emendatum
879 1960 932 1986 est
957 1955 990 1985 in
1013 1954 1070 1985 Vi.
1101 1953 1191 1994 quod
1216 1951 1244 1983 si
1271 1950 1466 1989 recipimus,
1490 1947 1677 1979 deductum
1713 1947 1782 1979 erit

325 2011 344 2031 a
366 2002 374 2018 ‘
393 2009 550 2038 convaso‚
569 2000 728 2029 convasis
742 1999 750 2011 ’
775 1998 887 2029 tertiae
910 1996 1161 2029 declinationis.
1183 1996 1244 2026 Fa.
1299 1992 1430 2032 Aliquid
1454 1990 1665 2026 convasissem,
1687 1993 1780 2030 atque

325 2043 396 2073 hinc
408 2053 454 2073 me
469 2042 647 2080 conjicerem
659 2041 804 2082 protinus
818 2041 851 2071 in
862 2042 965 2080 pedes.
1007 2040 1065 2071 Sic
1082 2038 1178 2069 dedit
1192 2039 1252 2069 Fa.
1267 2036 1402 2076 gemino
1418 2038 1544 2065 errato.
1589 2032 1678 2063 Nam
1695 2031 1780 2064 illud

324 2089 334 2102 ⁶
349 2084 552 2116 convasare'
575 2084 658 2114 nihil
681 2089 755 2123 est;
786 2085 916 2124 utique,
942 2082 969 2113 si
997 2092 1015 2113 a
1042 2091 1120 2112 vase
1145 2081 1293 2118 ducitur,
1314 2076 1494 2115 legendum
1511 2075 1576 2106 erit
1599 2084 1778 2107 convasare.

326 2129 506 2159 Donatus:
542 2131 551 2144 ‘
569 2128 823 2166 Convasassem,
848 2125 1030 2166 figuratum
1058 2130 1111 2155 est
1137 2134 1158 2154 a
1184 2121 1383 2158 colligendis
1398 2117 1513 2150 vasis.’
1556 2118 1647 2149 Sane
1671 2118 1681 2135 ‘
1698 2127 1780 2149 vasa

326 2169 552 2201 conclamari'
569 2170 670 2210 jubet
686 2170 884 2210 imperator,
899 2173 1014 2199 castra
1034 2172 1198 2198 moturus.
1243 2163 1417 2196 Charisius
1441 2172 1475 2202 p.
1491 2163 1565 2191 188.
1588 2162 1598 2177 ‘
1615 2159 1779 2191 Protinus

325 2212 429 2244 futuri
455 2211 738 2252 significationem
765 2211 871 2251 capit.
925 2212 1003 2241 Ter.
1021 2211 1158 2241 Phorm.
1182 2209 1192 2226 ‘
1206 2207 1345 2248 Aliquid
1366 2212 1611 2242 convasassem,
1624 2207 1728 2244 atque
1744 2203 1780 2234 h.

326 2266 369 2287 m.
387 2266 416 2286 c.
436 2256 589 2296 protinus
613 2256 646 2285 in
672 2254 801 2295 pedes!
814 2254 822 2266 '
877 2254 1030 2285 Nonius:
1053 2253 1062 2270 ‘
1080 2253 1274 2284 Convasare
1299 2248 1436 2287 dicitur,
1450 2247 1540 2278 furto
1555 2245 1668 2276 omnia
1684 2245 1779 2276 colli-

324 2308 429 2337 gere:
462 2299 538 2329 Ter.
559 2298 697 2328 Pliorm.
722 2299 732 2315 ⁶
749 2297 889 2337 Aliquid
910 2305 1160 2334 convasassem,
1178 2300 1280 2335 atque
1303 2292 1381 2322 hinc
1407 2299 1460 2321 me
1487 2298 1549 2328 ego
1571 2288 1779 2328 conjicerem

326 2341 480 2380 protinus
507 2341 540 2371 in
568 2341 697 2380 pedes.’
740 2339 887 2371 Mirifice
910 2349 990 2370 vero
1012 2337 1145 2368 ‘furto.’
1189 2337 1269 2368 Duo
1286 2339 1416 2366 tantum
1439 2342 1457 2363 e
1480 2331 1605 2362 nostris
1617 2339 1779 2362 convocas·

324 2393 407 2414 sem:
439 2384 548 2414 ceteri
575 2383 730 2423 plerique
758 2382 984 2417 com-asissem
1019 2386 1102 2419 tres,
1116 2389 1200 2410 unus
1220 2376 1443 2411 Academicus
1460 2378 1497 2405 et
1513 2374 1578 2404 duo
1592 2372 1780 2413 Meafflani,

323 2427 534 2457 conrasissem.
580 2427 687 2457 Recte
703 2427 801 2463 istuc,
814 2425 945 2464 Aliquid
958 2425 1168 2462 conrasissem,
1180 2426 1272 2462 atque
1283 2421 1355 2452 hinc
1369 2429 1416 2450 me
1429 2416 1607 2455 conjicerem
1619 2415 1779 2456 protinam

323 2469 357 2498 in
379 2470 481 2508 pedes.
526 2469 688 2499 Ceterum
714 2473 798 2499 nota
823 2467 905 2497 illud
934 2467 1040 2505 Festi,
1062 2468 1071 2483 ‘
1087 2466 1263 2497 Protinam
1288 2462 1467 2502 conjiciam
1479 2459 1500 2499 ;'
1524 2463 1562 2490 ut
1584 2459 1618 2489 in
1642 2457 1776 2489 duobus

324 2512 462 2549 nostris,
486 2512 495 2528 ‘
514 2511 675 2542 Protinus
691 2510 897 2551 conjicerem
911 2512 931 2548 ;’
954 2515 988 2540 et
1006 2510 1081 2547 lege
1098 2509 1244 2539 numeris
1259 2504 1468 2542 melioribus,
1483 2501 1615 2541 Aliquid
1626 2501 1778 2531 conrasis-

325 2564 411 2584 sem:
433 2557 525 2593 atque
539 2555 610 2585 hinc
626 2564 671 2584 me
686 2555 844 2593 protinam
858 2553 1039 2592 conjicerem
1053 2554 1085 2582 in
1097 2552 1199 2593 pedes.
1222 2550 1324 2580 Bent.
1371 2545 1586 2577 Caucasissem
1601 2543 1661 2574 ΒΓ.
1706 2543 1778 2574 Ali-

322 2597 397 2635 quid
413 2597 788 2637 conrasissem..,protinus
802 2596 981 2634 conjicerem
998 2595 1097 2626 Both.
1141 2595 1237 2624 Bene
1254 2591 1432 2622 Bentleius
1449 2591 1590 2619 revocat
1607 2586 1779 2625 protinam,

323 2638 415 2678 quod
435 2644 567 2669 veteres
585 2639 795 2679 grammatici
808 2639 840 2669 iu
853 2641 914 2669 hoc
928 2639 1004 2668 loco
1018 2639 1187 2677 legerunt.
1205 2636 1245 2666 R.
1258 2635 1304 2666 D.
1330 2632 1496 2664 Prolinam
1507 2638 1640 2669 quoque
1653 2627 1779 2666 probat

324 2681 404 2720 Bip.
439 2682 652 2712 Coneasissem
669 2682 761 2713 Perl.
797 2682 964 2712 Protinam
975 2680 1151 2711 Mun—14
1167 2679 1224 2709 Sic
1239 2679 1323 2708 Eun.
1336 2685 1385 2707 1v.
1398 2677 1429 2705 4.
1440 2676 1472 2704 6.
1507 2671 1549 2702 G.
1565 2671 1604 2706 Q·
1618 2670 1668 2700 llic
1677 2669 1710 2708 f.
1722 2673 1778 2702 aut

323 2725 403 2762 quod
412 2722 443 2760 f.
454 2727 568 2762 purat?
579 2724 685 2755 West.
711 2725 795 2755 Post
808 2734 941 2754 versum
954 2723 1113 2754 catalect.
1124 2725 1259 2761 oportet
1273 2729 1314 2749 ex
1326 2717 1468 2749 Musicae
1484 2713 1670 2745 rationibus
1686 2713 1778 2744 clau·

325 2766 431 2799 sulam
445 2766 587 2798 Iambic.
600 2776 682 2807 esse,
693 2776 771 2808 non,
784 2772 820 2797 ut
837 2767 909 2798 haec
926 2771 978 2797 est
989 2765 1164 2796 Trochaic.
1208 2764 1299 2804 Lege
1312 2770 1407 2802 erg0,
1420 2758 1593 2794 Quamnam
1605 2754 1778 2796 hicsvgam
