1966 3302
487 250 905 284 HnAUroNrmon.
937 253 1049 286 Ac'r.
1083 255 1116 286 1.
1150 255 1217 285 sc,
1250 256 1300 286 11.
1533 248 1618 290 563

158 346 243 388 cn.
274 344 396 397 Quid
415 349 510 388 tute
532 349 711 388 tecum?
772 347 859 389 CH.
895 348 1079 390 Dicam:
1109 352 1159 390 ut
1192 355 1244 391 ut
1280 354 1386 401 erut,
1417 365 1613 394 mansum

332 418 476 454 tamen
500 415 706 467 oportuit.

158 481 370 523 Fortasse
391 481 667 534 aliquantum
695 482 889 535 iniquior
918 488 1012 524 erat
1041 488 1202 537 praeter
1224 485 1319 539 ejus
1340 486 1580 528 lubidinem
1601 503 1611 529 :

155 548 411 600 Pateretur3
442 561 542 590 nam
564 563 695 603 quem
715 550 856 600 ferret,
892 551 930 591 si
952 556 1173 605 parentem
1194 565 1280 594 non
1304 554 1430 596 ferret
1451 557 1610 596 suum?

155 615 392 658 Hunccine
426 620 518 657 erat
554 629 731 670 aequum
761 631 821 659 ex
851 618 972 659 illius
1002 632 1137 670 more,
1169 633 1223 661 an
1253 621 1375 663 illum
1401 635 1459 663 ex
1480 622 1612 676 hujus

328 683 475 725 vivere
490 684 508 724 ‘2

152 750 210 793 Et
230 750 351 805 quod
371 751 494 792 illum
517 751 744 794 insimulat
762 752 932 804 durum,
953 753 999 794 id
1018 766 1106 795 non
1127 759 1197 797 est
1215 766 1225 795 z
1255 768 1355 797 nam
1377 762 1612 810 parentum

322 819 498 873 injuriae
1554 827 1611 869 30

152 886 419 929 Uniusmodi
441 889 539 927 sunt
557 886 716 929 ferme:
749 888 887 942 paulo
908 889 983 942 qui
1011 893 1080 931 est
1105 889 1235 930 homo
1262 891 1522 935 tolerabilis.

150 954 350 997 Scortari
371 955 523 997 crebro
545 954 720 1008 nolunt;
752 955 904 997 nolunt
925 957 1076 998 crebro
1100 958 1376 1000 convivarier
1394 973 1404 1001 ε

147 1109 225 1140 dicis
239 1110 323 1150 apud
338 1113 389 1141 te?
433 1110 502 1142 CH.
526 1109 661 1141 Dicam:
685 1113 848 1152 utcumque
864 1121 912 1142 res
933 1115 1011 1150 erat,
1024 1112 1182 1152 oportebat
1185 1112 1294 1154 filium
1310 1113 1391 1144 domi
1405 1123 1538 1153 manere,
1552 1123 1607 1144 nee

143 1156 263 1192 patrem
278 1154 426 1184 deserere.
472 1153 619 1184 Fortasse
631 1156 722 1194 pater
733 1158 798 1185 erat
814 1154 973 1195 aliquanto
986 1155 1122 1186 severior
1132 1159 1240 1187 contra
1255 1156 1414 1197 effraeuem
1420 1157 1490 1198 filii
1505 1158 1611 1197 volup-

146 1198 242 1226 tatem
252 1207 263 1226 .-
285 1199 318 1226 at
334 1196 386 1226 ille
398 1197 466 1236 pati
480 1196 605 1227 debebat
617 1206 627 1226 .·
650 1206 736 1237 quem
749 1198 830 1228 enim
851 1197 947 1228 alium
962 1200 1120 1238 toleraret,
1133 1199 1161 1229 si
1176 1202 1297 1238 patrem
1311 1210 1399 1230 suum
1415 1209 1474 1230 non
1485 1203 1609 1240 patere-

146 1241 217 1269 tur?
242 1238 357 1269 Utrum
377 1239 494 1269 rationi
516 1243 752 1270 consentaneum
777 1243 855 1279 erat,
879 1241 959 1271 hunc
977 1244 1099 1281 patrem
1118 1241 1221 1272 tii-ere
1245 1252 1285 1272 ex
1307 1243 1437 1273 arbitrio
1451 1243 1542 1283 filii?
1565 1253 1605 1273 an

144 1280 337 1322 hancfilium
351 1291 390 1312 ex
412 1283 568 1313 voluntate
589 1282 711 1322 patris?
733 1285 775 1321 et,
798 1283 879 1323 quod
906 1284 1011 1314 Clinia
1034 1287 1156 1315 accusat
1179 1288 1301 1325 patrem
1326 1286 1550 1324 Menedemum,
1571 1289 1607 1316 ue

143 1333 285 1363 asperum
300 1327 331 1355 et
346 1334 519 1361 morosum;
542 1325 575 1355 id
597 1328 716 1356 nonest
732 1335 858 1362 1·erum;
880 1336 952 1356 num
962 1327 1224 1367 pareniwnfacta
1247 1338 1355 1368 aspera
1378 1332 1409 1359 et
1428 1328 1552 1367 injurioe
1573 1328 1606 1358 in

133 1365 225 1407 filios
238 1370 310 1397 sunt
323 1367 416 1398 unius
429 1368 502 1406 sere
515 1367 650 1407 generis,
664 1377 719 1398 uec
732 1368 897 1399 dissimilia
907 1380 917 1400 :
942 1379 1047 1400 rerum
1063 1371 1147 1400 inter
1160 1370 1228 1401 ilios
1242 1372 1293 1410 qui
1308 1372 1458 1411 aequiores
1472 1375 1557 1410 sunt,
1575 1375 1604 1402 et

142 1409 194 1448 qui
210 1409 343 1447 facilius
366 1410 494 1441 tolerari
516 1414 662 1450 possunt:
682 1410 772 1452 filios
801 1412 923 1451 quidem
942 1413 1130 1452 permittunt
1151 1418 1255 1443 scorta
1274 1414 1387 1450 visere,
1410 1418 1440 1445 et
1465 1415 1606 1445 convicia

141 1451 224 1483 inire
233 1463 247 1490 ;
267 1453 320 1484 sed
341 1462 401 1484 non
421 1453 533 1495 saepius
555 1456 584 1485 et
597 1453 783 1494 frequenter
798 1454 877 1496 fieri
900 1464 935 1485 ea
947 1456 1157 1496 permittunt.-
1177 1466 1272 1497 parce
1294 1457 1447 1498 impensas
1462 1458 1606 1499 suppedi-

754 1561 973 1574 eeemveo‘
978 1563 993 1574 ο

140 1646 221 1667 eum.
243 1636 368 1668 Boend.
384 1640 419 1667 ut
434 1639 469 1667 ut
483 1639 549 1668 erat
564 1640 753 1678 pawn—27
769 1638 855 1671 Haec
873 1650 948 1671 cum
964 1639 1184 1672 Latinissime
1198 1641 1267 1672 sint
1284 1640 1388 1681 dicta,
1405 1642 1521 1672 nescio
1539 1650 1603 1682 qna

140 1678 285 1710 andacia
308 1680 393 1720 legit
411 1680 501 1720 Guy.
528 1680 675 1712 Fortasse
690 1682 849 1722 aliquanto
864 1683 1002 1724 iniquior
1017 1686 1086 1715 erat
1114 1687 1220 1724 pater:
1244 1684 1310 1723 ejus
1326 1685 1495 1716 lubidinem
1516 1688 1603 1724 pate-

138 1724 247 1753 retur?
294 1721 442 1756 Quidam
473 1722 618 1754 Codices
647 1725 734 1756 Mss.
764 1730 800 1757 et
830 1726 1009 1767 impressi:
1041 1731 1171 1767 propter
1197 1727 1265 1766 ejus
1293 1727 1469 1760 lubidinem.
1495 1728 1603 1759 West.

139 1765 148 1782 ‘
167 1765 288 1796 Nostri
314 1775 430 1797 omnes
455 1765 618 1805 aliquanto
646 1767 699 1798 vei
727 1769 915 1809 aliquando.-
939 1769 999 1800 sed
1025 1774 1120 1801 recte
1151 1770 1366 1810 aliquantum!
1391 1771 1494 1802 Bent.
1541 1770 1601 1802 Br.

138 1807 242 1839 Both.
258 1811 293 1839 et
309 1808 387 1848 Bip.
405 1808 488 1839 dant
502 1808 760 1848 aliquanta—28
783 1812 906 1843 Boend.
930 1823 990 1844 uon
1005 1811 1176 1850 fert.—30
1199 1813 1321 1844 Bembi
1344 1813 1468 1852 codex,
1493 1812 1520 1844 si
1537 1813 1602 1853 ipsi

138 1849 238 1888 fides,
261 1851 447 1882 insimulant
483 1851 615 1883 habuit.
672 1854 794 1885 Recte.
828 1855 928 1887 Beni.
974 1855 1106 1887 Probat
1132 1865 1269 1896 quoque
1297 1856 1390 1887 PerL
1418 1861 1453 1887 et
1478 1856 1602 1896 Bm·—

137 1895 178 1924 31
202 1893 291 1934 Guy.
310 1895 409 1935 legit,
429 1893 639 1933 Huiusmodi.-
656 1897 745 1936 quod
763 1897 881 1929 itidem
900 1898 933 1928 in
950 1898 1037 1930 Mss.
1053 1898 1253 1940 quibusdam
1274 1899 1407 1939 reperi:
1433 1904 1469 1930 et
1484 1900 1602 1930 laudat

138 1935 308 1967 Canterus
325 1947 366 1968 ex
384 1937 462 1969 cod.
479 1938 631 1978 antiquo.
659 1940 757 1970 West.
804 1941 813 1958 ‘
835 1940 1034 1979 Hujusmodi.
1077 1941 1134 1972 Sic
1159 1941 1201 1980 B,
1231 1941 1311 1973 Hel.
1338 1941 1427 1981 qnod
1455 1946 1601 1982 praestat

137 1978 295 2020 ambiguo
314 1979 497 2011 Uniusmodi
523 1982 760 2022 vulgatarum.’
784 1983 883 2015 Both.
930 1984 988 2016 Br.
1009 1984 1108 2015 Unius
1123 1984 1303 2015 ’Μή-32
1326 1985 1376 2015 M.
1405 1994 1467 2025 pro
1491 1985 1600 2015 nolunt

138 2021 279 2053 exhibet
303 2033 364 2054 uon
390 2025 470 2054 vult.
515 2023 562 2055 Et
586 2034 676 2061 mox,
694 2026 842 2057 Proebet:
876 2026 1046 2068 quomodo
1074 2032 1110 2058 et
1136 2026 1220 2067 Arg.
1248 2027 1346 2067 legit,
1373 2033 1408 2058 et
1436 2028 1503 2059 ET.
1532 2027 1601 2059 Ms.

137 2064 232 2106 Lips.
248 2075 316 2097 non
344 2065 499 2107 agnoscit
523 2068 667 2099 alterum
683 2070 804 2109 nolunt,
820 2069 868 2100 uti
893 2079 1004 2112 neque
1032 2070 1107 2102 EP.
1136 2070 1236 2102 West.
1282 2070 1425 2102 Scortari
1445 2080 1505 2102 non
1523 2070 1602 2110 vult,

793 2175 934 2208 NOTAE

139 2247 240 2281 filius.
898 2255 951 2283 ret
978 2251 1154 2284 libidinem
1182 2253 1255 2285 sine
1281 2253 1420 2285 crimine
1447 2261 1600 2294 compes-

178 2302 219 2330 30
232 2299 403 2331 Parentum
418 2300 542 2340 injuriae
558 2300 741 2332 Uniusmodi
752 2301 841 2341 sunt]
896 2303 1038 2334 cendam
1055 2313 1150 2336 esse:
1169 2308 1203 2335 at
1220 2309 1342 2345 postea
1352 2314 1428 2336 cum
1441 2303 1599 2346 frequen-

134 2350 175 2381 Id
187 2350 251 2382 sibi
268 2351 354 2391 vult,
370 2358 484 2392 patres
497 2351 600 2383 duros
613 2352 703 2383 inter
719 2362 755 2383 se
769 2362 838 2383 om-
895 2353 962 2384 tius
986 2363 1063 2385 eum
1084 2364 1126 2385 ex
1152 2355 1271 2386 eodem
1293 2355 1448 2396 lupanari
1472 2364 1600 2386 exeun-

133 2410 194 2433 nes
210 2401 338 2433 similes
354 2412 439 2442 esse,
455 2412 573 2443 aspere
589 2412 752 2435 exercere
776 2404 836 2434 im-
893 2406 964 2434 tem
986 2403 1204 2445 advertisset,
1226 2404 1449 2445 Adolescens,
1474 2404 1598 2446 inquit,

133 2451 265 2492 perium
279 2452 314 2483 in
329 2451 466 2492 liberm,
482 2457 585 2494 atque
602 2454 716 2484 omnia
733 2454 836 2485 animi
892 2463 956 2494 ego
978 2459 1012 2485 te
1037 2455 1188 2495 laudavi,
1214 2455 1305 2497 quod
1331 2455 1502 2486 interdum
1532 2456 1597 2487 huc

132 2502 328 2534 laxamenta
340 2503 534 2543 prohibere.
579 2502 629 2535 At
646 2509 758 2544 pater,
778 2505 836 2546 qui
892 2504 1037 2544 venires,
1049 2514 1117 2536 non
1134 2505 1224 2546 quod
1241 2506 1295 2536 hic
1312 2506 1500 2537 habitares.
1540 2506 1598 2537 ln-

131 2553 234 2593 paulo
251 2553 380 2594 aequior
396 2559 430 2585 et
450 2553 658 2585 tolerabilior
685 2560 748 2595 est,
775 2555 836 2585 ali·
892 2558 946 2585 ter
962 2555 1125 2586 Ethnicos
1149 2556 1389 2597 sapientissimi
1410 2566 1476 2587 non
1499 2561 1597 2597 puta-

133 2612 203 2642 que
217 2612 296 2634 sane
310 2604 453 2644 patitur,
464 2603 522 2634 sed
540 2613 606 2634 non
622 2604 741 2636 crebro
752 2604 835 2636 fieri.
892 2605 975 2637 bant
993 2615 1149 2646 peccare,
1165 2607 1222 2648 qui
1239 2605 1383 2637 foeminis
1397 2607 1438 2638 ad
1455 2607 1519 2638 hoc
1540 2616 1598 2638 ve-

133 2653 391 2685 Commentator
404 2654 542 2686 Horatii
561 2654 675 2686 Satira
686 2657 718 2687 2.
735 2655 794 2687 lib.
809 2664 834 2688 1.
891 2656 1025 2688 nalibus
1045 2662 1236 2695 uterentur,
1253 2662 1291 2688 ut
1308 2662 1454 2698 apparet
1473 2666 1514 2688 ex
1533 2665 1597 2690 xv-

133 2701 241 2735 refert
253 2703 419 2735 Catonem
448 2705 663 2746 Censorium,
686 2716 762 2737 cnm
786 2707 835 2738 vi·
892 2715 969 2747 cap.
992 2707 1143 2739 Actnum
1160 2707 1426 2748 Apostolorum:
1452 2708 1510 2739 sed
1540 2718 1595 2739 eo-

133 2752 238 2784 disset
253 2753 422 2785 hominem
445 2753 626 2786 honestum
642 2765 684 2786 ex
701 2754 834 2788 fornice
891 2757 968 2788 dem
985 2758 1099 2800 capite
1117 2759 1222 2790 omnis
1240 2757 1422 2791 fornicatio
1440 2758 1595 2800 prohibe-

132 2807 329 2845 exeuntem,
352 2803 522 2845 laudasse,
553 2815 630 2838 cum
658 2806 834 2839 existima·
890 2813 956 2840 tur.
