1966 3302
269 212 354 253 730
769 222 808 251 P.
841 221 1082 251 TERENTH
1115 221 1231 251 Anni

270 315 494 358 Numnam
515 314 606 364 illa,
629 326 800 367 quaeso,
827 315 1042 368 parturit?
1103 314 1194 355 GE.
1227 313 1371 366 Certe,
1398 314 1560 368 Hegio.
1621 314 1717 356 ΗΕ.

445 382 589 423 Hem!

270 451 396 492 Illaec
416 450 547 490 fidem
568 461 682 488 nunc
705 452 897 488 vostram
917 448 1143 501 implorat,
1165 449 1357 490 Demea:

272 518 403 569 Quod
423 530 505 558 vos
519 518 593 571 jus
616 517 746 569 cogit,
767 517 812 557 id
834 517 1054 557 voluntate
1075 517 1294 570 impetret.

271 586 390 627 Haec
413 585 599 639 primum
619 590 670 624 ut
690 584 811 632 fiant,
836 585 954 626 Deos
977 598 1145 638 quaeso,
1176 589 1221 625 ut
1241 585 1371 625 vobis
1392 584 1548 626 decet:
1663 584 1720 625 45

271 651 351 691 Sin
372 652 495 692 aliter
516 651 688 692 animus
710 656 860 693 voster
879 656 959 702 est,
982 665 1080 705 ego,
1103 652 1286 701 Demea,

271 719 454 760 Summa
474 720 515 760 vi
536 719 770 760 defendam
790 719 918 769 hane,
950 723 1082 773 atque
1102 719 1226 760 illum
1247 722 1482 759 mortuum.

270 787 386 828 Mihi
408 791 617 840 cognatus
638 791 754 828 erat:
786 801 872 827 una
894 801 920 828 a
937 789 1087 840 pueris
1110 788 1308 843 P-QI'XOES

272 855 436 896 Sumus
457 855 635 913 educati
653 869 664 906 ;
694 868 780 896 una
802 868 975 909 semper
996 855 1162 896 militiae
1186 858 1231 895 et
1251 855 1370 896 domi

274 911 813 977 Fuimusspaupertatem
835 936 922 962 una
943 922 1203 976 pertulimus
1226 932 1411 974 gravem.
1426 905 1470 969 ’ἶ
1665 922 1722 962 50

274 991 558 1045 Quapropter
579 991 730 1039 enitar,
750 990 928 1038 faciam,
952 989 1180 1043 experiar:
1213 989 1396 1042 denique

271 1059 476 1100 Animam
498 1059 743 1112 relinquam
762 1059 928 1112 potius,
951 1071 1084 1111 quam
1104 1058 1206 1098 illas
1229 1057 1440 1098 deseram.

274 1128 394 1179 Quid
417 1128 521 1169 mihi
541 1127 812 1182 respondes?
874 1127 965 1168 DE.
999 1125 1194 1167 Fratrem
1217 1125 1488 1176 conveniam,
1511 1123 1687 1177 Hegio:

274 1259 385 1289 quaeso,
400 1248 432 1279 z‘n
447 1248 594 1288 pariendo
610 1248 727 1279 laborat
738 1247 754 1279 11
799 1247 866 1279 GE.
892 1246 945 1278 Sic
960 1258 1033 1278 sane
1049 1250 1106 1284 est,
1124 1246 1240 1286 Hegio.
1286 1247 1355 1278 ΗΕ.
1381 1246 1487 1278 Hem!
1502 1246 1558 1278 illa
1572 1246 1728 1278 auxilium

272 1296 409 1323 vestram
423 1293 547 1330 plorans
561 1292 696 1331 invocat,
714 1292 831 1322 Demea
844 1302 854 1322 .·
877 1293 957 1331 quod
975 1291 1050 1329 jure
1065 1291 1191 1329 exigere
1204 1294 1318 1330 potest,
1335 1301 1353 1320 a
1369 1290 1542 1321 volentibus
1557 1290 1591 1320 id
1607 1292 1726 1320 exoret.

274 1335 357 1365 Haec
368 1337 503 1375 primum
521 1336 603 1366 Deos
617 1345 724 1375 precor
738 1338 771 1365 ut
791 1333 937 1372 saciati8‚
960 1335 1210 1374 quemadmodum
1226 1344 1277 1364 ros
1292 1334 1375 1364 decet
1389 1344 1398 1363 .-
1421 1333 1469 1363 sin
1483 1334 1576 1364 aliter
1598 1331 1729 1363 animati

273 1378 361 1418 estis,
383 1388 500 1408 summo
515 1381 626 1408 conata
640 1388 706 1408 eam
721 1377 934 1417 propagnabm
950 1381 1040 1417 alque
1055 1377 1142 1407 illam
1156 1383 1274 1417 patrem
1290 1376 1356 1414 ejus
1371 1376 1559 1414 delimatam.
1605 1375 1638 1405 Is
1653 1374 1728 1405 mihi

273 1421 456 1459 cognatione
471 1421 650 1460 conjunctus
664 1425 743 1458 erat,
771 1430 831 1450 una
846 1430 864 1450 a
877 1420 981 1460 pueris
997 1420 1119 1450 educati
1133 1430 1247 1453 sumas,
1263 1429 1324 1449 una
1338 1428 1455 1459 semper
1470 1419 1501 1449 in
1518 1419 1593 1449 bello
1610 1421 1641 1448 et
1654 1427 1729 1458 pace

273 1464 349 1494 socii
358 1464 492 1502 fuimus,
515 1464 649 1503 inopiam
668 1473 728 1493 ana
740 1465 876 1504 perpessi
892 1472 1006 1501 summ,
1028 1472 1183 1493 onerosam
1199 1464 1298 1500 valde,
1320 1465 1349 1492 et
1364 1462 1522 1492 acerbam.-
1545 1465 1729 1501 quapropter

273 1509 465 1547 contendam,
488 1506 643 1542 laborabo,
666 1506 790 1536 tentabo
817 1506 929 1540 omnia,
952 1506 1080 1545 denique
1106 1506 1204 1536 vitam
1229 1505 1331 1544 potius
1354 1505 1508 1544 amittam,
1540 1514 1631 1544 quam
1656 1504 1730 1534 illas

273 1549 448 1587 indcfensas
459 1551 539 1580 solas
555 1550 737 1590 relinquam.
765 1549 849 1584 Quid
865 1548 1002 1589 responsi
1018 1548 1094 1578 mihi
1107 1550 1184 1579 das?
1207 1549 1276 1580 DE.
1297 1548 1439 1579 Fratrem
1451 1557 1550 1578 meum
1564 1546 1729 1577 Micionem

885 1645 1117 1660 eeeeeeeeeeee

276 1711 392 1745 Guelf.
411 1715 440 1743 1.
466 1711 684 1750 deferam—42
708 1710 788 1741 Vet.
806 1710 881 1742 cod.
901 1720 956 1751 ap.
976 1710 1073 1741 Lind.
1103 1711 1194 1740 Certe
1218 1708 1455 1749 parturit.—-44
1480 1708 1531 1738 Ex
1558 1707 1730 1748 scriptura

276 1756 361 1786 Mss.
379 1756 435 1785 vix
452 1755 683 1785 internoscere
703 1763 818 1794 queas,
829 1753 884 1792 jas
907 1753 1084 1794 scripserit
1101 1753 1223 1790 Poeta,
1247 1762 1287 1782 an
1303 1752 1362 1791 vis,
1387 1751 1429 1782 ob
1453 1751 1609 1791 exiguam
1633 1749 1730 1782 diffe-

277 1799 434 1829 rentiam.
479 1799 523 1828 Et
548 1798 655 1836 possit
681 1797 745 1827 Do.
764 1797 870 1827 videri
895 1797 1017 1836 legisse
1035 1797 1091 1835 ris,
1110 1796 1188 1837 quia
1213 1795 1503 1835 interpretaturus
1530 1793 1650 1832 (11011,ι
1668 1794 1730 1824 Vis

275 1842 380 1881 igitur
395 1842 504 1879 legum
523 1839 750 1878 intelligitur!
797 1840 917 1880 Neque
934 1840 1021 1870 enim
1038 1840 1110 1879 ‘jus
1137 1840 1248 1878 legum
1262 1837 1270 1851 ²
1285 1837 1462 1868 commode
1479 1836 1616 1867 dicitur.
1661 1836 1730 1867 Sed

276 1890 313 1916 et
345 1889 490 1915 testatur
507 1883 646 1914 Gabriel
670 1882 833 1921 Faernus,
850 1883 882 1912 in
906 1882 990 1913 (lod.
1020 1883 1117 1914 Bem.
1134 1882 1318 1920 ascriptum
1341 1879 1458 1919 fuisse,
1474 1880 1482 1896 ‘
1498 1879 1569 1916 Vis,
1585 1879 1728 1910 necessi-

278 1932 331 1958 tas
359 1926 492 1966 legum!
536 1927 571 1956 Si
589 1935 666 1955 vero
683 1925 740 1963 jas
761 1927 897 1965 scripsit
926 1925 1120 1962 Terentius,
1144 1924 1346 1964 intelligitur
1370 1923 1420 1954 vis
1442 1923 1602 1963 jusiitiae.
1631 1921 1730 1954 West.

279 1971 319 2001 Id
348 1971 513 2001 voluntate.
540 1969 630 2008 Guy.
657 1979 674 1998 e
703 1969 808 1998 tribus
840 1969 922 1999 Mss.
949 1967 986 1998 τὸ
1015 1971 1049 1998 ut
1079 1968 1216 2005 inserit3
1239 1966 1326 2008 quod
1357 1971 1393 1997 et
1419 1965 1497 1996 1111111
1530 1970 1729 2005 repertum:

279 2013 415 2054 quando
432 2013 610 2052 legendum
630 2021 638 2041 :
661 2011 693 2041 ia
710 2014 742 2042 at
757 2021 788 2042 υ.
801 2011 827 2042 .i.
857 2011 966 2042 Idem.
994 2010 1184 2049 Utrumjus
1200 2019 1241 2040 an
1257 2010 1304 2040 vis
1320 2008 1484 2048 scriptum
1496 2006 1611 2043 fuerit,
1628 2008 1662 2039 in
1676 2017 1731 2038 ve-

277 2056 472 2087 tustissimis
500 2054 705 2085 membranis
724 2054 778 2084 vix
805 2055 911 2094 possis
938 2054 1158 2090 dignoscere:
1185 2053 1231 2083 vz's
1248 2057 1360 2083 tamen
1383 2052 1437 2082 hic
1466 2051 1669 2091 legendum3
1694 2056 1732 2082 ut

277 2109 321 2130 ex
338 2098 480 2139 obliquis
497 2097 642 2134 casibus,
659 2096 715 2127 ubi
731 2106 853 2136 magna
869 2096 1061 2127 differentia
1078 2101 1140 2135 est,
1154 2094 1256 2126 facile
1278 2094 1412 2135 probes.
1438 2094 1534 2126 Bent.
1575 2094 1632 2125 Vis
1648 2093 1732 2125 dant

277 2142 336 2172 ΒΓ.
353 2142 390 2173 Z.
408 2142 502 2172 Perl.
519 2146 553 2170 et
571 2139 693 2180 probat
714 2139 893 2171 Ruhnken.
913 2140 975 2170 Jas
991 2139 1181 2170 defendunt
1194 2138 1384 2177 Both.Bip.
1418 2137 1460 2168 Ut
1477 2140 1555 2177 post
1570 2137 1602 2167 id
1613 2136 1732 2168 Guelf.

277 2187 397 2215 2.-45
423 2184 465 2216 G.
482 2187 516 2214 ut
533 2192 584 2213 nos
606 2184 702 2214 decet.
741 2183 780 2214 R.
810 2186 844 2213 ut
869 2193 922 2213 vos
940 2184 1120 2213 decet.—47
1146 2181 1201 2213 ΑΙ.
1217 2181 1294 2212 hanc
1317 2179 1489 2217 defendam.
1523 2180 1622 2210 Beni.
1647 2179 1733 2220 legit

277 2228 439 2265 dedendam
461 2227 614 2257 has-48
643 2226 711 2256 Una
726 2236 744 2255 a
762 2225 868 2265 pueris
885 2226 1020 2265 parvolis
1036 2225 1151 2257 Samus
1173 2224 1305 2255 educati.
1352 2221 1516 2254 Defendit
1542 2222 1628 2253 hanc
1650 2222 1731 2254 lect.

278 2271 339 2301 Fa.
356 2280 397 2300 ex
420 2270 516 2300 Beni.
545 2273 580 2299 et
603 2269 684 2300 MSS.
711 2268 801 2305 aliis,
824 2267 966 2308 addens,
992 2269 1023 2298 in
1051 2269 1143 2299 nullo
1168 2268 1234 2299 Ms.
1261 2266 1342 2306 legi,
1369 2267 1486 2296 educti.
1530 2265 1598 2296 Sed
1627 2269 1663 2296 et
1690 2266 1731 2296 R.

278 2314 475 2353 Stephanus
503 2311 612 2342 edidit
635 2311 769 2350 educati,
784 2316 818 2341 et
843 2311 968 2341 dudum
994 2316 1073 2342 ante
1099 2320 1173 2342 eum
1201 2310 1269 2342 alii.
1306 2311 1315 2327 ‘
1333 2307 1512 2339 Educere'
1531 2312 1645 2338 tamen
1671 2308 1732 2339 Te-

279 2357 389 2387 rentio
407 2355 633 2394 fi·equentiuS‚
660 2363 761 2395 quam
779 2357 786 2371 ‘
805 2353 973 2384 educare!
1012 2354 1052 2385 In
1070 2354 1134 2384 Ms-
1159 2353 1249 2393 Lips.
1267 2356 1320 2383 est
1336 2361 1460 2391 apuero
1471 2351 1603 2391 parvoli.
1628 2350 1733 2383 West.

284 2399 356 2430 Una
371 2409 389 2429 a
411 2399 514 2438 pueris
534 2397 664 2436 pari-oli.
706 2396 807 2427 Liber
830 2397 1029 2436 Bembinas,
1044 2396 1199 2437 parvolis.-
1223 2394 1306 2426 alios
1324 2403 1459 2434 quoque
1482 2393 1584 2424 libros
1601 2392 1681 2430 vidi,
1698 2394 1732 2424 111

280 2442 401 2483 quibus
424 2441 514 2481 prius
545 2441 592 2470 ita
608 2444 692 2477 erat,
710 2439 770 2469 sed
800 2439 923 2470 deinde
950 2449 991 2470 ex
1009 2450 1049 2470 ea
1066 2449 1147 2470 voce
1171 2449 1186 2468 s
1211 2439 1368 2469 abrasum
1392 2436 1469 2467 fuit.
1496 2436 1555 2467 Fa.
1588 2437 1672 2467 Tres
1689 2446 1732 2467 ex

279 2485 403 2515 nostris
428 2483 590 2523 praecipui
617 2482 774 2521 parvolis:
799 2483 905 2513 ceteri
934 2482 1051 2522 inepte
1076 2482 1209 2522 pari-ali.
1256 2479 1431 2513 Quomodo
1462 2480 1550 2510 enim
1576 2488 1594 2509 a
1621 2479 1734 2519 pueris

281 2527 413 2568 parvuli
431 2525 632 2563 educamur,
649 2535 724 2555 cum
744 2525 875 2564 parvuli
892 2525 994 2556 etiam
1017 2525 1128 2565 pueris
1146 2528 1224 2555 natu
1251 2524 1316 2554 sint
1336 2522 1504 2553 minores?
1529 2522 1625 2552 Bent.
1651 2522 1734 2552 Erat

281 2570 381 2601 abest
397 2568 512 2600 Guelt'.
530 2570 560 2598 1.
579 2567 704 2597 Parvola⁴
727 2568 786 2598 dat
809 2567 1026 2608 Dema-49
1049 2567 1161 2598 Samus
1187 2567 1322 2607 educati]
1345 2566 1414 2596 Vix
1437 2570 1526 2595 stare
1549 2564 1602 2595 hic
1619 2573 1734 2595 versus

280 2617 408 2654 potest,
430 2612 492 2642 nisi
516 2611 621 2649 legas,
635 2610 756 2640 educti:
779 2610 869 2650 quod
899 2616 1010 2641 tamen
1028 2610 1060 2641 in
1086 2611 1178 2641 nullo
1195 2610 1216 2640 l.
1234 2620 1259 2639 s.
1277 2614 1342 2639 est.
1366 2609 1426 2639 Fa.
1466 2607 1582 2638 Nostri
1600 2616 1734 2647 quoque

280 2655 414 2686 educati.
462 2653 529 2685 Sed
547 2653 648 2683 miror
666 2652 830 2683 Fam-num
850 2653 923 2693 plus
941 2653 1116 2691 Librariis,
1134 2662 1231 2690 quam
1246 2661 1361 2682 versus
1379 2649 1444 2689 legi
1461 2654 1495 2680 et
1511 2649 1573 2688 ipsi
1591 2648 1736 2680 Auctor-i

283 2698 457 2735 tribuisse,
478 2697 534 2736 qui
562 2695 642 2725 illud
658 2704 721 2724 uon
740 2695 772 2724 in
791 2700 922 2726 textum
937 2696 1107 2727 asciverit.
1132 2696 1227 2726 Bent.
1264 2694 1379 2725 Educti
1394 2692 1494 2723 Both.
1513 2692 1587 2732 Bip.
1605 2692 1732 2732 Delph.

281 2744 365 2771 —51
391 2740 521 2770 Omnes
545 2737 624 2768 edd.
645 2745 749 2776 penes
775 2747 834 2768 uos
850 2739 946 2770 nitar.
985 2738 1101 2770 Guelt'.
1117 2741 1148 2770 3.
1171 2738 1279 2768 deinde
1303 2746 1369 2769 non
1389 2736 1614 2775 denique.-—52
1639 2733 1733 2765 Alias

283 2783 378 2815 illam.
404 2782 560 2814 Ε1·.-53.
577 2783 618 2814 54
643 2779 745 2811 Hune
769 2789 898 2813 versum
921 2790 964 2813 ex
988 2781 1206 2821 Phormione,
1225 2789 1264 2811 11.
1282 2781 1314 2812 4.
1330 2782 1381 2811 21.
1404 2778 1468 2810 huc
1484 2779 1643 2811 insertum
1661 2777 1734 2819 qui-
