1966 3302
526 225 836 257 PHORMIONIS
871 225 979 255 ACT.
1013 224 1043 253 1.
1076 223 1147 254 SC.
1182 223 1254 253 111.
1532 214 1616 256 931

166 323 288 375 Quid
309 335 391 376 ego
411 334 468 363 ex
486 320 571 363 hac
593 321 745 375 inopia
776 334 893 361 nunc
930 320 1122 374 capiam,
1158 318 1329 373 etquid
1361 321 1409 359 tu
1441 331 1499 360 ex
1533 319 1617 361 hac

333 390 497 444 copia:
1560 386 1618 427 15

163 456 227 498 Ue
241 470 295 498 ne
315 457 488 508 addam,
511 455 631 510 quod
666 454 760 495 sine
797 457 943 495 sumtu
980 454 1226 507 ingenuam,
1257 453 1483 495 liberalem
1510 466 1616 496 nac-

334 527 408 564 tus
429 534 505 574 es;

164 589 295 640 Quod
329 590 482 640 habes,
521 589 589 630 ita
626 591 676 629 ut
715 587 914 638 voluisti,
952 600 1140 629 uxorem
1179 587 1274 629 sine
1311 587 1431 630 mala
1469 589 1616 641 fama3

331 657 483 710 palam

161 723 353 776 Beatu53
397 725 444 765 ni
476 736 614 765 unum
648 723 732 764 hoc
763 722 893 772 desit,
925 722 1100 764 animus
1134 723 1212 776 qui
1249 722 1451 765 modeste
1484 724 1615 766 istaec

332 792 457 834 ferat.

160 856 218 900 Et
249 859 288 900 si
318 858 402 899 tibi
433 871 506 900 res
544 858 601 899 sit
636 871 738 899 cum
772 871 825 899 eo
860 858 1032 908 lenone,
1059 859 1252 912 quocum
1281 857 1390 898 mihi
1420 862 1504 908 est,
1524 862 1616 900 tum

331 925 512 967 sentias.

161 990 232 1033 Ita
251 992 450 1046 plerique
465 992 638 1044 ingenio
659 1005 808 1033 sumus
832 1003 1006 1033 omnes:
1036 991 1170 1033 nostri
1190 996 1365 1033 nosmet
1383 991 1590 1045 poenitet.

159 1057 256 1099 AN.
279 1059 340 1100 At
359 1064 408 1099 tu
431 1059 537 1110 mihi
559 1064 712 1101 contra
732 1072 851 1100 nunc
873 1059 1021 1100 videre
1042 1058 1300 1108 fortunatus,
1323 1058 1546 1109 Phaedria,
1560 1060 1615 1100 21

160 1126 247 1167 Cui
268 1126 323 1168 de
339 1127 508 1181 integro
529 1130 598 1168 est
617 1130 816 1180 potestas
836 1126 971 1168 etiam
993 1124 1254 1166 consulendi
1275 1125 1381 1179 quid
1403 1127 1539 1178 velis;

164 1192 391 1244 Retinere,
431 1206 592 1244 amare,
633 1194 846 1235 amittere.
925 1193 1021 1247 Ego
1056 1193 1103 1234 in
1139 1204 1241 1233 eum
1280 1192 1418 1234 incidi
1456 1192 1617 1234 infelix

330 1261 497 1311 locum,

157 1374 286 1410 scilicet,
302 1375 377 1415 quid
392 1384 448 1414 ego
463 1373 612 1405 molestiae
627 1373 746 1414 capiam
762 1383 802 1404 ex
821 1373 938 1404 amoris
952 1372 1070 1414 inopia,
1085 1381 1154 1403 cum
1168 1375 1204 1403 tu
1210 1371 1348 1411 jucunde
1363 1372 1461 1403 amica
1466 1372 1595 1410 fruaris
1605 1383 1618 1410 ,-

157 1420 193 1448 ut
208 1427 246 1449 ne
261 1418 309 1448 his
324 1418 502 1457 adjungam,
519 1418 597 1457 quod
611 1417 678 1447 sine
700 1417 772 1446 ullis
785 1416 982 1456 pecuniarum
994 1415 1139 1456 impensis
1154 1415 1320 1454 ingenuam
1335 1418 1366 1445 et
1381 1415 1536 1446 liberalem
1551 1415 1616 1446 vir-

155 1460 262 1498 ginem
275 1461 406 1491 sonitus
420 1469 451 1491 es
460 1470 472 1496 ;
495 1460 573 1500 quod
589 1460 724 1497 possides
739 1468 867 1489 uxorem
882 1459 999 1499 qualem
1016 1457 1175 1498 optavisti,
1196 1457 1329 1496 integrae
1354 1457 1596 1489 existimationis
1607 1468 1618 1489 .-

155 1502 285 1542 dem'que
306 1503 429 1534 beatum
451 1506 482 1533 te
501 1501 649 1542 proedico,
671 1501 699 1531 sz'
722 1511 817 1532 unum
839 1502 893 1532 hoc
916 1500 1011 1539 adsit,
1034 1499 1166 1539 animus,
1180 1500 1232 1539 qui
1247 1500 1312 1530 haee
1327 1501 1482 1531 moderate
1497 1500 1614 1539 capiat.

159 1545 249 1580 Quod
263 1545 291 1576 si
309 1555 377 1576 cam
391 1546 496 1576 lenone
511 1545 691 1575 avarissimo
706 1553 770 1575 rem
792 1544 1027 1584 transigendam
1045 1542 1171 1582 habeas,
1186 1545 1222 1573 ut
1244 1552 1313 1582 ego,
1329 1545 1395 1573 tum
1411 1546 1445 1573 tu
1458 1553 1566 1573 revera
1586 1546 1618 1574 te

157 1586 280 1618 beatum
296 1597 360 1618 esse
375 1587 544 1627 intelligas.
594 1587 644 1617 Ita
662 1587 800 1626 plerique
819 1596 920 1618 omnes
935 1597 954 1617 a
967 1589 1081 1617 natura
1088 1584 1174 1623 facti
1188 1594 1311 1616 sumus:
1337 1588 1443 1616 nostra
1456 1586 1529 1623 fere
1544 1595 1616 1616 con-

157 1629 332 1660 temnimus.
378 1628 450 1661 ΑΝ.
472 1629 526 1660 Αη
541 1633 572 1659 te
587 1633 695 1659 contra
701 1629 829 1666 felicem
843 1639 907 1660 esse
920 1630 1009 1669 duco,
1021 1628 1185 1664 Phaedria,
1201 1627 1251 1658 cui
1265 1627 1365 1658 adhuc
1379 1628 1512 1667 integris
1526 1628 1617 1658 rebus

157 1671 229 1703 licet
244 1672 449 1709 considerare,
474 1675 506 1703 et
522 1671 692 1703 deliberare
706 1672 782 1711 quid
797 1671 910 1712 eligas,
931 1672 989 1702 tibi
1003 1680 1153 1711 asserens,
1166 1669 1293 1710 diligas,
1315 1670 1486 1711 relinquas:
1510 1680 1566 1710 ego
1581 1670 1617 1701 in

766 1764 1006 1777 “emm

158 1830 295 1871 quidam
309 1835 346 1862 et
359 1830 443 1862 editi
459 1833 538 1871 post
552 1830 625 1862 ΕΡ.
646 1830 812 1871 depacisci.
856 1830 923 1862 Sed
949 1829 1147 1861 Priscianus
1173 1828 1230 1860 lib.
1253 1837 1338 1860 vm.
1365 1832 1523 1859 numerat
1548 1827 1614 1859 hoc

155 1873 297 1905 verbum
312 1873 347 1904 in
362 1873 414 1912 iis,
435 1883 511 1914 quae
534 1883 554 1904 a
575 1877 720 1904 mutant.
748 1872 851 1904 West.
897 1873 946 1904 Tu
971 1872 1114 1911 conjicito
1140 1875 1254 1903 cetera.
1287 1871 1353 1902 Do.
1397 1871 1407 1887 ‘
1423 1869 1496 1901 Aut
1510 1874 1613 1901 cetera

155 1916 318 1955 abundat,
334 1921 393 1948 aut
408 1916 506 1948 deest
530 1925 599 1956 per,
615 1919 653 1946 ut
675 1916 720 1946 sit
736 1925 792 1955 per
807 1914 931 1946 cetera!
977 1915 1146 1946 Neutrum
1163 1924 1206 1944 ex
1221 1914 1271 1944 his
1288 1922 1405 1944 verum
1420 1923 1428 1943 :
1452 1912 1616 1943 mendosa

155 1958 246 1989 enim
261 1958 364 1990 lectio
380 1962 443 1989 est.
489 1958 634 1998 Repone
650 1961 684 1988 tu
699 1968 726 1990 c.
741 1961 887 1988 ceterum.
923 1957 1027 1988 Bent.
1084 1956 1243 1997 Depiciscz'
1260 1956 1319 1987 Br.
1365 1954 1520 1993 Conjicito
1535 1959 1613 1985 cete-

155 2011 227 2032 rum
241 2001 344 2031 Both.
390 2001 527 2031 Mortem
543 1999 659 2032 Guelf.
675 2003 708 2031 2.
742 2000 857 2031 Cetera
872 1999 1031 2031 defendit
1047 2000 1227 2031 Perl.——l5
1253 1999 1334 2029 Mss.
1350 1998 1448 2028 Bodl.
1465 2002 1501 2028 et
1513 1998 1557 2028 G.
1574 2007 1615 2028 ex

153 2043 217 2074 ista
231 2043 319 2083 copia
330 2055 340 2074 .-
374 2043 441 2079 alii,
465 2053 505 2074 ecc
529 2043 610 2075 istac
631 2043 728 2083 copia.
762 2043 869 2073 West.
923 2043 1065 2082 Repone
1082 2042 1166 2077 Quid
1182 2051 1238 2080 ego
1253 2041 1310 2071 hac
1323 2050 1362 2070 ex
1377 2040 1482 2080 iuopia
1497 2050 1527 2070 n.
1539 2050 1567 2070 c.
1583 2043 1615 2071 et

155 2086 229 2126 quid
244 2089 279 2116 tu
291 2095 332 2116 ex
346 2085 425 2116 istac
439 2086 529 2125 copia
539 2096 549 2116 .·
573 2090 611 2116 ut
626 2085 783 2125 opposita
798 2086 876 2125 ista,
891 2085 959 2120 hac,
972 2085 1065 2123 istac,
1083 2084 1182 2115 ambo
1198 2088 1376 2115 acuantur·
1398 2083 1494 2113 Bent.
1544 2083 1612 2113 Bo-

154 2128 246 2159 thius
261 2128 347 2167 legit
365 2128 404 2163 Q.
419 2128 524 2168 inopia
535 2138 576 2159 ex
590 2127 647 2158 hac
661 2137 717 2166 ego
730 2137 809 2158 nunc
823 2138 849 2158 c.
864 2130 894 2158 et
909 2127 984 2167 quid
1000 2131 1033 2158 tu
1048 2127 1161 2158 exista
1174 2126 1273 2167 copia.
1310 2126 1363 2156 Ex
1377 2124 1458 2155 istac
1474 2124 1512 2155 Z.
1535 2124 1614 2165 Bip.

153 2170 280 2211 Delph.
298 2170 371 2201 Hac
386 2180 426 2201 ex
439 2170 621 2210 inopia...ex
635 2171 715 2201 istac
731 2170 910 2201 Pam—16
933 2170 991 2199 Br.
1006 2173 1138 2200 nanctus
1153 2170 1283 2199 ese—17
1306 2167 1411 2198 Hunc
1422 2177 1469 2198 VS.
1484 2176 1613 2207 expun-

154 2213 205 2253 git
220 2213 313 2253 Guy.
327 2222 393 2243 non
411 2212 606 2252 attendens,
623 2212 725 2243 etiam
747 2212 782 2243 in
805 2212 857 2243 his
874 2212 985 2242 verbis
1003 2221 1079 2243 esse
1095 2210 1343 2252 oppositionem
1366 2210 1456 2241 inter
1472 2219 1614 2240 uxorem

153 2255 372 2296 Antiphonis,
389 2259 425 2286 et
441 2255 583 2286 amicam
608 2254 789 2287 Phaedriae.
815 2254 999 2285 West.—18
1021 2253 1064 2285 Τὸ
1079 2255 1133 2285 hoc
1150 2262 1217 2284 non
1233 2256 1288 2284 est
1304 2253 1339 2283 in
1352 2252 1446 2283 libris
1462 2252 1558 2283 Bem.
1578 2256 1614 2283 et

154 2298 210 2329 Vi.
223 2297 285 2329 sed
301 2297 371 2328 sive
387 2307 464 2328 cum
481 2307 533 2337 eo,
554 2298 625 2329 sive
642 2297 715 2329 sine
731 2307 771 2328 eo
786 2296 889 2337 legas,
906 2306 971 2327 non
994 2296 1106 2336 magni
1123 2294 1243 2326 refert.
1269 2294 1329 2326 Fa.
1376 2294 1495 2325 Nostri
1512 2294 1614 2334 pleri-

153 2349 221 2381 que
236 2349 331 2371 unum
345 2340 421 2377 hoc,·
445 2340 481 2372 et
497 2340 621 2381 placet.
667 2338 773 2371 Amat
788 2339 879 2370 enim
893 2339 1073 2370 Terentius
1088 2338 1208 2369 finales
1225 2337 1374 2377 syllabas
1389 2335 1613 2377 liquefacere.

154 2383 253 2415 Bent.
297 2381 339 2413 Τὸ
353 2383 408 2413 hoc
423 2382 521 2414 abest
532 2383 610 2423 Bip.
628 2382 716 2422 Eug.
761 2381 803 2413 In
817 2381 902 2414 GM.
915 2382 971 2413 hoc
987 2381 1056 2412 tibi.
1099 2379 1218 2412 Guelf.
1234 2382 1263 2411 3.
1282 2380 1402 2410 Beatus
1415 2381 1544 2410 es.—l9
1567 2380 1613 2410 Et

152 2425 193 2456 si.
238 2424 326 2456 Haec
341 2425 470 2456 Donati
484 2425 603 2457 lectio.
648 2424 792 2456 Plurimi
807 2424 962 2464 Codices,
977 2424 1067 2460 Quod
1080 2423 1119 2455 si.
1153 2423 1263 2453 West.
1317 2422 1451 2453 Lenone.
1485 2422 1612 2452 Delent

151 2467 238 2498 lianc
254 2477 372 2499 vocem
387 2467 430 2499 G.
446 2467 486 2498 F.
503 2472 540 2499 et
555 2467 646 2508 Guy.
664 2477 774 2507 neque
791 2471 906 2498 tamen
920 2466 1153 2505 intercedunt,
1165 2475 1230 2506 quo
1245 2463 1355 2496 minus
1372 2464 1415 2494 de
1432 2464 1555 2495 lenone
1568 2464 1613 2494 sit

154 2519 290 2548 sermo3
315 2509 372 2541 sed
391 2514 536 2541 metrum
553 2510 692 2541 obstare
715 2509 820 2541 aiunt.
864 2508 976 2540 Abest
992 2513 1106 2540 tamen
1123 2518 1142 2539 a
1159 2507 1275 2549 paucis
1292 2506 1488 2538 Codicibus.
1516 2506 1612 2537 Idem.

157 2551 308 2586 Quocum.
340 2552 423 2584 Mss.
440 2557 477 2584 et
490 2552 647 2592 impressi
673 2551 824 2592 quidam,
842 2552 986 2588 Quicum.
1022 2551 1130 2582 Idem.
1187 2550 1265 2581 Τιιηι
1282 2549 1408 2580 sentias.
1442 2548 1614 2579 Usitatior

154 2594 272 2635 lectio,
293 2604 393 2635 quam
420 2594 632 2636 quorundam
657 2594 834 2634 librorum,
859 2598 895 2625 tu
913 2594 1042 2625 sentias-
1096 2591 1186 2623 Vide
1209 2591 1301 2623 And.
1325 2600 1364 2622 11.
1381 2593 1410 2622 1.
1428 2593 1479 2621 10.
1516 2591 1614 2622 Idem.

157 2637 249 2671 Quod
259 2637 288 2668 si
302 2638 405 2669 Bent.
452 2638 542 2673 Quod
556 2638 585 2667 si
602 2637 661 2667 tibi
674 2646 724 2667 res
738 2647 807 2667 cum
821 2647 855 2667 eo
870 2638 976 2667 lenone
990 2637 1033 2667 sit
1045 2635 1104 2666 ΒΓ.
1153 2634 1433 2674 Quodsi-..quicum
1447 2633 1536 2671 mihi,
1546 2637 1612 2664 tum

153 2679 270 2710 sentias
283 2680 385 2711 Both.
423 2679 513 2716 Quod
526 2679 557 2710 si
572 2679 651 2719 Rip.
667 2679 761 2710 Peri.
781 2679 994 2718 De1p11.——20
1018 2678 1071 2709 Ita
1085 2677 1223 2717 plerique
1238 2677 1364 2715 ingenio
1377 2685 1481 2706 sumus
1496 2685 1610 2706 omnes-

155 2721 212 2752 Sic
228 2721 363 2753 codices
380 2722 555 2763 plerique3
578 2726 615 2752 et
631 2722 678 2752 sic
695 2721 807 2752 Gellio
824 2721 950 2752 citatur
967 2729 1028 2751 xx.
1045 2723 1077 2751 6.
1123 2719 1245 2750 Placet
1265 2726 1378 2750 tamen
1395 2719 1494 2754 ordo,
1510 2727 1610 2758 quem

157 2764 258 2795 CCC.
274 2765 425 2805 exhibet,
438 2765 491 2796 Ita
512 2764 652 2805 plerique
666 2773 769 2796 omnes
787 2773 891 2795 sumus
904 2763 1041 2803 ingenio.
1064 2762 1164 2794 Bent.
1208 2761 1267 2794 Ita
1282 2764 1318 2793 et
1332 2760 1519 2793 Both.-23
1543 2761 1609 2791 Re-
