1966 3302
301 248 414 290 1018
800 258 841 288 P.
875 255 1116 285 rennu'ru
1154 254 1271 285 Aeni

304 356 454 408 Quam
473 355 635 398 scitum
656 354 723 404 'st,
744 352 962 408 ejusmodi
983 364 1142 405 parare
1163 351 1209 391 in
1232 349 1383 391 animo
1406 348 1695 402 cupiditates,

305 424 448 476 Quas,
467 437 566 465 cum
587 437 656 464 res
677 422 882 463 advorsae
905 421 1039 469 sient,
1059 419 1193 473 paulo
1216 418 1381 459 mederi
1398 416 1547 470 possis
1566 417 1575 457 !

304 492 399 534 Hic
420 491 550 533 simul
571 493 792 543 argentum
813 489 991 542 reperit,
1014 501 1117 528 cura
1138 499 1238 528 sese
1255 485 1500 539 expedivit.

304 560 399 613 Ego
419 559 539 599 nullo
558 570 741 611 possum
760 555 953 598 remedio
976 569 1045 596 me
1068 554 1275 595 evolvere
1298 565 1354 594 ex
1375 552 1446 593 his
1468 551 1624 601 turbis,
1740 551 1769 592 5

306 627 447 678 Quin,
469 627 506 667 si
528 627 613 667 hoc
637 625 816 675 celetur,
837 625 880 665 in
901 628 1018 665 metu
1039 637 1050 673 ;
1082 623 1150 662 sin
1171 620 1347 676 patefit,
1369 620 1416 660 in
1430 619 1596 674 probro
1617 619 1743 660 siem.

307 694 466 750 Neque
485 707 556 736 me
576 693 754 735 domum
772 705 888 733 nunc
910 691 1167 744 reciperem,
1197 689 1244 730 ni
1274 687 1386 730 mihi
1407 691 1531 731 esset
1561 699 1664 740 spes
1697 699 1773 727 os*

478 767 608 804 tensa

309 829 514 885 Hujusce
535 829 770 872 habendae.
832 827 922 869 Sed
945 826 1128 868 ubinam
1150 825 1316 869 Getam
1339 823 1535 868 invenire
1555 835 1753 877 possum,

305 937 444 978 patrueli
458 936 638 968 successerit
661 939 696 967 ut
719 934 855 976 optabat.
903 933 1008 969 Quam
1022 932 1183 973 pulchrum
1206 935 1237 963 et
1260 934 1427 963 venustum
1439 934 1486 961 est
1509 929 1657 969 ejusmodi
1672 928 1775 963 animo

309 981 468 1021 concipere
483 979 684 1019 cupiditates,
700 979 820 1018 quibus,
835 977 863 1008 si
875 977 993 1018 aliquid
1009 977 1130 1007 adversi
1146 975 1351 1011 interveniat,
1358 974 1458 1012 facile
1473 973 1642 1007 remedium
1658 971 1775 1014 afferre

307 1024 429 1064 possis?
478 1024 541 1055 Hic
568 1022 734 1059 Phaedria,
757 1024 791 1052 ut
817 1020 951 1062 primum
973 1022 1136 1058 argentum
1156 1018 1273 1057 reperit
1295 1018 1373 1057 quod
1392 1018 1481 1048 daret
1494 1025 1554 1056 pro
1570 1015 1682 1054 amica,
1694 1015 1777 1046 omni

310 1066 508 1098 solicitudine
532 1076 565 1097 se
591 1065 755 1097 liberavit:
779 1074 834 1103 ego
862 1063 946 1094 nulla
972 1062 1093 1093 ratione
1117 1071 1157 1092 ex
1180 1061 1228 1091 his
1250 1060 1463 1091 anxietatibus
1478 1059 1575 1090 animi
1591 1068 1637 1090 me
1660 1059 1778 1098 eripere

309 1119 444 1150 possum,
464 1113 501 1140 ut
515 1119 589 1148 uon,
606 1110 632 1139 sz·
648 1111 797 1139 secretum
815 1107 903 1145 hujus
919 1106 965 1136 rei
981 1107 1158 1143 occultetur,
1174 1104 1208 1134 in
1231 1105 1343 1134 timore
1349 1113 1361 1140 ,·
1384 1103 1433 1132 sin
1449 1101 1666 1139 manifestetur
1679 1101 1711 1132 in
1726 1101 1780 1131 de·

311 1154 419 1184 decore
449 1157 477 1183 et
502 1152 635 1190 infamia
663 1159 791 1182 verser.-
814 1160 909 1190 neque
939 1150 1060 1179 omnum
1090 1148 1192 1178 redire
1221 1156 1300 1177 nunc
1329 1146 1486 1183 auderem,
1511 1145 1575 1175 nisi
1605 1143 1684 1175 mihi
1711 1153 1779 1183 spes

310 1197 505 1237 proeluceret,
536 1205 583 1227 me
619 1205 707 1235 passe
733 1193 888 1225 Phaniam
918 1192 1002 1223 illam
1037 1191 1214 1232 possidere:
1250 1198 1359 1220 verum
1392 1188 1519 1220 ubinam
1551 1187 1666 1218 Getam
1693 1196 1780 1227 repe·

924 1286 1162 1300 eeeeeeeeeeee

316 1358 375 1390 ubi
395 1368 423 1389 v.
442 1357 555 1387 Graev.
574 1357 646 1387 Liv.
665 1363 760 1387 xxn.
776 1358 829 1386 25.
853 1356 863 1372 ⁴
879 1359 917 1386 ut
933 1364 1013 1385 vera
1030 1354 1145 1384 omnia
1161 1350 1297 1383 essent.‘
1320 1350 1380 1382 ubi
1405 1351 1504 1391 plura
1531 1348 1690 1389 exempla
1703 1357 1783 1379 con-

317 1401 422 1440 gessit
439 1400 612 1431 Drakenb.
638 1399 680 1429 R.
699 1399 744 1430 D.
786 1399 936 1429 Utut...se
958 1398 1060 1428 Both.
1088 1397 1208 1427 tacite.
1233 1398 1302 1426 utut
1319 1395 1444 1425 Biz—2
1468 1392 1594 1433 Semper
1608 1391 1782 1430 hujusmodi

317 1444 441 1476 Boend.
460 1443 562 1475 West.
587 1448 620 1473 at
642 1445 651 1458 6
667 1443 740 1473 Pul.
759 1444 867 1480 quint.
883 1441 1054 1480 huiusmodi
1077 1438 1204 1480 parere)
1223 1438 1384 1469 Peri—3
1411 1435 1592 1467 Mss.w·it.
1609 1439 1645 1466 et
1661 1433 1783 1466 Boend.

321 1488 452 1523 Quibus.
500 1486 555 1517 Ita
572 1491 606 1516 et
624 1486 694 1515 ΕΡ.
740 1485 812 1516 Cic.
832 1485 923 1515 Fam.
952 1493 1023 1514 xri.
1042 1486 1092 1514 10.
1115 1485 1123 1500 ‘
1138 1483 1225 1513 Sunt
1252 1481 1339 1512 enim
1366 1480 1546 1520 permulta,
1571 1477 1694 1518 qulbus
1717 1478 1784 1507 erit

320 1528 549 1561 medendum!
596 1529 790 1559 Priscianus
810 1528 922 1558 Instit.
941 1527 1132 1558 Grainmat.
1151 1534 1234 1556 viil.
1266 1525 1364 1560 Quas,
1379 1533 1447 1553 cum
1471 1532 1521 1553 res
1547 1521 1686 1552 advorsa:
1710 1520 1786 1559 sint,

319 1574 422 1605 muzus
437 1573 552 1604 mederi
566 1572 674 1612 possis.
719 1570 787 1602 Sed
804 1571 861 1601 lib.
879 1579 987 1602 xvm.
1013 1570 1134 1600 Paullo.
1168 1569 1278 1598 West.
1327 1567 1413 1601 Quas
1430 1570 1465 1596 et
1486 1566 1589 1596 Bent.
1607 1564 1687 1594 livet
1703 1573 1784 1603 qua·

321 1622 399 1648 tuor
416 1626 458 1647 ex
474 1616 541 1646 suis
558 1614 666 1655 quibus
679 1627 688 1645 .·
721 1619 756 1645 et
783 1614 830 1644 sic
855 1623 989 1654 quoqne
1007 1613 1082 1644 Pal.
1109 1612 1282 1653 quint.-4
1306 1610 1373 1640 Hic
1388 1609 1495 1649 simut]
1519 1607 1619 1640 Quod
1638 1607 1670 1637 in
1689 1605 1786 1637 Com-

322 1661 496 1690 mentariis
518 1657 644 1698 Guyeti
673 1658 810 1697 legitur,
826 1662 895 1688 tres
912 1657 1012 1687 hosce
1030 1665 1143 1686 versus
1160 1654 1292 1694 spurios
1310 1652 1419 1682 videri
1446 1656 1482 1682 et
1509 1649 1707 1691 ejiciendos,
1725 1658 1786 1689 per

322 1712 471 1734 errorem
492 1703 691 1740 impressum
710 1705 774 1740 est,
789 1710 855 1730 non
874 1709 916 1730 ex
929 1706 1043 1730 mente
1062 1698 1202 1738 Guyeti‚
1222 1699 1274 1736 qui
1292 1701 1362 1727 tres
1378 1699 1568 1734 postremos
1584 1692 1684 1733 hujus
1705 1692 1785 1723 Sce-

323 1755 375 1776 nae
391 1755 507 1775 versus
524 1744 652 1775 delevit
668 1744 700 1773 in
715 1752 774 1774 suo
789 1743 927 1773 Codice.
975 1743 1019 1772 Et
1034 1743 1166 1780 mirum,
1177 1740 1371 1770 Boeclerum
1385 1738 1507 1778 ipsum,
1520 1736 1577 1777 qui
1589 1735 1788 1776 Guyetiana

324 1788 445 1827 edidit,
462 1788 563 1818 aliter
580 1787 765 1817 censuisse.
790 1787 833 1817 Et
851 1795 930 1815 sane
946 1785 1131 1815 'Terentius
1149 1792 1245 1814 versu
1261 1783 1322 1812 hoc
1339 1786 1462 1822 quarto
1477 1777 1686 1819 explieatid‚
1698 1776 1787 1817 quod

324 1832 358 1862 in
377 1831 611 1871 superioribus
627 1830 772 1859 dixerat.
803 1829 905 1860 lVest.
951 1827 1072 1858 Boend.
1087 1828 1263 1866 Argentum
1273 1828 1309 1855 ut
1323 1824 1471 1863 repperit.
1516 1821 1637 1853 Boend.
1655 1826 1690 1850 et
1706 1820 1787 1850 Wit.

324 1873 366 1905 Se
377 1875 545 1914 expedivit.
565 1872 671 1903 Idem.
698 1871 913 1912 Meecoloere]
930 1871 974 1902 H.
989 1881 1020 1902 e.
1035 1880 1086 1902 me
1100 1869 1277 1909 expedire,
1290 1877 1342 1898 me
1355 1866 1509 1896 liberare.
1541 1863 1740 1895 Guilielmus
1754 1862 1787 1892 in

327 1918 458 1950 Quaest.
484 1917 596 1946 Plaut.
615 1926 646 1955 p.
664 1917 716 1946 83.
732 1925 773 1944 ex
793 1915 918 1945 veteris
935 1913 1062 1944 codicis
1078 1912 1227 1951 vestigiis
1242 1909 1423 1950 legendum
1443 1907 1581 1947 conjicit
1597 1915 1713 1944 eruere,
1728 1904 1788 1935 sed

327 1966 469 1999 recepta
487 1960 587 1989 lectio
601 1957 822 1988 confirmatur
838 1967 879 1988 ex
893 1958 979 1987 Eun.
995 1966 1044 1987 iv.
1056 1959 1087 1986 4.
1102 1958 1154 1986 56.
1170 1957 1178 1971 6
1196 1961 1230 1985 te
1246 1953 1336 1984 omni
1350 1952 1451 1982 turba
1465 1948 1622 1980 evolves!
1645 1949 1687 1979 R.
1700 1949 1790 1979 D.-—-

327 2007 345 2034 5
374 2004 427 2033 Me
439 2003 577 2033 evolvere
593 2011 632 2031 ex
648 2001 696 2031 Itis
712 2000 826 2040 turbis]
850 2000 905 2030 Ita
920 1999 1113 2039 legendum,
1128 2007 1193 2028 non
1212 1995 1390 2031 Exsulvere,
1406 1994 1496 2034 quod
1515 1997 1566 2023 est
1590 1993 1624 2022 in
1653 1991 1790 2032 quibus-

328 2046 406 2077 dam
429 2045 625 2079 Codicibus,
643 2043 771 2074 evincit
796 2044 898 2082 locus,
924 2043 1008 2073 Eun.
1023 2051 1073 2072 ιν.
1088 2043 1120 2071 4.
1137 2043 1190 2071 56.
1214 2039 1330 2070 Graev.
1352 2042 1386 2068 et
1404 2037 1477 2067 ΕΡ.
1508 2036 1558 2065 Ex
1576 2033 1654 2064 'istis
1679 2033 1792 2065 turbis.

329 2090 437 2120 West.
472 2088 643 2118 Exsoleere
660 2086 743 2117 GM.
776 2088 784 2102 ‘
802 2086 845 2117 O.
864 2086 884 2116 l.
903 2095 928 2116 s.
947 2095 993 2115 me
1008 2085 1166 2115 evoLvere:
1192 2092 1253 2122 pro
1273 2080 1450 2121 expedire,
1467 2082 1579 2108 tracta
1594 2077 1793 2117 metaphora

329 2143 347 2163 a
364 2132 412 2162 fili
429 2130 600 2170 glomere)
626 2130 685 2160 Fa.
729 2130 738 2146 ‘
754 2129 806 2159 Ex
822 2128 891 2159 istis
906 2128 1007 2158 turbis
1024 2128 1089 2158 Ms.
1110 2128 1148 2157 R.
1173 2130 1209 2156 et
1226 2125 1321 2155 Vett.
1340 2121 1461 2154 Codd.'
1486 2121 1581 2152 Lina.
1605 2124 1640 2150 et
1663 2122 1710 2151 sic
1731 2120 1791 2150 ΒΥ.

331 2176 415 2206 GM.
441 2175 506 2205 His
520 2184 559 2204 ex
576 2173 675 2203 turbis
693 2172 856 2202 Boiu—6
881 2170 1001 2201 Boend.
1018 2171 1134 2200 celetur
1147 2168 1243 2208 putri.
1279 2167 1322 2198 G.
1349 2164 1509 2206 patefacit.
1542 2164 1600 2194 Fa.
1615 2162 1675 2193 sim
1690 2162 1791 2194 metri

331 2228 442 2257 causa,
464 2220 472 2234 6
490 2215 752 2247 reclamantibus
769 2214 922 2245 omnibus
940 2213 1034 2244 libris
1050 2213 1067 2242 τ’
1100 2213 1158 2243 sim
1172 2211 1273 2242 Both.
1293 2209 1385 2240 Peri.
1417 2207 1510 2248 probo
1526 2207 1601 2236 siem
1615 2205 1674 2237 Br.
1709 2205 1795 2246 patri

331 2263 365 2292 in
381 2264 463 2292 metu
474 2261 550 2291 siem
566 2257 682 2290 Guelf.
699 2260 789 2289 1.-’7
815 2257 1014 2297 Complures
1032 2255 1105 2286 libri
1122 2258 1288 2285 ostentata.
1312 2253 1410 2283 Beni.
1426 2251 1518 2281 Vict.
1535 2253 1569 2279 et
1582 2249 1660 2279 Bas.
1673 2251 1795 2279 ostenta

332 2305 481 2335 liabent:
507 2308 543 2333 ut
560 2303 591 2333 in
607 2301 784 2339 Eunucho,
801 2301 810 2317 ‘
826 2300 878 2331 An
892 2310 954 2340 ego
967 2299 1179 2330 occasionem
1194 2297 1272 2327 inihi
1288 2292 1481 2326 ostentam?
1499 2292 1558 2324 Fa.
1586 2292 1635 2321 Ex
1649 2291 1796 2322 meliori-

333 2348 397 2379 bus
414 2346 536 2378 nostris
548 2349 710 2386 quattuor
726 2345 867 2374 Ostenta.
901 2342 1003 2383 Apud
1017 2341 1228 2373 Priscianum
1244 2350 1278 2379 p.
1291 2340 1387 2369 1004.
1399 2342 1433 2368 et
1445 2335 1600 2367 Servium
1614 2334 1654 2364 ad
1667 2334 1794 2373 Georg.

335 2400 359 2422 1.
376 2393 452 2421 248.
473 2390 650 2419 Ostentata.
693 2387 763 2418 Sed
791 2386 880 2426 apud
907 2386 1009 2425 hunc,
1026 2386 1160 2416 Ostenta
1176 2383 1243 2423 legi
1261 2384 1436 2422 oportere,
1459 2378 1565 2418 ipsius
1591 2376 1694 2408 verba
1712 2376 1798 2407 indi-

335 2439 427 2464 cant.
455 2434 463 2450 ‘
477 2430 649 2470 Veteres,'
662 2430 787 2471 inquit,
799 2433 807 2447 ‘
818 2430 985 2461 ostentus
998 2427 1228 2468 participium,
1241 2434 1307 2455 non
1321 2424 1489 2455 Ostensus
1503 2419 1686 2455 dicebant:
1701 2419 1798 2451 Bent.

336 2476 476 2508 Dicitur
488 2485 556 2515 spes
571 2473 702 2505 ostendi.
725 2474 795 2505 Cic.
810 2473 908 2504 Verr.
925 2481 948 2502 1.
967 2474 1019 2502 51.
1045 2472 1055 2488 6
1073 2471 1142 2501 [sie
1162 2468 1352 2503 Rabonium
1370 2463 1656 2506 quiescerejubet
1671 2473 1680 2494 ι
1705 2467 1741 2493 et
1755 2462 1799 2493 si-

336 2520 405 2550 mul
422 2519 452 2550 ei
470 2517 663 2548 nonnullam
680 2526 776 2556 spem
800 2514 974 2547 societatis
993 2512 1166 2547 ostendit)
1202 2511 1268 2548 Sed
1287 2517 1324 2542 et
1340 2509 1349 2526 ‘
1364 2507 1528 2542 ostentari
1546 2505 1643 2547 spes'
1661 2505 1798 2537 dicitnr.

339 2563 461 2594 Cicero
480 2571 541 2601 pro
556 2559 598 2592 A.
613 2560 749 2591 Cluent.
767 2561 798 2590 7.
823 2560 832 2576 ‘
847 2558 987 2596 Mulier,
998 2557 1132 2589 amissis
1148 2555 1277 2591 liberis«,
1292 2562 1368 2586 cum
1386 2552 1482 2584 unius
1497 2549 1560 2583 filii
1573 2546 1800 2590 recuperandi

339 2615 417 2645 spes
433 2609 522 2635 esset
538 2601 734 2633 ostentata!
790 2601 899 2633 codd.
924 2600 1071 2641 qnidam,
1092 2600 1251 2635 Ostenta;
1275 2596 1365 2637 quod
1393 2593 1536 2627 laudant
1552 2592 1682 2629 Rivius,
1698 2589 1799 2627 Fae'r-

339 2659 416 2686 nus,
434 2653 468 2678 et
485 2646 613 2686 Gcorg.
630 2644 818 2676 Fabricius.
865 2646 1020 2684 Guyetus
1038 2649 1104 2674 ires
1123 2643 1223 2675 hosce
1242 2649 1358 2671 versus
1371 2638 1477 2675 delet,
1495 2636 1649 2667 scribens
1666 2633 1700 2664 in
1709 2633 1798 2664 ἀνεκ-

340 2690 451 2729 δότᾳις,
475 2692 484 2707 6
498 2690 583 2722 Quae
600 2698 677 2729 spes
694 2688 752 2719 ilia
767 2697 841 2718 esse
860 2691 987 2726 potest,
1012 2696 1087 2717 cum
1113 2684 1251 2719 dixerit,
1268 2684 1340 2721 Ego
1353 2682 1438 2713 nullo
1461 2688 1583 2720 possum
1597 2676 1730 2710 remedio
1754 2686 1801 2708 me

341 2734 476 2764 evolvere
491 2742 529 2762 ex
545 2731 594 2762 liis
609 2731 721 2762 turbis.
765 2730 906 2762 Scilicet
928 2739 994 2760 non
1013 2729 1149 2760 videtur
1165 2727 1347 2766 cogitasse.
1364 2723 1528 2755 Habenda»
1553 2720 1713 2762 positum,
1727 2729 1800 2759 pro,

341 2778 350 2794 6
367 2774 591 2813 Retinenda»,’
617 2778 652 2804 ct
677 2775 686 2790 ‘
703 2783 803 2813 porro
831 2772 1020 2804 habendae.’
1050 2773 1147 2803 uuest.
1205 2770 1295 2800 Nunc
1311 2768 1433 2798 domum
1457 2765 1675 2796 me...ostenta.
1700 2762 1802 2794 Both.

346 2821 477 2851 Ostenta
496 2818 572 2857 Rip.
591 2818 649 2847 nr.
668 2817 762 2848 Peri.
811 2816 897 2846 Milzi
912 2817 1004 2847 etiam
1021 2817 1096 2845 (sset
1115 2811 1230 2844 Guelf-
1248 2813 1343 2844 l.-—8
1369 2810 1470 2840 Bent.
1488 2806 1630 2846 habendi,
1646 2805 1751 2838 citato
1768 2814 1802 2836 v.
