1966 3302
614 220 827 251 nnoYRAE
861 219 968 249 Ac'r.
1001 219 1030 247 1.
1065 218 1134 247 so.
1169 216 1200 246 1.
1551 203 1635 244 807

187 321 334 362 Pau„
368 317 486 360 Utin'
508 317 717 357 eximium
739 315 953 355 neminem
973 312 1192 354 habeam?
1253 310 1337 352 SY.
1371 308 1604 350 Neminem
1622 321 1633 358 3

188 388 307 429 Nam
329 398 457 428 nemo
478 384 650 425 illorum
681 383 931 435 quisquam,
953 381 1082 429 scito,
1104 378 1160 420 ad
1182 382 1223 420 te
1245 377 1377 428 venit,
1583 375 1637 415 lo

189 455 308 505 Quin
329 455 392 495 ita
410 457 537 506 paret
557 464 617 498 se,
639 451 719 490 abs
737 455 780 490 te
801 454 852 489 ut
871 447 1094 488 blanditiis
1114 447 1209 487 suis

189 523 335 574 Quam
358 521 539 562 minimo
559 518 700 572 pretio
722 530 850 558 suam
871 515 1141 569 voluptatem
1159 514 1351 567 expleat.

189 590 382 631 Hiscine
401 594 464 637 tu,
481 587 656 634 amabo,
674 598 757 624 non
779 587 928 625 eontra
949 581 1250 622 insidiabere?

189 659 338 700 Pfflt..
367 656 534 697 Tamen
555 654 630 707 pol
656 652 835 693 eandem
859 651 1066 705 injurium
1095 653 1164 690 est
1185 661 1287 689 esse
1306 648 1526 689 omnibus.

164 710 275 767 'SY.
309 724 517 777 Injurium
541 727 686 763 autem
711 724 778 761 est
795 719 954 760 ulcisci
975 717 1274 765 adversarios,
1586 713 1640 753 15

190 792 284 834 Aut
302 804 391 846 qua
411 790 486 831 via
505 793 546 831 te
569 791 758 842 captent,
779 787 935 828 eadem
957 786 1083 838 ipsos
1100 784 1231 837 capi‘?

191 860 318 901 Eheu
339 871 407 899 me
427 857 631 898 miseram
649 856 657 896 !
691 868 769 895 cur
789 867 873 894 non
896 857 973 894 aut
996 851 1148 892 isthaec
1165 850 1270 891 mihi

192 927 325 968 AEtas
348 929 392 966 et
412 924 552 965 forma
573 926 656 972 est,
680 926 756 963 aut
775 921 855 962 tibi
875 921 971 961 haec
996 918 1252 959 sententia?

191 1070 270 1102 mihi
283 1071 413 1111 seligam
426 1071 628 1111 proecipnum,
652 1069 795 1100 dilectum
820 1066 908 1106 mihi,
935 1066 985 1097 cui
1002 1076 1040 1096 ne
1056 1065 1178 1105 quidem
1190 1067 1340 1105 parcam?
1382 1064 1445 1095 Sv.
1469 1062 1530 1094 Aio
1547 1062 1643 1093 nemi<

191 1123 280 1145 nem:
303 1124 373 1144 nam
397 1114 443 1144 ita
468 1113 599 1149 habee0;
621 1113 720 1143 nullas
745 1120 785 1141 ex
810 1110 874 1140 illis
896 1113 925 1140 te
946 1110 1024 1148 adit,
1039 1109 1114 1148 quin
1129 1109 1175 1139 ita
1189 1117 1220 1138 se
1235 1109 1390 1148 diepanat,
1406 1111 1440 1137 ut
1455 1105 1643 1137 sermonibus

192 1156 313 1188 blandis
336 1156 496 1187 libidinem
520 1166 607 1186 suam
631 1165 670 1186 ex
697 1159 726 1185 te
747 1163 836 1193 quam
856 1153 1016 1183 admodum
1040 1152 1158 1181 modica
1172 1152 1306 1181 mercede
1329 1149 1433 1180 satiet.
1483 1148 1645 1180 Talibusne

193 1199 382 1230 amatoribus
406 1202 442 1230 tu
464 1199 614 1236 vicissim,
638 1207 710 1236 rogo
729 1200 770 1234 te,
789 1196 923 1226 insidias
938 1205 997 1225 non
1014 1195 1138 1225 tendes?
1183 1194 1254 1224 ΡΗ.
1279 1192 1491 1223 Nihilominus
1505 1191 1645 1231 iniquum

191 1245 239 1272 est
254 1243 379 1272 eandem
393 1251 424 1272 se
436 1251 544 1281 gerere
557 1250 633 1280 erga
647 1249 758 1270 omnes.
802 1239 864 1269 SY.
887 1238 940 1268 An
955 1241 1056 1267 antem
1072 1236 1210 1276 iniquam
1225 1239 1270 1266 est
1283 1236 1393 1275 punire
1408 1234 1570 1266 inimicos?
1591 1237 1644 1264 aut

190 1285 295 1315 eadem
310 1287 389 1323 arte,
404 1294 464 1324 qna
479 1288 509 1314 te
525 1284 662 1324 decipere
680 1283 816 1319 student,
832 1290 881 1311 eos
895 1279 1016 1319 decipi?
1062 1280 1149 1309 Eheu
1172 1289 1220 1309 me
1244 1278 1469 1316 infortunatam
1482 1276 1497 1309 ,Ι
1518 1286 1572 1307 cur
1586 1285 1645 1307 non

193 1329 257 1357 έναι
271 1327 387 1367 oetatis,
404 1331 435 1358 et
447 1326 690 1368 pulchritudinis
704 1335 760 1364 ego
774 1334 841 1355 snm
850 1333 861 1359 ;
884 1324 932 1354 vel
946 1326 981 1353 tu
997 1332 1071 1353 meoe
1083 1322 1244 1353 sententioe
1260 1331 1319 1352 non
1332 1319 1388 1352 es?

800 1431 1038 1443 eeeeeeeeeeee

194 1512 283 1544 maia
299 1511 490 1552 ingerebat,
517 1518 717 1550 quemquem
737 1507 972 1549 adspexerat!
1006 1508 1102 1539 Poen.
1119 1516 1160 1539 11.
1177 1509 1207 1537 l.
1224 1508 1276 1537 37.
1301 1506 1311 1523 ‘
1325 1506 1539 1545 Quemquem
1555 1504 1648 1535 visco

194 1553 429 1586 offenderant.’
454 1553 636 1584 Cleuonius
649 1562 682 1592 p.
702 1555 797 1583 1908.
810 1556 817 1569 ‘
832 1551 1142 1593 Quisquis,cuicui‚
1158 1558 1380 1590 quemquem:
1406 1553 1443 1578 ut
1455 1548 1649 1585 Terentius,

197 1598 385 1637 Qaemquem
398 1599 489 1627 nacta
508 1594 572 1626 sis!
595 1595 697 1625 Bent.
745 1595 936 1635 Quemquam
963 1595 1055 1625 Peri.
1082 1594 1114 1624 in
1141 1597 1227 1623 text.
1249 1596 1284 1623 at
1300 1591 1386 1622 GM.
1410 1600 1588 1631 quemquem
1614 1590 1648 1620 in

196 1650 303 1679 marg.
325 1642 438 1670 nancta
453 1639 514 1670 ΒΓ.
529 1641 537 1654 ‘
551 1637 595 1668 sis
609 1641 699 1668 nacta
714 1647 799 1668 unus
816 1637 895 1668 Ms.'
914 1638 1076 1668 Boecl.—-9
1104 1636 1147 1666 Ut
1161 1645 1199 1666 ne
1212 1644 1328 1665 omnes
1345 1634 1429 1665 Mss.
1457 1633 1556 1664 Boecl.
1574 1633 1648 1663 ΕΡ.

195 1686 281 1713 ——10
306 1683 424 1713 Nostri
447 1690 560 1712 omnes
584 1681 793 1718 concinnius,
820 1681 905 1711 Nam
921 1690 1006 1711 nemo
1030 1680 1189 1720 quisquam
1210 1678 1334 1709 illorum
1348 1677 1427 1707 scito
1442 1677 1483 1706 ad
1505 1679 1535 1707 te
1550 1676 1647 1706 venit.

195 1726 299 1756 Bent.
317 1725 373 1755 Ita
388 1725 460 1755 ΕΡ.
478 1725 537 1754 Br.
555 1727 589 1754 et
606 1733 720 1754 omnes
736 1723 824 1763 apud
843 1724 1034 1754 Boe-cL—ll
1053 1722 1220 1762 Proeparet
1247 1720 1295 1751 M.
1323 1719 1442 1751 Boend.
1471 1718 1545 1749 EA.
1569 1719 1650 1749 ΕΜ.

196 1768 264 1799 duo
281 1768 364 1799 Mss.
383 1766 471 1807 apud
486 1766 632 1797 Boecler.
649 1771 684 1796 et
699 1767 757 1797 ΒΥ.
778 1775 839 1806 pro
855 1767 899 1805 gi.
931 1775 1006 1796 mox
1027 1765 1123 1795 Bem.
1141 1773 1245 1794 unnm
1262 1768 1393 1794 tantum
1408 1772 1440 1792 se
1456 1761 1567 1792 habet.
1585 1771 1650 1802 quo

196 1811 299 1842 etiam
316 1810 416 1840 modo
431 1814 500 1840 stat
517 1819 640 1848 versuS,
664 1818 729 1840 non
746 1807 904 1840 faciendo
921 1809 1162 1849 synaloepham.
1186 1807 1246 1839 Fa.
1291 1805 1413 1845 Apage
1430 1805 1516 1835 hane
1533 1813 1651 1844 super-

196 1854 380 1885 stitionem.
424 1853 473 1883 Ut
499 1861 600 1882 uniun
626 1852 778 1882 codicem
807 1852 840 1882 in
862 1851 982 1883 coelum
1000 1849 1133 1889 efferat,
1149 1859 1211 1880 nec
1228 1848 1454 1889 synaloephas,
1476 1857 1540 1878 nec
1558 1847 1651 1887 quic-

198 1906 297 1937 quam
315 1899 425 1927 curat.
471 1895 611 1926 Revoca
626 1894 690 1924 huc
705 1905 783 1933 sese,
801 1900 837 1925 ut
854 1895 960 1924 nostri
975 1893 1131 1923 universi.
1154 1893 1336 1923 Bent.-—l2
1362 1891 1515 1930 Perpetuo
1533 1889 1650 1921 Guelf.

197 1942 314 1971 1.-14
339 1937 383 1969 O.
399 1939 420 1969 Ι.
439 1947 466 1969 S.
483 1943 518 1968 et
535 1938 689 1968 Donatus
706 1937 752 1967 ita
768 1938 949 1973 collocant,
974 1938 1089 1967 Tamen
1108 1936 1159 1975 pol
1173 1936 1298 1966 eandem
1313 1933 1495 1972 injuriumst
1509 1942 1574 1963 esse
1587 1943 1651 1963 om-

198 1981 299 2017 nibus,
322 1990 422 2011 versu
439 1985 475 2011 et
490 1980 736 2019 compositione
752 1981 903 2010 meliore.
927 1979 986 2010 Fa.
1030 1979 1085 2009 Sic
1102 1984 1137 2008 et
1155 1978 1261 2008 nostri
1290 1986 1417 2008 omnes.
1464 1977 1579 2007 Tamen
1601 1976 1652 2016 pol

198 2025 347 2059 eandem,·
371 2029 408 2054 ut
431 2024 439 2039 ‘
452 2023 578 2053 Tamen
593 2023 682 2053 Simo
699 2023 776 2053 audi
791 2022 812 2060 ;'
838 2024 846 2039 ‘
858 2023 986 2053 Tamen
1010 2031 1190 2060 numquam
1209 2019 1333 2052 ausus.’
1380 2020 1520 2050 Frustra
1537 2019 1651 2058 igitur,

200 2067 257 2108 qui
272 2067 320 2098 sic
336 2065 587 2105 interpolabat:
617 2065 730 2095 Tamen
752 2067 802 2105 pol
826 2067 953 2096 eandem
967 2074 1014 2095 me
1027 2064 1207 2104 injuriumst
1222 2073 1284 2094 esse
1298 2062 1446 2093 omnibns.
1491 2062 1558 2093 Ubi
1575 2071 1651 2092 cum

199 2119 323 2150 magua
339 2109 421 2139 artis
437 2108 561 2149 peritia
576 2107 702 2139 eandem
719 2108 750 2138 in
769 2107 834 2138 fine
851 2108 955 2138 acuit.
980 2107 1078 2138 Bent.
1126 2108 1239 2137 Tamen
1255 2106 1381 2136 eandem
1404 2105 1456 2145 pol
1479 2113 1541 2135 esse
1556 2104 1652 2134 omni-

199 2151 267 2191 bns,
290 2152 438 2190 injuriam
471 2154 517 2181 est
552 2151 762 2191 Delph.—15
788 2151 851 2181 Do.
876 2157 911 2181 et
937 2151 1034 2180 Bem.
1061 2151 1141 2180 Bas.
1164 2149 1288 2189 aliique
1311 2147 1384 2178 fere
1410 2156 1536 2185 omnes,
1563 2147 1653 2178 hunc

200 2195 353 2226 ordinem
369 2195 484 2224 horum
502 2193 681 2224 verborum
698 2193 844 2224 habent:
868 2193 1018 2233 injurium
1032 2196 1135 2223 autem
1151 2195 1206 2223 est.
1229 2192 1286 2221 Fa.
1330 2191 1386 2221 Sic
1404 2194 1440 2221 et
1454 2190 1575 2227 nostri,
1587 2199 1653 2220 uno

201 2243 359 2278 excepto.
383 2237 567 2267 Bona-16
590 2236 635 2267 O.
653 2236 674 2266 1.
692 2245 718 2265 s.
745 2241 781 2266 et
808 2237 974 2271 Donatus,
999 2239 1028 2266 te
1051 2238 1175 2275 captent
1200 2234 1269 2270 illi;
1292 2233 1354 2264 soli
1381 2233 1477 2263 Bem.
1501 2238 1535 2262 et
1560 2232 1653 2263 Vict.

201 2289 268 2323 non
284 2279 412 2310 habent
424 2279 493 2309 illi:
518 2279 607 2319 quod
625 2284 736 2309 tamen
754 2278 1023 2309 subaudiendum
1040 2283 1104 2308 est.
1129 2277 1186 2307 Fa.
1236 2277 1341 2307 Immo
1365 2285 1431 2306 non
1448 2274 1653 2305 subaudien-

203 2323 307 2361 dum;
330 2322 388 2353 sed
412 2321 737 2361 repraesentandum.
783 2321 901 2352 Nostri
929 2330 1057 2358 omnes,
1082 2324 1111 2350 te
1131 2321 1253 2359 captent
1269 2319 1337 2349 illi:
1363 2319 1457 2348 ch.
1474 2317 1577 2357 ejecit
1592 2318 1653 2355 illi,

202 2371 242 2396 ut
256 2371 366 2395 metro
383 2365 586 2395 inserviret:
612 2364 701 2404 quod
731 2368 844 2394 tamen
871 2364 999 2393 salvum
1028 2367 1092 2401 est,
1116 2362 1216 2392 salvis
1242 2360 1353 2391 verbis
1380 2360 1544 2391 omnibus.
1588 2360 1653 2390 Aut

202 2419 262 2448 qua
277 2409 330 2439 via
341 2410 465 2447 captent
481 2410 510 2437 te
525 2407 586 2445 ini,
605 2408 709 2437 eadem
723 2406 805 2446 ipsos
820 2407 900 2446 capi.
923 2406 932 2422 ‘
946 2406 1012 2436 Via
1023 2405 1030 2418 '
1047 2405 1099 2435 hic
1116 2404 1385 2443 monosyuabon,
1404 2403 1492 2443 quod
1511 2411 1655 2442 pronun-

204 2451 269 2482 tias
286 2454 323 2481 ut
339 2456 491 2481 nostrum
512 2450 606 2490 IVay.
651 2449 741 2480 Vide
770 2449 894 2480 Heaut.
918 2458 943 2478 1.
971 2451 1000 2479 1.
1025 2450 1078 2478 49.
1104 2447 1200 2477 Bent.
1249 2447 1307 2477 Br.
1327 2451 1362 2477 et
1378 2446 1462 2476 Mss.
1481 2446 1546 2475 duo
1564 2445 1654 2485 apud

206 2494 314 2524 Boevl.
336 2497 366 2523 te
381 2496 503 2532 captent
519 2492 578 2531 illi,
606 2502 689 2522 unus
715 2496 744 2522 te
770 2492 817 2522 illi
840 2494 987 2530 captent;
1005 2491 1096 2521 Perl.
1120 2493 1245 2529 captent
1261 2492 1290 2519 te
1306 2489 1354 2519 illi
1370 2498 1387 2518 e
1406 2489 1490 2520 GM.
1514 2488 1575 2527 ipsi
1592 2497 1653 2529 pro

203 2536 253 2567 itti
268 2535 384 2569 Guelf.
399 2538 427 2566 3„
452 2538 575 2575 captent
589 2538 619 2566 te
637 2535 824 2567 flotin—te
847 2535 940 2565 AEtas
955 2537 1008 2564 aut
1025 2532 1143 2565 Guelf.
1159 2535 1187 2563 l.
1210 2541 1264 2562 nos
1278 2530 1394 2563 Guelf.
1412 2535 1440 2563 1,
