1966 3302
588 220 804 252 HEGYRAE
837 220 950 250 Ac'r.
974 219 1026 248 ιι.
1058 217 1125 248 sc.
1151 217 1204 247 11.
1541 204 1627 246 827

167 322 233 364 Te
245 319 401 376 judice
422 318 549 372 ipso:
580 317 648 357 sin
669 328 724 357 ea
745 320 814 356 est
834 327 974 355 causa
993 311 1206 354 retinendi
1227 310 1345 366 apud
1371 324 1468 360 vos,

171 389 293 440 Quia
314 400 430 441 aegra
450 391 531 436 est,
552 388 595 426 te
618 384 724 425 mihi
744 384 952 436 injuriam
972 383 1119 423 facere
1141 380 1343 428 arbitror,
1366 378 1605 438 Phidzippe,

168 458 221 498 Si
247 456 418 504 metuis,
438 454 550 496 satis
572 458 620 495 ut
639 465 752 493 meae
775 452 894 492 domi
915 454 1090 491 curetur
1111 449 1354 508 diligenter.
1415 441 1502 503 *ἤι-
1571 446 1627 487 15

167 524 244 575 At,
279 525 342 566 ita
361 534 431 563 me
453 521 514 563 Di
536 519 710 562 ament!
740 518 856 560 haud
889 518 971 558 tibi
1002 517 1089 558 hoc
1122 504 1335 564 eonii-edo,
1357 513 1442 555 etsi
1456 506 1527 553 {lli
1547 525 1626 566 pa-

284 577 405 634 ‘qter
426 602 490 641 es,

170 659 235 701 Ut
266 662 315 700 tu
337 658 459 700 illam
481 655 650 698 salvam
671 653 813 708 magis
833 653 965 701 velis,
987 664 1118 705 quam
1142 664 1249 704 ego:
1280 650 1326 691 id
1360 650 1473 691 adeo
1509 649 1628 703 gnati

342 737 495 775 causa,

169 794 315 845 Quem
334 806 415 847 ego
435 791 631 834 intellexi
651 791 775 833 illam
795 789 915 830 haud
937 789 1096 839 minus,
1113 800 1247 842 quam
1263 799 1311 826 se
1332 786 1492 840 ipsum,
1508 797 1626 839 mag·

339 860 541 902 nificare.

167 929 326 984 Neque
347 928 459 970 adeo
481 929 594 969 clam
615 940 686 968 me
707 928 786 975 est,
812 938 945 979 quam
966 937 1068 964 esse
1090 936 1191 964 eum
1214 921 1406 976 graviter
1437 921 1626 962 laturum

341 996 532 1046 credam,

166 1115 270 1151 tando,
294 1117 349 1146 aut
362 1115 534 1146 excusando
550 1112 789 1151 emendabimus,
815 1116 845 1143 te
857 1112 922 1152 ipso
929 1111 1038 1149 judice
1052 1110 1218 1141 existente.
1264 1106 1323 1137 Sin
1337 1108 1500 1146 propterea
1515 1104 1629 1136 retines

157 1158 264 1198 filiam
280 1158 312 1188 in
329 1158 392 1188 tuis
405 1157 533 1196 cedibus,
554 1157 636 1196 quod
659 1155 847 1195 aegritudine
869 1158 900 1185 et
925 1154 1026 1185 morbo
1055 1153 1188 1190 laborat,
1211 1155 1242 1182 te
1262 1150 1294 1180 in
1310 1159 1356 1180 me
1371 1148 1520 1188 injuriose
1534 1157 1629 1186 agere

161 1204 252 1239 puto,
268 1200 438 1240 Phidippe,
453 1201 481 1230 si
497 1200 612 1230 vereris
625 1209 661 1229 ne
674 1208 734 1228 non
749 1199 832 1228 domi
848 1209 923 1229 meoe
938 1198 1043 1229 sedulo
1058 1195 1194 1226 remedia
1209 1193 1250 1230 ei,
1266 1196 1297 1223 et
1313 1192 1458 1229 fomenta
1470 1194 1628 1222 curentur.

165 1243 213 1274 At
234 1243 283 1273 ita
298 1243 375 1273 mihi
391 1243 455 1273 Dii
471 1242 543 1273 bene
558 1242 667 1280 velint,
689 1241 722 1271 in
738 1241 793 1271 hac
807 1241 865 1271 tibi
880 1251 939 1271 non
954 1242 1040 1279 cedo,
1063 1237 1202 1279 quamvis
1216 1235 1300 1267 illius
1312 1239 1403 1275 pater
1417 1235 1472 1273 sis,
1494 1237 1527 1264 ut
1542 1234 1629 1264 illius

163 1286 294 1316 salutem
309 1289 402 1326 utque
413 1284 655 1316 incolumitatem
670 1284 772 1323 magis
787 1285 915 1323 diligas,
930 1293 1023 1324 quam
1038 1292 1106 1321 ego.
1139 1281 1178 1311 Id
1193 1281 1266 1310 adeo
1283 1277 1422 1319 tolofilii
1437 1277 1497 1308 mei
1511 1277 1629 1316 gratia,

163 1338 252 1368 quem
266 1338 321 1367 ego
336 1329 494 1369 perspexi,
517 1329 603 1359 illam
618 1337 678 1358 non
700 1328 802 1357 minus
817 1337 909 1367 quam
923 1337 954 1358 se
966 1326 1068 1366 ipsum
1084 1323 1191 1363 magni
1206 1322 1376 1353 (estimare.
1422 1321 1532 1361 Neque
1547 1322 1629 1350 certe

162 1372 274 1410 ignoro
298 1381 366 1403 eum
386 1371 509 1402 moleste
531 1374 563 1402 et
583 1380 668 1410 ‹eg-re
683 1370 864 1401 auditurum
876 1379 1004 1401 uxorem
1017 1378 1105 1399 suam
1119 1377 1138 1398 a
1153 1365 1242 1397 nobis
1265 1364 1436 1396 recessisse.
1482 1363 1576 1394 Hanc
1591 1362 1628 1394 ob

779 1461 1019 1475 eeeeeeeeeeee

164 1541 254 1573 riore
271 1544 402 1578 versu‚‘
418 1542 541 1573 Celare
568 1546 602 1572 te
629 1540 718 1579 iras,’
741 1544 777 1571 et
799 1540 808 1557 ‘
827 1539 876 1570 Te
896 1538 1015 1579 judice
1044 1536 1143 1578 ipso.’
1166 1536 1349 1568 Bent.—13
1376 1535 1478 1566 Causa
1501 1534 1535 1566 in
1559 1533 1629 1566 fine

164 1585 313 1623 acuitur,
329 1585 420 1614 nulla
443 1585 649 1615 necessitate
673 1588 732 1614 aut
754 1592 865 1614 causa.
912 1582 1067 1622 Repone‚
1084 1579 1142 1610 Sin
1157 1589 1193 1610 ea
1208 1582 1254 1611 est
1272 1579 1429 1610 retinendi
1448 1588 1540 1609 causa
1553 1582 1630 1618 aput

162 1637 228 1659 vos.
249 1628 351 1658 Bent.
367 1636 468 1668 quem
485 1628 639 1668 sequitur
656 1627 755 1657 Both.
774 1625 867 1657 Perl.
896 1626 905 1641 ‘
923 1624 1117 1663 Ἐμφα-ιικῶς
1139 1622 1268 1653 dictum
1284 1632 1344 1658 ea,·
1367 1631 1473 1662 quare
1498 1622 1631 1662 Gnyeti

162 1679 231 1702 eam
257 1669 422 1712 languet!
450 1671 632 1701 West.—-l5
660 1670 712 1700 Ne
737 1670 815 1699 satis
838 1677 954 1699 omnes
982 1668 1066 1698 Mss.
1084 1666 1184 1697 Boecl.
1205 1665 1320 1696 satisne
1343 1665 1394 1696 M.
1411 1664 1524 1696 Guelf.
1543 1667 1574 1696 1.
1593 1668 1629 1695 ut

163 1722 214 1751 ne,
229 1713 352 1744 omisso
367 1723 456 1750 meoe,
472 1712 590 1744 Guelf.
609 1715 729 1743 3.—-17
753 1711 843 1742 Illud
859 1721 950 1751 quam
965 1720 1022 1749 ego
1048 1709 1146 1740 nimis
1165 1713 1287 1740 onerat
1311 1717 1458 1746 versum,
1474 1707 1540 1738 etsi
1560 1717 1629 1738 non

165 1754 364 1787 suffocet'et
386 1756 505 1788 elidat.
549 1756 741 1787 Sententiae
767 1760 880 1785 autem
905 1753 991 1784 adeo
1018 1762 1085 1783 non
1110 1751 1341 1783 necessarium
1365 1756 1429 1790 est,
1445 1756 1483 1781 ut
1504 1755 1629 1782 noceat

165 1804 202 1830 et
230 1799 472 1830 incommodet.
518 1799 528 1816 ⁴
558 1799 654 1830 Haut
682 1798 745 1829 tibi
773 1795 937 1835 concedo,
965 1802 1004 1827 ut
1038 1801 1074 1827 tu
1105 1795 1197 1826 illam
1230 1795 1356 1825 salvam
1385 1794 1490 1833 magis
1522 1793 1629 1824 velis!

164 1841 258 1874 Quid
274 1852 360 1882 opus
385 1847 438 1872 est
455 1842 518 1873 isto
537 1842 641 1877 Quam
662 1845 741 1880 ego?
784 1841 824 1871 Id
843 1839 932 1870 enim
959 1844 1067 1870 totum
1086 1838 1295 1878 anticipatur
1311 1837 1345 1867 in
1361 1837 1451 1868 Haut
1475 1837 1533 1868 tibi
1556 1847 1628 1868 con-

162 1885 235 1916 cedo
247 1895 260 1922 ;
283 1890 319 1916 et
337 1884 456 1926 putide
471 1894 585 1915 rursus
601 1884 781 1925 ingeritur.
826 1884 919 1923 Lege
935 1882 1051 1921 igitur,
1071 1882 1114 1912 Ut
1132 1885 1165 1912 tu
1182 1882 1269 1912 illam
1282 1881 1400 1911 salvam
1417 1881 1517 1918 nwgis
1533 1880 1626 1910 velis:

161 1928 197 1959 id
208 1928 283 1959 adeo
296 1929 391 1967 gnati
405 1938 508 1959 causa.
533 1928 637 1959 Bent.
655 1937 757 1969 quem
773 1926 929 1967 sequitur
945 1925 1046 1956 Both.
1071 1925 1104 1955 id
1121 1924 1221 1955 deest
1238 1924 1273 1954 in
1289 1922 1407 1955 Guelf.
1425 1926 1456 1954 3.
1474 1924 1547 1953 adeo
1562 1924 1629 1953 volo

164 1969 280 2001 Guelf.
294 1973 412 2001 2.-18
438 1971 487 2002 Μ.
513 1970 655 2002 intellexi
681 1980 740 2001 non
766 1979 872 2000 amare
895 1968 1010 2007 minus,
1038 1978 1130 2008 quam
1153 1977 1184 1997 se
1204 1967 1316 2008 ipsum,
1337 1970 1392 1997 aut
1416 1965 1629 2007 magnificare.

162 2011 279 2054 Atque
296 2014 347 2044 ita
362 2014 434 2044 ΕΡ.
447 2014 519 2044 EV.
536 2017 566 2045 1.
584 2018 619 2045 et
641 2023 761 2054 paucae
775 2013 859 2044 aliae.
904 2011 1083 2044 Quomodo
1099 2016 1134 2041 et
1147 2010 1320 2041 Donatum
1337 2009 1462 2050 legisse
1479 2009 1629 2048 suspicio

162 2060 226 2087 est.
270 2056 312 2087 In
344 2056 544 2096 quibusdam
576 2056 685 2087 Codd.
716 2060 770 2087 est
800 2055 1027 2094 Magnisacere.
1073 2053 1131 2084 Ita
1161 2057 1197 2084 et
1222 2053 1379 2084 Donatus
1410 2053 1507 2092 legit.
1534 2053 1630 2084 West.

163 2099 371 2138 magnifacere
386 2099 429 2130 V.
446 2099 484 2130 C.
513 2099 603 2139 apud
628 2098 727 2130 Lind.
755 2099 821 2129 duo
847 2098 933 2129 Mss.
959 2096 1052 2136 apud
1078 2096 1184 2127 Boecl.
1214 2095 1259 2127 G.
1298 2096 1471 2134 Erasmus,
1496 2100 1532 2126 at
1560 2095 1628 2126 Ms.

166 2140 349 2182 Argentor.
373 2142 482 2181 niagni
497 2142 606 2181 facere
619 2153 629 2173 :
652 2143 662 2159 ‘
680 2141 883 2182 magnificare
908 2141 1006 2170 Bem.
1022 2145 1058 2171 et
1073 2139 1145 2170 fere
1168 2148 1286 2170 omnes
1304 2139 1359 2169 alii
1376 2138 1506 2179 antiqui
1524 2142 1559 2169 et
1577 2148 1629 2170 re-

164 2183 308 2216 centes.'
332 2184 392 2216 Fa.
432 2183 559 2226 ‘Atqui
576 2189 647 2216 tres
664 2184 771 2216 nostri
789 2183 1007 2214 vetustissimi
1024 2182 1254 2222 magnifacere.
1280 2182 1403 2213 Recte.
1450 2182 1627 2222 Nusquam

164 2227 248 2258 alias
271 2227 361 2267 apud
386 2227 552 2259 Nostrum
570 2228 664 2259 venit
688 2227 921 2269 Magnificaru
945 2235 1009 2257 nec
1027 2235 1144 2256 versus
1168 2230 1259 2256 amat
1276 2224 1309 2255 iu
1334 2234 1374 2255 ea
1397 2224 1478 2256 sede
1495 2225 1627 2265 Dacty-

162 2270 244 2302 lum.
290 2271 418 2302 Noster
441 2271 530 2301 solet
557 2270 684 2309 dicere,
710 2271 838 2309 Magni,
863 2269 1003 2299 maxumi
1025 2269 1157 2306 jacere:
1181 2272 1216 2298 et
1243 2268 1409 2306 Plautus;
1433 2268 1496 2298 nisi
1524 2269 1628 2299 semel

161 2318 265 2355 atque
281 2313 421 2353 iterum,
438 2313 494 2344 ubi
511 2313 613 2353 idem,
627 2314 716 2355 quod
733 2314 803 2351 hic,
821 2312 979 2343 mendum
994 2311 1145 2343 insedit.'
1163 2311 1262 2341 Bent.
1279 2310 1500 2351 ‘magnificare
1513 2310 1628 2342 Guelf.

163 2358 195 2388 1.
219 2356 309 2398 quod
327 2361 364 2388 ut
390 2356 592 2387 insolentius
617 2361 791 2387 mutarunt
816 2355 850 2386 in
873 2353 1115 2394 magnifacere.
1160 2354 1261 2386 Quod
1283 2354 1388 2385 semel
1414 2354 1445 2384 h.
1464 2354 1561 2384 [νοις
1587 2363 1629 2384 ea

161 2399 290 2438 legitur
312 2398 404 2440 apud
426 2400 636 2438 Terentium,
657 2409 760 2431 causa
781 2408 849 2429 non
864 2404 915 2428 est
933 2407 992 2428 cur
1017 2396 1243 2435 excludatur3
1267 2406 1331 2428 nee
1355 2398 1397 2427 de
1417 2405 1517 2426 versu
1538 2402 1628 2435 erat,

163 2442 254 2482 quod
270 2446 443 2473 metueret
470 2443 574 2474 Bent.
598 2452 676 2473 nam
704 2442 861 2472 similiter
889 2441 940 2471 bis
958 2440 1154 2479 Terentius,
1177 2440 1321 2470 Plautus
1340 2444 1452 2470 autem
1478 2439 1627 2480 saepius)

162 2485 262 2516 Both.
286 2486 295 2502 ‘
309 2485 411 2525 Saepe
427 2485 492 2516 hoc
508 2486 648 2516 verbum
670 2485 821 2516 occurrit
839 2484 929 2524 apud
949 2483 1063 2514 Plaut.
1081 2483 1178 2523 cujus
1196 2483 1273 2513 loca
1293 2482 1417 2513 Rivius
1433 2483 1473 2512 ad
1491 2483 1523 2513 h.
1540 2483 1561 2513 Ι.
1579 2483 1627 2513 in-

163 2528 306 2559 dicavit.
351 2527 448 2559 Idem
464 2528 596 2559 atictori
611 2529 653 2558 ad
678 2528 829 2559 Herenu.
844 2537 895 2558 1v.
909 2529 962 2557 21.
981 2526 1133 2557 restituit
1148 2525 1320 2557 Graevius.
1365 2525 1490 2556 verum
1510 2526 1625 2557 Bentl.

162 2570 197 2601 in
212 2570 375 2602 Terentio
400 2576 435 2601 et
451 2571 574 2602 Plauto
591 2571 658 2611 legi
678 2571 782 2611 jubet
796 2570 904 2608 magni
920 2569 1039 2606 facere,
1065 2578 1129 2599 nec
1147 2568 1309 2599 abhorret
1325 2578 1344 2598 a
1360 2577 1454 2604 vero,
1472 2568 1627 2600 librarios

162 2612 317 2645 cadentis
328 2614 523 2645 Latinitatis
535 2613 676 2644 verbum
687 2619 695 2631 ‘
705 2611 949 2654 magnificare‚’
961 2611 1049 2651 quod
1060 2611 1138 2651 ipsis
1148 2616 1223 2642 erat
1231 2610 1427 2641 familiarius
1437 2612 1446 2627 ‘
1456 2620 1474 2641 e
1489 2612 1627 2652 vulgata

161 2655 343 2687 bibliorum
359 2657 528 2694 versione,
541 2657 641 2687 alteri
659 2658 782 2695 passim
796 2654 1036 2686 substituisse!
1052 2654 1094 2685 R.
1111 2654 1155 2685 D.
1171 2653 1378 2693 magnifacere
1393 2654 1450 2684 ΒΓ.
1469 2655 1501 2684 in
1517 2659 1628 2694 textu,

163 2707 225 2738 pro
243 2708 274 2730 v.
290 2699 312 2730 l.
327 2699 628 2740 magnificare.——l9
651 2699 722 2730 Pro
738 2709 784 2730 me
799 2700 878 2729 clam
890 2701 935 2728 est
951 2707 982 2729 ο.
999 2698 1019 2728 l.
1032 2706 1056 2728 ε.
1071 2698 1149 2727 clam
1165 2707 1210 2727 me
1226 2700 1290 2727 est.-
1313 2697 1403 2738 quod
1418 2707 1498 2728 vero
1515 2698 1627 2738 sequi-

163 2745 220 2771 tur
236 2743 407 2782 resciverit,
420 2742 518 2773 Bern.
534 2746 570 2773 et
582 2752 696 2773 ornnes
722 2742 779 2773 alii
795 2740 940 2782 antiqui,
955 2739 1107 2776 rescierit,
1122 2740 1280 2779 apposite
1299 2740 1341 2771 ad
1365 2740 1532 2770 rationem
1551 2750 1625 2770 ver-

164 2792 231 2815 sus.
255 2784 314 2816 Fa.
360 2785 479 2817 Nostri
502 2795 634 2827 quoque
659 2785 737 2816 clam
751 2794 798 2816 me
822 2787 921 2816 estet
941 2783 1091 2814 rescierit.
1139 2783 1206 2814 Sed
1223 2787 1259 2814 et
1274 2782 1357 2813 illud
1374 2783 1522 2824 respice,
1540 2784 1623 2813 Gra-
