1966 3302
536 224 882 256 ADELPHORUM
908 222 1017 252 Aer.
1042 220 1091 250 11.
1125 221 1191 249 se.
1214 221 1244 248 1.
1530 211 1615 249 (595

163 325 328 366 Verum
349 323 478 372 enim,
510 321 687 375 quando
708 322 814 360 bene
836 317 1088 372 promeruit,
1114 316 1214 357 fiat:
1248 329 1372 357 suum
1401 315 1475 370 jus
1511 330 1613 369 pos-

187 385 291 395 Μ
335 390 461 431 tulat.

165 458 276 511 Age,
300 457 394 511 jam
414 456 572 508 cupi03
604 455 642 495 si
669 454 802 495 modo
824 457 1046 505 argentum
1070 451 1238 493 reddat.
1301 450 1388 492 Sed
1422 463 1501 504 ego
1535 450 1616 491 hoe

335 523 546 571 hariolor3
1564 510 1605 518 N

168 591 258 633 Ubi
279 604 348 631 me
369 590 522 631 dixero
544 589 648 630 dare
670 588 795 636 tanti,
815 591 952 628 testes
972 585 1105 626 saciet
1124 585 1261 644 iflico,

167 658 437 699 Vendidisse
457 670 551 698 me:
584 656 636 697 de
659 646 852 709 argento,
876 654 1121 695 somnium:
1154 643 1281 703 ni‘ox3
1313 664 1411 692 cras
1427 651 1530 692 redi.
1564 652 1618 691 5¹)

171 726 224 767 Id
247 739 424 786 QOqI-le
445 737 629 779 possum
649 724 777 772 ferre,
810 723 849 762 si
870 721 1002 762 modo
1022 720 1200 771 reddat;
1231 732 1484 773 quanquam
1504 718 1617 773 inju-

337 793 448 834 rium
469 791 537 833 'st.

168 860 334 903 Verum
354 861 503 913 cogito
523 859 583 908 id,
606 858 725 912 quod
748 870 816 898 res
847 861 940 897 est:
974 854 1149 910 quando
1172 867 1272 895 eum
1294 856 1514 907 quaestum
1544 866 1618 894 oe-

339 927 528 981 ceperis,
1204 913 1230 924 “

167 995 452 1049 Accipiunda
472 999 518 1034 et
536 991 810 1051 mussitanda
828 991 988 1044 injuria
1011 989 1358 1030 adolescentium
1381 988 1448 1030 'st.

168 1063 259 1104 Sed
279 1076 408 1104 nemo
431 1062 580 1102 dabit:
613 1052 771 1102 frustra
791 1065 962 1113 egomet
983 1071 1154 1099 mecum
1185 1057 1267 1098 has
1289 1058 1477 1098 rationes
1498 1063 1619 1110 puto.

160 1184 275 1225 flixit:
301 1184 454 1215 enimvero
468 1182 540 1223 quia
556 1185 619 1212 tam
635 1180 707 1211 bene
722 1181 851 1211 meritus
864 1183 911 1211 est
926 1181 963 1211 de
979 1178 1107 1219 me‚fiat
1122 1177 1200 1218 quod
1212 1179 1277 1207 vult
1289 1188 1300 1215 ;
1319 1178 1456 1217 postulat
1462 1177 1519 1216 jus
1533 1187 1621 1209 suum

168 1227 229 1258 sibi
244 1226 340 1258 tribui
353 1225 480 1257 scilicet.
511 1225 593 1264 Age,
609 1223 774 1263 consentio,
790 1224 817 1254 sz'
832 1223 918 1253 modo
931 1221 1096 1263 pecuniam
1110 1221 1256 1260 rependat
1267 1229 1279 1256 ,·
1299 1222 1353 1251 sed
1366 1230 1421 1259 ego
1438 1221 1491 1251 hoc
1506 1221 1623 1260 divino,

166 1270 219 1302 ubi
246 1279 294 1300 me
323 1269 430 1300 dixero
458 1268 588 1308 puellam
609 1267 638 1298 ei
660 1267 782 1298 tradere
813 1266 906 1305 tanti,
927 1266 1034 1306 quanti
1059 1274 1124 1294 eam
1148 1264 1220 1300 emi,
1245 1263 1355 1293 statim
1378 1267 1470 1294 testes
1491 1264 1623 1302 vocabit,

167 1313 249 1344 dicet
263 1311 379 1351 viginti
395 1310 486 1342 minis
501 1320 547 1341 me
566 1309 614 1340 illi
629 1310 803 1340 vendidisse
813 1322 822 1339 .·
845 1319 900 1340 nec
918 1311 1022 1349 postea
1037 1309 1184 1347 competet
1199 1306 1276 1337 mihi
1291 1308 1374 1337 actio
1398 1307 1434 1337 de
1449 1307 1482 1337 vi
1496 1310 1622 1347 propter

167 1359 303 1396 ereptam
323 1354 496 1394 virginem:
518 1356 665 1393 quantum
686 1353 726 1383 ad
747 1355 912 1391 argentum
936 1354 1066 1391 spectat,
1088 1359 1155 1390 spes
1179 1350 1275 1384 nulla,
1291 1352 1346 1380 aut
1367 1353 1449 1380 certe
1468 1359 1547 1380 vana
1562 1351 1621 1381 erit

169 1399 272 1430 instar
294 1397 425 1434 somnii;
447 1406 507 1427 non
522 1394 760 1431 numerabitur;
789 1404 907 1434 semper
928 1395 1029 1425 eludet
1050 1392 1340 1433 procrastinatione,
1356 1392 1461 1423 dicens
1482 1392 1622 1431 subinde,

168 1451 238 1472 cras
259 1442 297 1471 ad
321 1451 370 1471 me
390 1440 448 1470 hue
469 1442 635 1476 revertere,
655 1437 790 1477 pretium
811 1439 925 1468 solvam
948 1439 1139 1467 conventum.
1186 1435 1259 1465 Has
1280 1435 1443 1466 dilationes
1466 1438 1497 1465 et
1522 1445 1624 1466 moras

166 1493 290 1524 possum
314 1483 407 1514 etiam
423 1482 521 1521 ferre,
542 1481 570 1511 si
594 1482 681 1511 modo
704 1481 827 1511 tandem
847 1481 925 1520 quod
946 1479 1089 1520 promisit
1104 1481 1244 1519 proestet,
1260 1481 1290 1508 et
1307 1478 1422 1517 viginti
1438 1478 1531 1508 mina>
1549 1478 1626 1509 mihi

170 1530 379 1568 reponantur:
402 1524 540 1566 quamvis
569 1523 717 1561 injuriam
745 1523 822 1554 mihi
843 1523 960 1562 faciat,
984 1531 1095 1561 cogens
1121 1531 1168 1552 me
1194 1520 1327 1551 invitum
1354 1521 1500 1552 vendere:
1537 1521 1625 1562 atqui

171 1568 249 1600 milti
259 1579 392 1610 propono
408 1569 451 1608 id,
464 1568 543 1607 quod
568 1576 674 1597 verum
699 1569 757 1601 est,
783 1569 814 1597 et
836 1575 953 1596 mecum
976 1565 1022 1595 sic
1036 1565 1142 1604 loquor
1155 1574 1167 1601 ,·
1188 1564 1308 1604 quando
1326 1567 1361 1594 tu
1377 1564 1455 1600 leno,
1471 1567 1561 1604 turpe
1578 1566 1625 1595 tu-

169 1621 258 1642 crum
274 1611 383 1650 facere
408 1610 541 1651 coepisti,
563 1609 759 1649 suscipienda
785 1612 816 1640 et
839 1609 998 1639 toleranda
1013 1611 1057 1639 est
1072 1616 1140 1637 cum
1155 1607 1291 1645 silentio,
1313 1616 1352 1637 ne
1365 1606 1489 1638 verbum
1504 1607 1624 1646 quidem

171 1654 338 1694 manendo,
351 1653 532 1685 contumelia
547 1652 793 1683 adolescentium.
840 1651 904 1682 Sed
917 1651 1035 1681 nullum
1047 1650 1123 1680 mihi
1139 1651 1285 1681 reddetur
1298 1649 1337 1680 ab
1352 1649 1499 1682 AEschino
1514 1660 1624 1690 argen-

169 1701 255 1728 tum:
267 1697 396 1735 frustra
409 1706 488 1736 sum,
502 1699 533 1726 et
547 1705 662 1726 mecum
676 1694 929 1726 ratiocinationes
945 1695 1023 1725 male
1044 1692 1186 1724 subduco.

771 1778 1009 1789 etun-‘eust‘

170 1847 252 1878 alibi
278 1847 426 1883 Donato,
448 1849 502 1877 est
527 1844 789 1883 consentientis,
804 1844 867 1886 fiet
896 1853 974 1874 vero
1006 1841 1210 1873 obedientis.
1243 1842 1430 1874 Bent.—48
1454 1844 1546 1884 Lege
1570 1844 1625 1875 hic

171 1896 208 1922 et
233 1900 283 1921 vs,
310 1892 366 1920 51.
395 1890 481 1920 modo
507 1888 536 1919 si
561 1889 690 1919 reddat.-
714 1892 751 1918 ut
776 1896 801 1918 1.
830 1890 859 1917 l.
886 1889 917 1917 4.
960 1889 967 1903 ‘
987 1886 1055 1916 Ubi
1083 1886 1110 1916 si
1138 1888 1267 1916 cesses’
1283 1886 1507 1925 pro‘sicnbi.'
1528 1887 1625 1917 Bene.

172 1933 267 1964 Modo
280 1932 309 1963 si
324 1932 425 1963 Both.
443 1931 535 1962 Perl.
582 1930 771 1969 Distinguit
790 1930 849 1961 Br.
878 1933 956 1970 post
971 1929 1041 1968 jam
1054 1940 1064 1959 .·
1090 1930 1156 1968 Age
1176 1927 1257 1966 jam,
1273 1939 1301 1959 c.
1346 1930 1355 1945 ‘
1375 1929 1459 1960 GM.
1489 1930 1624 1960 ariolor:

172 1985 248 2016 sup.
264 1974 383 2014 script.
403 1974 520 2006 divino.
564 1973 653 2004 Item
678 1973 735 2004 Er.
753 1972 825 2003 sine
852 1973 872 2003 h
888 1971 1086 2012 aspirante!
1110 1971 1198 2002 Perl.
1242 1970 1353 2002 Abest
1380 1972 1435 2002 hoc
1461 1971 1576 2004 Guelf.
1593 1976 1624 2003 3.

170 2021 256 2049 —52
279 2017 378 2049 Bodl.
395 2022 431 2048 et
454 2017 526 2049 ΕΡ.
541 2015 700 2056 inceperis.
745 2015 788 2046 G.
808 2015 977 2056 incoeperis.
1002 2015 1108 2045 West.
1154 2014 1260 2054 Incep.
1285 2014 1346 2046 ΒΓ.
1369 2013 1484 2046 Guelf.
1504 2018 1625 2045 3.-54

172 2060 453 2101 Elegantissimus
464 2060 561 2091 hicce
578 2068 697 2090 versus
710 2057 846 2099 Guyeto
862 2058 1098 2098 supposititius
1115 2057 1221 2095 audit,
1237 2061 1369 2087 tautum
1386 2058 1473 2097 ideo,
1485 2058 1573 2099 quod
1590 2058 1627 2088 τὸ

171 2106 291 2143 egomet
319 2101 474 2142 offendit,
503 2111 581 2133 mox
606 2111 784 2132 recurrens
814 2101 910 2132 initio
933 2101 1051 2131 Scenae
1079 2100 1264 2141 sequentis.
1311 2099 1378 2130 Sed
1408 2101 1482 2132 haec
1515 2102 1627 2141 potius

171 2145 357 2177 artificiosa
379 2145 549 2184 elegantia
564 2143 729 2175 vocanda.
774 2144 858 2174 Mss.
873 2143 1009 2185 quidam
1031 2144 1152 2183 deputa
1199 2143 1255 2173 lta
1272 2147 1307 2174 et
1324 2143 1395 2174 ΕΡ.
1412 2150 1447 2174 et
1461 2142 1534 2175 ΕΑ.
1551 2154 1626 2175 cum

173 2189 269 2221 Junt.
295 2189 363 2220 ET.
381 2192 416 2219 et
439 2188 521 2219 EM.
549 2187 649 2219 West.
692 2187 755 2218 Sed
771 2196 857 2217 nemo
882 2186 987 2217 dabit.-
1003 2185 1129 2224 frustra
1144 2188 1263 2224 egomet
1279 2196 1394 2216 mecum
1419 2187 1474 2217 has
1489 2188 1628 2218 rationes

169 2235 258 2272 puto.
301 2231 357 2262 Sic
375 2232 433 2262 Fa.
451 2240 493 2261 ex
510 2230 578 2261 suis
594 2230 707 2261 libris:
732 2234 766 2260 at
781 2229 886 2260 nostri
908 2230 971 2260 hoc
988 2229 1105 2260 ruodo:
1131 2228 1193 2259 Sed
1208 2239 1296 2259 nemo
1312 2229 1413 2259 dabit:
1429 2229 1557 2266 frustra
1572 2240 1628 2268 ego

172 2284 290 2305 mecum
304 2274 361 2305 lias
383 2274 519 2305 rationes
533 2274 655 2313 deputo.
701 2272 772 2303 Ubi
789 2271 924 2303 notabis
947 2282 1003 2311 ego
1020 2281 1080 2312 pro
1095 2275 1213 2311 egomet
1227 2282 1237 2301 .·
1261 2275 1296 2302 et
1322 2273 1433 2312 deputo
1450 2282 1511 2312 pro
1533 2276 1630 2312 puto:

174 2323 211 2348 et
235 2317 314 2349 inde
335 2317 472 2357 colliges
488 2321 668 2357 utrumqne
686 2326 705 2346 a
720 2315 971 2346 correctoribus
987 2324 1085 2346 esse:
1110 2313 1201 2355 quod
1225 2318 1369 2354 uterque
1393 2315 1561 2346 scansioni
1578 2325 1627 2346 re-

175 2361 355 2400 spondeat.
401 2360 541 2400 Repone
568 2363 692 2398 tamen,
719 2358 809 2399 quod
837 2358 910 2397 ipse
938 2357 1069 2389 Auctor
1094 2357 1204 2396 dedit,
1231 2357 1268 2388 S.
1284 2367 1314 2388 n.
1337 2357 1410 2396 d.f.
1433 2358 1488 2388 lias
1509 2363 1629 2397 egomet

173 2413 291 2434 mecum
305 2401 441 2434 rationes
462 2405 548 2443 puto.
592 2401 634 2432 Id
660 2411 794 2442 quoque
818 2401 1037 2439 monendum,
1052 2410 1154 2431 unum
1176 2410 1218 2430 ex
1245 2400 1362 2440 Regiis
1384 2402 1461 2432 hanc
1475 2402 1629 2433 rationem

173 2445 309 2477 habere.
333 2446 429 2479 Bent.
473 2445 598 2485 Deputo
611 2443 728 2476 Guelf.
745 2447 776 2477 3.
793 2445 853 2476 Br.
869 2444 910 2476 Z.
927 2443 1053 2484 Delph.
1102 2444 1171 2482 Ego
1188 2452 1323 2485 quoque
1339 2443 1398 2475 ΒΓ.

834 2535 974 2566 NOTAE

216 2604 259 2633 49
285 2602 390 2632 Testes
408 2599 510 2638 saciet
536 2599 631 2639 illico]
651 2600 792 2631 Testato
818 2600 874 2631 de·
929 2599 1158 2638 expectanda.

176 2652 345 2684 nuntiabit
362 2661 414 2682 me
432 2652 478 2682 ἰΙΙί
496 2651 643 2691 puellam
659 2650 873 2690 vendidisse;
971 2653 1012 2681 50
1037 2650 1140 2686 Mox;
1160 2659 1228 2679 cras
1244 2649 1325 2689 redi]
1349 2650 1461 2681 Verba
1477 2662 1627 2692 procras-

177 2704 225 2734 sic
256 2703 345 2734 actio
374 2702 416 2733 de
445 2702 621 2741 ereptione
652 2701 792 2742 peribit,
820 2702 872 2733 vel
922 2701 1072 2748 'tiuantis
1088 2699 1265 2738 debitoris,
1284 2706 1318 2731 et
1344 2699 1540 2733 frustrantis
1555 2712 1628 2734 cre-

177 2753 347 2784 accusatio
363 2752 406 2784 de
422 2753 467 2784 vi.
515 2752 652 2784 Deinde
668 2753 791 2784 solutio
808 2753 874 2784 erit
928 2750 1085 2782 ditorem.
