1966 3302
303 216 390 260 906
794 233 834 266 P,
866 232 1108 263 TERENTU
1142 233 1258 264 Arm

306 328 424 370 BAc.
456 328 598 370 Immo
619 329 766 377 etiam,
787 328 870 369 hoc
892 328 969 381 qui
990 327 1208 368 occultari
1228 328 1404 370 facilius
1425 330 1598 383 credas,
1621 332 1752 374 dabo.

306 396 533 450 Myrrhina
554 398 613 437 ita
634 396 862 450 Phidippo
879 395 1008 443 dixit,
1025 394 1303 449 jurijurando
1323 409 1420 437 meo
1696 400 1754 442 30

305 463 363 505 Se
384 466 513 507 fidem
534 466 760 515 habuisse,
782 468 825 505 et
858 467 1088 518 propterea
1118 467 1159 504 te
1195 464 1281 504 sibi
1319 468 1566 518 purgatum.
1626 467 1755 509 PAM.

477 533 666 588 Optume
687 533 766 584 ’st;

306 601 530 656 Speroque
548 603 659 643 hanc
681 615 773 643 rem
792 613 893 642 esse
912 604 1171 641 eventuram
1190 599 1320 641 nobis
1343 613 1400 641 ex
1422 603 1650 644 sententia.

307 667 430 710 PAR.
464 669 602 720 Here,
633 669 796 711 licetne
818 667 928 709 scire
948 679 1008 708 ex
1027 670 1086 717 te,
1118 666 1250 708 hodie
1273 667 1379 721 quid
1413 669 1485 719 sit,
1517 669 1635 723 quod
1670 670 1757 713 feci

474 737 577 778 boni
596 751 606 789 3

305 802 398 845 Aut
428 804 533 859 quid
565 805 682 846 istuc
716 807 800 854 est,
834 802 952 857 quod
990 815 1073 844 vos
1110 801 1274 856 agitis?
1335 802 1466 844 ΡΑΜ.
1497 803 1602 845 Non
1637 805 1756 848 licet.

478 871 603 913 PAR.
634 870 674 913 T
676 885 804 914 amen
826 871 1047 926 suspicor.

305 1009 412 1050 eliam,
426 1011 572 1050 quomodo
587 1010 620 1042 id
635 1011 730 1042 celari
743 1018 830 1052 posse
838 1008 971 1048 facilius
985 1011 1082 1049 putes,
1096 1005 1199 1038 dicam
1207 1017 1220 1045 ;
1243 1007 1412 1050 Myrrhina
1428 1007 1586 1048 Phidippo
1596 1016 1697 1039 socero
1706 1010 1759 1038 luo

305 1052 400 1092 (lixit,
417 1053 597 1091 juramento
619 1064 684 1085 meo
706 1064 738 1084 se
764 1052 942 1092 credidisse,
965 1055 996 1082 et
1014 1054 1144 1091 propter
1162 1050 1196 1081 id
1218 1053 1249 1081 te
1271 1052 1351 1091 apud
1367 1060 1399 1081 se
1413 1054 1582 1091 purgatum
1594 1060 1657 1081 esse
1671 1049 1710 1081 ab
1725 1060 1761 1081 ea

304 1095 486 1136 suspicione,
507 1107 599 1137 quam
612 1098 649 1128 de
665 1100 695 1128 te
710 1095 874 1133 habebant,
890 1099 920 1126 te
933 1104 1051 1134 semper
1064 1103 1181 1124 mecum
1196 1102 1400 1124 consuescere.
1445 1093 1544 1125 ΡΑΜ.
1566 1094 1653 1124 Bene
1667 1102 1698 1124 se
1713 1102 1762 1123 res

305 1137 407 1178 habet,
420 1148 562 1180 speroque
577 1141 654 1171 hanc
671 1150 734 1170 rem
746 1148 804 1180 pro
818 1139 899 1170 votis
913 1146 1054 1178 prospere
1069 1145 1234 1168 cessuram.
1278 1136 1371 1167 PAR.
1396 1136 1497 1173 Here,
1509 1135 1704 1176 permittisne
1715 1145 1761 1166 me

306 1180 395 1213 hodie
408 1191 587 1222 cognoscere
602 1193 641 1215 em
658 1186 701 1223 te,
717 1183 789 1223 quid
804 1182 882 1213 illud
897 1182 952 1221 sit,
965 1181 1045 1221 quod
1061 1179 1132 1211 boni
1147 1179 1205 1210 tibi
1213 1176 1307 1218 feci?
1352 1179 1453 1211 ΡΑΜ.
1479 1179 1552 1210 Non
1564 1178 1714 1220 permitto
1728 1181 1759 1209 te

919 1296 1159 1309 mm!

307 1376 400 1408 cedit
416 1376 618 1416 trochaicuS‚
633 1378 809 1408 contracto
824 1376 927 1407 sciunt
941 1375 973 1406 in
989 1385 1089 1407 unam
1106 1374 1283 1417 syllabam.
1303 1374 1361 1405 Fa.
1386 1373 1516 1404 Iterum
1532 1372 1760 1406 Trochaicum

305 1421 359 1450 hic
375 1420 495 1460 quaerit
511 1419 674 1458 Faernus,
689 1430 765 1451 curn
782 1419 970 1450 Iambicum
985 1419 1184 1450 invenisset.
1209 1418 1307 1449 Bent.
1346 1416 1435 1448 Scire
1459 1416 1528 1447 duo
1553 1416 1637 1448 Mss.
1661 1416 1762 1449 Boecl.

306 1464 444 1494 Sciseere
461 1463 518 1494 Br.
535 1468 571 1494 et
588 1463 673 1494 GM.
690 1473 709 1493 a
723 1462 788 1493 2da
802 1472 916 1498 manu,
933 1472 1010 1503 quae
1033 1466 1069 1492 et
1091 1462 1228 1492 sciscunt
1246 1461 1277 1491 in
1294 1459 1411 1490 codem
1439 1459 1598 1500 scripsit:
1631 1459 1665 1490 hi
1687 1469 1762 1500 quos

303 1516 363 1547 pm·
379 1506 492 1543 fuerat
507 1506 587 1536 scire
601 1505 705 1536 sciunt
732 1504 849 1536 Guelf.
869 1507 985 1536 l.-·28
1009 1505 1072 1535 Est
1087 1513 1206 1544 oequum
1221 1503 1286 1534 duo
1302 1503 1385 1533 Mss.
1403 1503 1525 1533 tertius
1555 1511 1630 1543 quos
1657 1505 1761 1533 autem

307 1559 367 1580 non
381 1548 460 1580 scire
483 1559 602 1588 aquam
625 1551 683 1579 est.
720 1548 827 1579 ssoecl.
883 1547 971 1579 Scire
991 1557 1112 1588 oequum
1127 1550 1169 1578 est
1188 1546 1265 1586 Bip.
1297 1549 1343 1576 est
1357 1555 1476 1586 oequum
1491 1545 1572 1575 scire
1587 1545 1646 1576 Br.
1677 1545 1687 1561 ‘
1702 1545 1761 1576 lib.

306 1592 410 1632 antiq.
425 1590 617 1622 resciscunt?
642 1591 736 1622 Perl.
758 1590 924 1622 resciscent
948 1599 1064 1621 omnes
1081 1590 1166 1621 Mss.
1191 1588 1282 1629 apud
1307 1589 1368 1619 Fa.
1394 1593 1429 1618 et
1452 1588 1642 1619 Bam—29
1663 1587 1762 1618 Immo

306 1635 400 1665 etiam
417 1635 471 1665 hoc
484 1634 536 1675 qui
552 1634 700 1664 occultari
711 1633 814 1674 posse]
837 1633 877 1664 In
892 1634 989 1665 Bem.
1001 1643 1067 1664 non
1084 1636 1135 1664 est
1147 1642 1250 1673 posse,
1268 1631 1327 1662 sed
1345 1636 1379 1661 et
1394 1630 1426 1661 in
1444 1631 1539 1662 Vict.
1551 1635 1760 1671 expunctum

306 1683 380 1709 est:
407 1677 663 1708 collocationem
681 1687 759 1708 vero
784 1675 1054 1717 praecedentium
1071 1675 1252 1706 verborum
1270 1675 1380 1705 nullus
1403 1672 1490 1704 liber
1513 1674 1661 1714 scriptus
1675 1683 1763 1712 eam,

306 1730 382 1761 quae
401 1721 432 1750 in
450 1719 621 1760 impressis
640 1724 704 1760 est,
719 1719 833 1751 habet.
876 1719 944 1750 Sed
961 1720 1058 1750 Rem,
1075 1717 1223 1760 quidem,
1241 1718 1294 1758 qui
1308 1716 1458 1748 occultari
1472 1716 1527 1747 hoc
1539 1727 1550 1747 .·
1573 1716 1630 1747 alii
1646 1725 1762 1747 omnes

306 1763 359 1803 qni
385 1764 438 1794 hoc
462 1763 622 1794 occultari.
646 1772 747 1803 quam
761 1767 795 1793 et
813 1771 926 1793 veram
943 1762 1109 1793 arbitror:
1134 1761 1180 1791 ita
1194 1761 1283 1792 enim
1300 1759 1427 1798 optime
1443 1758 1601 1799 procedit
1617 1759 1764 1790 trochai-

307 1816 380 1845 cus,
398 1807 495 1837 Immo
510 1806 603 1836 etiam
620 1806 672 1846 qui
697 1806 752 1836 hoc
765 1805 912 1836 occultari
925 1805 1059 1843 facilius
1069 1805 1188 1842 credas,
1200 1803 1287 1834 dabo.
1312 1804 1370 1834 Fa.
1416 1802 1471 1833 Sic
1489 1811 1508 1832 a
1523 1801 1676 1833 Faerno:
1702 1801 1763 1832 sed

307 1849 443 1890 plurimi
461 1848 617 1887 Codices,
633 1849 735 1879 etiam
754 1848 894 1887 vetusti,
907 1849 1055 1879 occultari
1077 1857 1178 1888 posse,
1197 1856 1271 1877 cum
1288 1846 1384 1876 Posse
1401 1850 1500 1875 extra
1515 1854 1672 1875 numeros
1687 1854 1762 1876 cur-

306 1898 371 1923 rat.
415 1891 514 1924 Unde
531 1892 594 1922 hoc
612 1891 778 1930 evenerit,
801 1891 923 1922 dicam.
971 1890 1139 1922 Nimirum
1162 1889 1413 1928 intelligebant,
1437 1887 1479 1918 de
1496 1886 1610 1918 futuro
1625 1887 1680 1918 hic
1696 1887 1763 1928 agi,

311 1935 473 1966 occultari
495 1944 610 1975 possm
641 1944 707 1965 non
732 1934 764 1964 in
791 1933 954 1974 praeseuti
976 1932 1160 1968 Occultari‚·
1191 1932 1279 1973 quod
1297 1936 1332 1962 et
1349 1930 1478 1961 sciebat
1495 1930 1704 1970 Pamphilus,
1727 1936 1763 1961 et

306 1979 404 2019 parvi
422 1977 608 2019 pendebat,
622 1976 664 2008 de
681 1976 796 2007 futuro
814 1976 990 2007 sollicitus.
1038 1977 1146 2007 Recte
1163 1975 1210 2005 illi
1226 1974 1315 2015 quod
1335 1974 1377 2004 ad
1393 1973 1598 2004 sententiam
1614 1973 1764 2012 attinet3

308 2030 371 2061 ego
389 2021 492 2052 verba
518 2021 558 2052 iis
575 2020 760 2061 praestabo,
785 2020 883 2050 Immo
899 2020 993 2050 ctiam
1010 2019 1063 2060 qui
1079 2019 1133 2049 hoc
1153 2019 1301 2047 occultum
1322 2016 1366 2047 iri
1382 2015 1517 2053 facilius
1543 2016 1661 2051 credas,
1674 2015 1763 2047 dabo.

308 2065 412 2095 Beut.
435 2073 532 2104 quem
553 2063 704 2103 sequitur
732 2062 810 2102 Bip.
836 2067 884 2101 et,
910 2062 1029 2101 tacite,
1054 2061 1155 2092 Both.
1202 2059 1251 2090 M.
1267 2059 1324 2090 Tr.
1342 2068 1418 2090 cum
1445 2058 1662 2090 Leidensium
1685 2068 1764 2096 uno,

309 2107 469 2137 Occultarz'
483 2116 570 2146 posse
584 2105 727 2143 facilius.
752 2105 785 2135 iu
800 2114 868 2135 uno
890 2104 1159 2144 suprascriptum
1178 2112 1277 2144 posse.
1323 2103 1373 2133 Ex
1391 2101 1564 2141 impressis
1580 2102 1627 2132 ita
1642 2102 1764 2142 legunt

307 2150 439 2189 Juntae,
458 2149 577 2187 Aldus,
594 2148 678 2179 nob.
692 2148 897 2188 Stephanus,
909 2144 1480 2186 Fabrini,Pulmaunus‚Dacieria,
1497 2144 1762 2184 Antesignauns,

306 2193 433 2233 plures.
478 2191 544 2222 Sed
564 2196 598 2222 et
615 2191 659 2222 ita
675 2191 776 2222 estin
792 2190 1000 2221 editionibus
1014 2190 1138 2220 Venet.
1155 2188 1298 2228 Argent.
1316 2188 1428 2219 Anon.
1445 2187 1550 2218 Basil.
1574 2187 1649 2218 aliis
1664 2197 1673 2225 ;
1706 2195 1763 2218 ne-

307 2245 374 2276 que
391 2235 488 2266 aliter
505 2234 786 2266 Gambarellusin
803 2232 923 2264 Indice
940 2233 1242 2264 Observationum.
1265 2231 1310 2262 G.
1330 2229 1640 2270 Occultarifiicilius,
1664 2230 1763 2261 omis-

308 2287 344 2308 so
368 2278 434 2308 hoc.
468 2278 578 2308 W'est.
636 2277 731 2308 Posse
757 2276 982 2316 interponunt
999 2276 1084 2306 Mss.
1112 2284 1240 2313 omneS,
1266 2283 1350 2304 unus
1372 2273 1521 2303 occultari
1544 2273 1640 2314 legit.
1662 2273 1761 2306 Boecl.

309 2321 441 2355 Quihoc
456 2321 527 2351 sine
540 2329 629 2361 posse
641 2320 700 2350 Br.
713 2319 893 2350 Perl.—-30
918 2318 1048 2349 Omnes
1072 2317 1145 2348 fere
1171 2318 1193 2348 l.
1212 2327 1238 2348 s.
1263 2317 1365 2348 etiam
1382 2316 1619 2356 antiquissimi,
1637 2315 1762 2354 jureiu-

305 2365 404 2396 rando
421 2373 481 2404 per
496 2373 512 2394 e
528 2363 672 2393 habent:
710 2362 799 2403 quod
815 2361 841 2392 si
859 2360 1055 2402 recipimus,
1081 2361 1149 2391 erit
1173 2369 1271 2390 casus
1294 2363 1408 2390 rectus
1426 2358 1678 2397 jurejurandum.
1701 2359 1760 2390 Fa.

308 2407 427 2437 Nostri
444 2406 548 2437 etiam
565 2414 680 2436 omnes
696 2405 913 2444 jurejurando.
955 2404 1023 2434 Sed
1040 2403 1189 2435 Dativus
1217 2412 1291 2433 esse
1319 2411 1384 2432 non
1412 2406 1549 2440 potest3
1585 2409 1696 2442 neque
1723 2410 1765 2432 ea

307 2449 538 2480 Librariorum
555 2447 639 2479 fides
657 2453 722 2488 est,
739 2455 777 2479 ut
793 2448 905 2478 omnia
921 2448 1057 2478 omuino
1074 2447 1113 2476 iis
1127 2445 1364 2476 auscultemus.
1411 2443 1556 2483 Repone
1573 2443 1764 2482 jurijuran-

309 2493 347 2522 do
363 2502 436 2522 meo.
481 2491 625 2522 Plautus
643 2491 726 2523 Cist.
741 2499 781 2522 11.
798 2493 828 2521 1.
845 2493 898 2521 25.
914 2489 1002 2520 Alibi
1015 2499 1115 2530 quoere
1130 2488 1183 2519 ubi
1199 2486 1474 2526 tuojuraudojuri
1489 2487 1568 2518 sutis
1581 2486 1626 2517 sit
1635 2486 1766 2516 subsidi.

309 2534 397 2564 Vide
414 2543 473 2564 nos
486 2533 527 2565 ad
545 2533 650 2566 Andr.
665 2542 716 2565 1v.
734 2536 765 2564 3.
784 2535 835 2564 13.
859 2533 956 2563 Bent.
1001 2533 1081 2563 Jure
1095 2531 1234 2570 jurando
1247 2530 1380 2561 divisim
1398 2528 1515 2561 Guelf.
1533 2532 1562 2560 3.
1578 2529 1637 2559 ΒΓ.
1661 2528 1763 2569 junc-

310 2576 370 2606 tim
387 2577 472 2607 GM.
491 2581 525 2607 et
540 2577 626 2607 Mss.
643 2585 758 2606 omues
775 2575 863 2617 apud
882 2575 1072 2606 Rueck—31
1102 2574 1226 2614 Optime
1247 2573 1317 2603 sine
1343 2575 1389 2603 est
1410 2572 1555 2603 Br.-32
1582 2571 1683 2602 Nobis
1705 2571 1764 2602 de-

310 2624 361 2649 est
379 2618 411 2649 in
427 2617 545 2651 Guelf.
563 2622 679 2650 1.—33
704 2618 790 2649 Haec
807 2619 900 2649 varie
915 2618 1096 2658 leguntur3
1123 2618 1155 2647 in
1175 2616 1261 2652 aliis,
1279 2615 1369 2646 Licet
1383 2624 1430 2646 me
1443 2614 1535 2645 scire.
1560 2614 1593 2644 in
1611 2613 1697 2654 aliis,
1708 2614 1763 2645 Li-

309 2665 395 2692 celne
410 2671 455 2692 me
471 2661 561 2692 scire.
587 2671 661 2702 quae
681 2661 848 2702 posterior
864 2661 968 2692 lectio
983 2669 1116 2691 versum
1134 2659 1289 2699 impedit.
1318 2658 1419 2690 lVest.
1464 2657 1498 2688 Si
1516 2665 1701 2697 pronomen
1714 2667 1762 2688 me

311 2704 491 2743 deleveris,
509 2704 596 2744 quod
615 2714 677 2735 nec
693 2709 744 2735 est
762 2704 793 2734 in
810 2704 908 2734 Bem.
937 2713 998 2734 nec
1024 2703 1058 2733 in
1085 2701 1251 2742 aliquibus
1277 2701 1372 2731 libris
1394 2699 1537 2737 Donati,
1553 2698 1635 2731 nihil
1649 2699 1762 2730 sensui

311 2746 494 2786 deperibit,
509 2750 543 2776 et
562 2746 669 2776 versui
693 2746 884 2777 consultum
897 2746 975 2777 erit.
1014 2746 1069 2777 Fa.
1122 2746 1204 2776 Tres
1220 2748 1350 2775 tantum
1368 2752 1410 2774 ex
1427 2742 1549 2774 nostris
1562 2751 1610 2772 me
1624 2742 1764 2774 habent.

312 2790 408 2821 Bene.
455 2789 510 2820 Me
532 2789 612 2820 scire
636 2789 719 2820 Mss.
744 2798 870 2821 omnes.
906 2789 1000 2820 Boecl.
1026 2793 1060 2820 et
1086 2788 1134 2819 sic
1160 2787 1221 2818 ΒΓ.
1257 2787 1330 2826 quid
1357 2785 1391 2817 id
1411 2788 1457 2816 est
1480 2784 1667 2817 Both—34
1699 2785 1763 2816 Vos
