1966 3302
279 208 364 250 810
776 220 814 249 P.
846 218 1090 249 TERENTu
1124 220 1240 250 Astu

279 316 404 357 PAR.
438 314 540 355 Non
562 316 629 354 est
650 326 761 367 opus
782 313 983 367 prolato:
1013 313 1097 355 hoc
1118 316 1415 368 percontarier

281 383 474 425 Desiste.
535 381 680 422 PH11..
713 381 889 434 Nempe
910 395 962 422 ea
982 395 1136 432 causa,
1158 387 1208 422 ut
1228 396 1283 423 ne
1303 383 1347 423 id
1370 382 1448 424 fiat
1465 383 1627 437 palam.
1677 383 1734 425 30

280 451 356 492 Ita
378 464 445 491 me
470 450 529 492 Di
551 450 772 499 amabunt,
794 449 912 490 haud
935 454 1171 503 propterea
1193 454 1236 490 te
1259 463 1381 503 rogo,

282 517 344 558 Ut
363 519 446 559 hoc
469 517 706 572 proferam,
730 517 807 558 sed
828 523 880 558 ut
901 518 1037 558 tacita
1055 531 1226 559 mecum
1250 517 1479 571 gaudeam.

280 585 405 627 PAR.
439 585 681 638 Nunquam
699 585 820 626 dices
841 589 928 625 tam
951 586 1195 635 commode,
1212 590 1262 626 ut
1283 588 1449 638 tergum
1471 597 1620 626 meum

279 653 422 695 Tuam
443 654 485 693 in
508 653 636 694 fidem
659 654 943 694 committam.
1004 652 1148 693 Pan..
1178 651 1275 694 Ah!
1305 652 1414 702 noli,
1436 652 1656 694 Parmeno
1675 668 1686 702 ;

282 719 427 771 Quasi
446 725 491 762 tu
512 734 599 762 non
616 721 754 761 multo
776 720 906 761 malis
927 732 1098 760 narrare
1118 720 1201 761 hoc
1221 720 1341 770 mihi,
1673 719 1731 761 35

283 787 432 839 Quam
454 802 554 842 ego,
587 801 689 842 quae
716 792 965 841 percontor,
990 787 1118 828 scire.
1178 787 1303 829 PAR.
1334 786 1458 828 Vera
1490 787 1588 829 haec
1620 801 1733 842 prae-

455 857 599 908 dicat3

288 925 350 966 Et
370 924 476 965 illud
497 923 604 964 mihi
624 923 781 965 vitium
800 921 854 963 'st
874 934 1142 962 maxumum.
1203 921 1251 962 Si
1273 921 1376 963 mihi
1396 922 1529 964 fidem

289 993 403 1042 Das,
426 997 467 1033 te
492 992 739 1041 tacituram,
760 991 920 1031 dicam.
982 989 1129 1030 Pau..
1161 989 1232 1030 Ad
1254 990 1471 1042 ingenium
1493 990 1621 1033 redis.

288 1059 444 1101 Fidem
481 1059 562 1100 do:
594 1059 791 1111 loquere.
851 1057 976 1099 PAR.
1010 1056 1244 1099 Ausculta.
1307 1057 1452 1098 Pau..
1485 1057 1592 1125 1539
1623 1071 1735 1100 sum.

456 1127 585 1168 PAR.
619 1127 751 1168 Hanc
775 1126 1049 1167 Bacchidem

284 1270 460 1300 declarare:
483 1269 585 1300 desine
596 1269 629 1300 ia
643 1270 765 1300 curiose
779 1270 946 1310 inquirere.
981 1269 1053 1300 ΡΗ.
1080 1267 1240 1299 Nimirum
1256 1277 1293 1298 ne
1304 1267 1338 1298 id
1343 1267 1407 1308 fiat
1420 1266 1629 1305 manifestum,
1644 1275 1740 1307 quare

285 1322 344 1342 uon
359 1313 421 1342 sint
429 1312 546 1352 firmoe.
591 1313 644 1343 Ita
660 1323 705 1344 me
731 1313 790 1343 Dii
806 1313 878 1343 bene
901 1316 1016 1350 ament,
1042 1322 1099 1341 uon
1114 1314 1240 1351 propter
1255 1321 1321 1341 eam
1337 1320 1459 1341 causam
1478 1313 1508 1341 te
1523 1309 1690 1348 interrogo,
1704 1311 1739 1338 ut

284 1355 341 1385 hoc
354 1355 516 1395 publicem,
531 1356 582 1385 sed
596 1359 631 1386 ut
648 1357 774 1386 tacitam
788 1358 867 1396 apud
882 1366 929 1386 me
941 1355 1126 1394 voluptatem
1138 1353 1268 1393 capiam,
1283 1357 1315 1383 ut
1328 1354 1361 1383 in
1377 1353 1446 1383 sinu
1456 1354 1623 1392 gaudeam.
1668 1351 1735 1382 ΡΛ.

286 1398 459 1438 Nunquam
473 1401 536 1428 tam
560 1398 665 1429 idonee
680 1403 710 1430 et
734 1403 804 1438 apte
819 1398 968 1438 eloqueris
983 1398 1023 1427 ad
1035 1397 1290 1438 persuadendum,
1310 1399 1344 1426 ut
1360 1399 1480 1434 tergum
1497 1404 1593 1425 meum
1609 1395 1642 1425 iu
1657 1396 1739 1425 tute·

287 1441 351 1471 lam
378 1444 463 1472 tuam
490 1442 609 1472 dedam.
655 1441 726 1472 ΡΗ.
751 1441 804 1471 Ah
820 1442 894 1480 noli,
910 1441 1071 1474 Parmeno,
1097 1439 1198 1470 dicere
1221 1439 1309 1475 talia,
1326 1439 1412 1478 quasi
1429 1442 1462 1468 ta
1478 1447 1534 1468 non
1552 1437 1652 1477 potius
1666 1436 1741 1467 velis

285 1483 341 1513 hoc
370 1483 447 1514 mihi
471 1494 716 1522 commemorare,
740 1494 830 1524 quam
856 1493 923 1522 ego,
953 1493 1020 1522 quoe
1049 1482 1215 1522 inquiram,
1244 1481 1398 1511 iuaudire.
1446 1480 1511 1512 ΡΑ.
1539 1480 1652 1511 Verum
1674 1479 1739 1509 hoec

285 1525 398 1556 mulier
413 1528 490 1556 dicit
504 1537 515 1563 ,·
544 1531 573 1557 et
590 1529 674 1557 istud
689 1527 798 1558 vitium
814 1526 889 1557 mihi
901 1526 1060 1566 proprium
1081 1528 1137 1561 est,
1152 1528 1252 1555 tacere
1278 1533 1338 1554 uon
1350 1533 1446 1563 posse.
1490 1523 1561 1555 PH.
1583 1522 1637 1553 Aa
1649 1525 1740 1553 natu-

285 1579 355 1599 ram
370 1572 452 1600 tuam
466 1571 626 1608 garrulam
641 1573 671 1600 et
692 1571 846 1610 loquacem
870 1569 966 1600 redis.
1012 1568 1079 1599 PA.
1106 1567 1144 1599 Si
1159 1567 1235 1598 mim·
1249 1566 1406 1606 promittis
1419 1569 1451 1596 te
1464 1567 1644 1603 celaturam,
1659 1566 1740 1605 quod

287 1612 402 1651 quoeris
425 1613 456 1642 id
480 1612 646 1652 proferam.
694 1613 761 1644 ΡΗ.
786 1613 945 1643 Promitte
973 1621 1021 1642 me
1050 1611 1236 1645 tacituram,-
1258 1619 1364 1640 narra.
1411 1609 1474 1639 ΡΑ.
1497 1608 1583 1639 Audi
1610 1610 1740 1639 attente.

289 1654 362 1686 Pu.
387 1655 509 1686 Parata
522 1666 588 1686 sum
603 1657 643 1687 ad
661 1656 854 1687 audiendum.
899 1655 965 1686 ΡΑ.
989 1654 1083 1685 Ηαηι·
1099 1652 1287 1684 Bacchidem
1306 1651 1491 1693 Pamphilus
1505 1654 1570 1682 tam
1583 1652 1741 1683 vehemen-

899 1759 1136 1773 eeeeeeeeeeee

290 1840 475 1872 Romi—30
499 1839 558 1870 ΒΓ.
588 1839 770 1878 distinguit
794 1839 924 1880 palam?
945 1838 1121 1879 <sic).—31
1149 1838 1237 1869 Haec
1255 1836 1345 1868 varie
1360 1836 1523 1876 leguntur
1545 1835 1577 1865 in
1603 1834 1687 1865 Mss.
1704 1838 1741 1865 et

289 1884 368 1914 edd.
385 1883 433 1914 ita
445 1884 533 1913 medi
550 1883 620 1913 bene
633 1883 793 1921 amabunt,
809 1884 860 1913 vel
875 1884 920 1913 ita
931 1893 977 1913 me
988 1883 1021 1913 (Ιὶ
1033 1882 1105 1913 bene
1117 1884 1233 1917 amant,
1248 1881 1300 1910 vel
1311 1881 1357 1910 ita
1371 1889 1417 1909 me
1429 1879 1463 1909 di
1476 1877 1633 1908 amabunt.
1649 1877 1739 1917 Guy.

288 1926 458 1957 amassint:
482 1926 636 1966 expressi
664 1926 844 1957 lectionem
870 1927 959 1956 Mur.
977 1931 1012 1956 et
1030 1925 1103 1955 Riv.
1132 1925 1228 1954 West.
1272 1921 1313 1953 Τὸ
1336 1922 1408 1952 bene
1427 1930 1493 1952 non
1517 1920 1620 1950 habet
1643 1920 1740 1950 Bem.

290 1978 354 1999 nec
372 1969 434 1999 Do.
451 1968 507 1998 sed
536 1978 600 1998 non
628 1972 696 1999 stat
715 1979 843 2006 versus,
862 1969 921 1999 nisi
939 1969 1032 2007 legas
1060 1966 1218 2005 amabunt,
1234 1975 1276 1996 ex
1300 1964 1418 1995 eodem
1442 1965 1510 1994 Do.
1529 1963 1586 1994 Fa.
1625 1962 1742 1993 Nostri

291 2011 364 2042 bene
379 2014 491 2042 ament.
507 2012 607 2042 Bent.
635 2012 692 2042 Sic
707 2013 715 2028 ‘
729 2012 808 2043 Vet.
824 2011 920 2042 Cod.'
939 2011 1030 2042 Lina.
1046 2019 1178 2040 necnon
1191 2018 1306 2039 omnes
1322 2007 1411 2046 apud
1428 2006 1536 2037 Boecl.
1550 2012 1584 2036 et
1596 2006 1742 2035 Bru—32

290 2054 373 2085 Hoec
389 2052 504 2086 Guelf.
524 2057 550 2085 l.
566 2054 620 2084 hoc
644 2054 741 2086 deest
764 2054 796 2085 in
821 2054 949 2084 duobus
965 2053 1052 2093 apud
1078 2053 1185 2083 Boecl.
1209 2056 1245 2082 et
1261 2051 1310 2082 sic
1334 2050 1432 2081 Both.
1451 2047 1616 2086 Proferam
1631 2047 1687 2078 hoc
1702 2048 1741 2078 C.

290 2107 408 2128 mecum
434 2102 468 2128 ut
494 2097 591 2128 Both.
615 2098 816 2128 tacite.-——33
843 2097 1020 2136 Numquam
1038 2096 1122 2126 dices
1143 2095 1222 2134 tam]
1250 2095 1301 2124 Ex
1331 2103 1362 2124 ο.
1387 2094 1410 2123 l.
1439 2101 1465 2122 s.
1493 2100 1656 2131 numquam
1679 2093 1743 2121 tam

289 2141 384 2172 dices.
409 2141 469 2171 Fa.
500 2141 556 2170 Sic
574 2144 608 2170 et
623 2141 742 2172 nostri.
764 2141 948 2171 Bene—34
970 2139 1023 2170 Ah
1038 2139 1120 2169 noli.-
1143 2137 1202 2168 sed
1220 2136 1299 2178 qnid
1319 2136 1453 2166 tandem
1470 2135 1560 2165 nolle
1576 2133 1743 2164 hominem

292 2183 386 2214 vult?
410 2193 484 2213 nain
502 2183 565 2213 hoc
581 2188 702 2222 sponte
718 2183 862 2222 intelligi
879 2192 975 2212 nemo
991 2182 1056 2212 sibi
1072 2180 1234 2222 postulet.
1279 2179 1454 2209 Donatus:
1473 2178 1482 2194 ‘
1499 2176 1689 2207 Artificiose
1707 2185 1743 2206 se

292 2225 394 2266 tingit
411 2227 525 2256 audire
556 2226 657 2264 nolle,
675 2232 710 2256 ut
734 2226 879 2256 tacitura
902 2225 1075 2262 credatur,
1090 2224 1117 2254 si
1141 2221 1300 2258 audierit,
1316 2222 1395 2262 quia
1417 2219 1594 2251 curiositas
1611 2219 1744 2257 signum

293 2274 346 2299 est
378 2268 609 2309 loquacitatis.
654 2268 709 2299 Sic
740 2269 860 2299 Horat.
894 2268 1201 2298 ‘Percontatorem
1225 2263 1345 2304 fugito,
1369 2273 1442 2294 nam
1467 2261 1622 2303 garrulus
1653 2260 1742 2291 idem

294 2310 372 2342 est?
386 2310 394 2323 ’
433 2312 535 2341 Vides
553 2311 809 2350 grammaticum
828 2312 859 2341 in
885 2311 952 2341 suis
970 2311 1064 2341 libris
1081 2308 1248 2339 iuvenisse
1271 2308 1351 2346 uolo,
1367 2305 1455 2347 quod
1486 2304 1586 2344 paulo
1602 2303 1742 2334 melius:

295 2353 356 2384 sed
374 2363 503 2387 verum,
520 2355 551 2383 ui
570 2354 780 2392 fallormnvi:
805 2354 871 2385 vid.
889 2354 974 2384 Eun.
991 2356 1064 2383 229.
1088 2351 1272 2382 Bosa—36
1296 2347 1478 2386 Perconter]
1495 2347 1589 2377 Bem.
1606 2350 1642 2376 et
1652 2347 1744 2377 Vict.

292 2400 466 2436 percontor.
493 2397 550 2427 Fa.
586 2398 662 2427 Duo
700 2407 740 2426 ex
768 2397 891 2427 nostris
924 2399 1106 2436 percontor:
1137 2393 1244 2424 ceteri
1275 2395 1446 2432 perconter.
1490 2389 1590 2420 Prius
1618 2389 1744 2428 placet.

296 2438 410 2479 Atque
433 2440 494 2469 hoc
521 2437 704 2476 diffe1·nnt;
729 2440 756 2469 si
783 2442 942 2477 perconter·
964 2438 1095 2478 legeris,
1120 2441 1189 2466 tum
1214 2434 1296 2465 ordo
1325 2434 1402 2472 erit,
1425 2432 1559 2464 ‘Quam
1581 2440 1643 2470 ego
1668 2431 1743 2462 volo

296 2482 382 2512 scire
411 2491 448 2512 ea
473 2492 546 2522 (γι-οε
573 2482 788 2520 perconter3'
819 2483 868 2512 sin
896 2486 1007 2511 autem
1024 2480 1219 2512 Pacorum-,-
1242 2483 1310 2508 tum
1328 2477 1381 2507 hic
1408 2475 1491 2507 ordo
1516 2480 1580 2512 est,
1602 2476 1611 2490 ‘
1633 2474 1742 2506 Quam

295 2534 360 2564 ego
389 2534 462 2564 quae
495 2530 676 2563 percontor
705 2525 781 2555 volo
807 2525 893 2555 scire
924 2523 1006 2555 hoel
1038 2523 1134 2553 Bent.
1162 2529 1276 2551 omnes
1306 2519 1393 2560 apud
1420 2517 1526 2549 Boecl.
1554 2519 1743 2556 percuncter.

296 2569 393 2598 —37.
417 2570 457 2596 38
483 2568 522 2597 Et
553 2566 626 2597 illud
651 2567 762 2597 vitium
786 2567 862 2597 mihi
889 2567 1055 2597 maximum
1076 2568 1121 2596 est
1145 2563 1211 2594 duo
1236 2562 1318 2592 Mss.
1358 2563 1449 2592 Dou.
1475 2560 1572 2590 Beni.
1600 2559 1678 2589 Bas.
1708 2565 1743 2590 et

299 2609 400 2649 aliqui
419 2610 472 2638 alii
494 2610 540 2638 ita
557 2610 735 2646 collocant,
749 2611 887 2640 vitiumsl
901 2609 1079 2639 maximum.
1098 2608 1155 2637 Fa.
1185 2606 1229 2635 Et
1247 2605 1365 2635 nostri.
1379 2604 1474 2634 Beni.
1491 2602 1633 2632 etsiillud
1648 2602 1708 2631 ΒΥ.
1726 2612 1744 2632 e

299 2662 351 2691 pr.
368 2662 410 2682 tn.
428 2656 456 2682 et
476 2662 491 2681 e
509 2654 583 2682 2da.
601 2652 671 2682 illuc
695 2653 795 2683 Both.
817 2653 934 2689 tacite,
949 2657 984 2681 et
1005 2651 1052 2682 sic
1069 2650 1161 2681 Perl-
1200 2648 1311 2678 Fidem
1335 2647 1412 2677 mihi
1435 2646 1473 2676 Si
1498 2646 1564 2683 das,
1578 2643 1744 2675 tacituram

298 2694 401 2725 Both.
420 2700 455 2724 et
471 2696 518 2724 sic
537 2695 628 2725 l'crl.
647 2700 772 2734 praetvr
787 2699 816 2725 te
828 2696 1003 2726 tacituram.
1037 2693 1089 2723 Ad
1104 2691 1262 2730 ingenium
1275 2689 1374 2729 redis]
1399 2688 1443 2719 H.
1457 2698 1486 2717 e.
1502 2687 1544 2717 ad
1556 2687 1743 2717 naturalem

298 2737 545 2773 garrulitatem.
595 2737 759 2768 Festivius
786 2738 862 2776 erit,
876 2738 903 2767 si
932 2747 1008 2767 cuni
1032 2735 1216 2767 (lodicibus
1241 2731 1437 2773 quibusdam
1467 2731 1571 2770 lega5‚
1587 2728 1639 2759 Aa
1658 2730 1745 2765 inge·

297 2781 384 2811 nium
410 2781 509 2811 redie:
535 2785 570 2811 ut
587 2779 704 2811 itidem
729 2779 770 2811 ad
787 2785 998 2821 spectatores
1018 2786 1184 2810 conversa
1210 2774 1395 2807 Philotium
1419 2774 1492 2805 haec
1519 2772 1621 2804 dicat·
1658 2773 1746 2803 Sunt
