1966 3302
241 235 327 278 782
738 245 779 275 P.
812 242 1053 273 'rnRENTn
1088 242 1215 276 AFRL

243 344 435 386 Student
452 343 622 384 facere:
655 343 699 383 in
720 341 976 396 apparando
998 343 1264 382 consumunt
1285 337 1418 379 diem.

244 413 336 454 DE.
368 411 487 462 Quid
524 411 678 463 agitur,
715 409 964 451 AEschine'?
1040 409 1143 450 AEs.
1177 407 1312 448 Ehem
1333 407 1341 447 !
1379 410 1508 460 pater
1542 406 1616 456 mi,
1647 411 1696 447 tu

415 479 486 520 hic
509 491 608 518 eras
625 478 642 517 2
1122 487 1125 490 ·

246 548 336 589 DE.
366 546 491 588 Tuus
511 545 658 587 hercle
681 557 783 586 vero
805 549 851 585 et
872 544 1019 585 animo
1042 546 1085 584 et
1103 546 1258 583 natura
1281 546 1422 595 pater,

245 615 335 665 Qui
358 619 402 654 te
423 617 541 654 amat
561 612 663 667 plus
686 625 819 666 quam
839 611 970 652 hosce
990 610 1144 652 oculos
1162 624 1172 652 :
1205 610 1280 651 sed
1313 623 1389 650 cur
1408 612 1496 649 non
1517 607 1695 649 domum

246 682 446 723 Uxorem
468 681 688 722 arcessis?
764 679 864 721 AES.
888 679 1032 732 Cupio
1050 692 1059 720 ε
1081 692 1227 720 verum
1250 679 1335 719 hoc
1347 677 1451 717 mihi
1470 689 1604 718 moroe
1620 675 1702 727 'st;

243 749 468 797 Tibicina,
490 752 531 789 et
552 748 845 802 Hymenaeum
868 749 943 800 qui
974 751 1165 788 cantent.
1227 746 1318 788 Du.
1352 745 1473 787 Eho!

245 815 350 858 Vin’
386 821 434 857 tu
466 815 567 856 huic
600 816 690 856 seni
726 815 1011 857 auscultare?
1073 815 1173 856 AEs.
1206 814 1356 866 Quid?
1431 815 1522 855 DE.
1555 812 1703 854 Missa

416 883 513 923 haec
533 883 654 933 sace;

246 1051 358 1086 facere.
382 1048 420 1078 In
436 1051 587 1088 apparata
598 1046 846 1077 caerimoniarum
862 1049 959 1078 totum
974 1047 1155 1086 transigunt
1170 1046 1261 1077 diem.
1300 1046 1373 1078 DE.
1401 1044 1485 1082 Quid
1492 1045 1550 1087 fit,
1565 1043 1690 1076 AEschi-

247 1092 307 1125 ne?
352 1091 420 1122 AEs.
444 1091 554 1127 Ehem,
567 1093 656 1129 pater
672 1090 726 1128 mi,
749 1093 822 1121 tune
841 1089 891 1120 hic
907 1089 996 1123 eras?
1040 1091 1109 1121 DE.
1135 1090 1217 1120 Tuus
1240 1089 1407 1121 mehercule
1431 1093 1522 1129 pater
1546 1098 1613 1119 sam
1634 1097 1696 1118 mm

246 1136 349 1166 minus
364 1135 466 1165 animo
488 1143 578 1173 quam
601 1136 727 1170 natura,
747 1134 799 1172 qm·
826 1136 857 1163 te
878 1134 949 1173 plus
963 1133 1059 1164 oculis
1074 1133 1156 1164 hisce
1171 1142 1249 1164 amo.
1299 1132 1412 1164 Verum
1426 1141 1480 1163 cur
1495 1141 1556 1162 non
1571 1139 1711 1164 uxorem,

245 1180 367 1209 domum
381 1177 585 1208 deducendam
600 1179 712 1206 curas?
757 1175 824 1206 AEs.
851 1176 961 1216 Cupio,
986 1176 1037 1206 sed
1052 1179 1177 1216 expecto
1193 1175 1364 1214 tibicinam,
1377 1175 1487 1215 quique
1502 1174 1695 1216 hymenoeum

246 1225 381 1252 cantent.
428 1220 494 1251 DE.
523 1219 616 1251 Visne
638 1218 716 1249 mihi
737 1220 886 1250 credere?
928 1219 998 1250 AEs.
1024 1219 1129 1255 Quid?
1172 1219 1243 1250 DE.
1265 1219 1396 1259 Insuper
1417 1218 1482 1249 haec
1508 1217 1599 1258 habe,
1621 1226 1695 1256 aeg·
1710 1215 1715 1244 J

854 1337 870 1349 Ι
877 1336 1096 1350 OOOO'UOOOOO

249 1436 279 1457 ‘m
296 1424 435 1456 elidere.
463 1424 523 1455 Fa.
567 1423 671 1465 Atqui
697 1423 729 1455 id
758 1424 897 1456 solenne
923 1429 986 1463 est,
1009 1423 1185 1465 ‘quidem’
1210 1428 1415 1464 postremam
1433 1422 1608 1462 corripere
1624 1426 1703 1453 ante

249 1473 503 1500 consonantem.
548 1468 557 1484 ‘
574 1467 741 1508 Equidem
768 1467 947 1507 occidua&
972 1477 1011 1498 ea
1028 1472 1132 1497 aetate
1155 1465 1343 1497 inauditum
1360 1466 1440 1497 erit.
1487 1464 1596 1495 Etiam
1616 1465 1706 1496 ultra

251 1511 397 1552 Augusti
415 1511 577 1540 saeculnm
595 1510 793 1550 perduravit
808 1520 890 1549 mos,
905 1520 971 1541 non
988 1510 1051 1540 nisi
1066 1510 1184 1550 primae
1204 1519 1355 1550 personae
1379 1510 1387 1525 ‘
1405 1507 1560 1549 equidem
1572 1507 1579 1519 ¹
1598 1508 1707 1548 jungi.

252 1555 350 1585 Bcnt.
394 1553 549 1584 Occidunt
560 1563 607 1584 me
622 1553 757 1593 quidem,
773 1554 844 1584 dum
857 1552 953 1584 nimis
966 1563 991 1583 s.
1005 1563 1036 1584 n.
1060 1553 1194 1584 Student
1212 1552 1322 1590 facere
1332 1562 1342 1582 .·
1364 1550 1396 1582 in
1411 1552 1589 1592 apparando
1603 1553 1702 1582 totam

250 1609 277 1628 c.
294 1598 325 1628 d.
369 1597 470 1627 Ultra
496 1606 684 1627 mensuram
712 1596 863 1627 excurrit
890 1597 1005 1627 horum
1023 1606 1089 1626 vss.
1107 1595 1296 1636 posterior:
1322 1594 1377 1625 cui
1403 1594 1485 1625 vitio
1504 1593 1706 1624 inedicaturi

251 1641 312 1671 Fa.
326 1642 361 1671 et
377 1640 478 1670 Bent.
495 1639 633 1670 verbum
650 1642 747 1670 totam
765 1638 1019 1680 expungebant‚
1043 1639 1176 1678 gravius
1193 1637 1225 1668 id
1251 1637 1387 1679 quidem
1405 1641 1441 1667 et
1457 1637 1582 1676 ruptim,
1605 1645 1706 1677 quam

252 1682 343 1723 quod
360 1683 411 1713 vel
431 1682 550 1713 abesse
567 1682 732 1723 quispiam
760 1683 889 1722 cupiat,
914 1681 967 1712 vel
984 1681 1026 1712 ab
1043 1681 1292 1722 interpolatore
1314 1689 1493 1720 procusum
1518 1689 1592 1710 esse
1617 1679 1708 1710 arbi-

253 1731 377 1756 tretur.
414 1725 522 1755 Iinrno
539 1725 644 1756 verha
667 1726 676 1742 ⁶
690 1726 722 1755 iu
742 1724 940 1765 apparando
957 1728 1066 1755 totum
1082 1728 1285 1755 consumunt
1301 1724 1390 1754 diem
1405 1722 1412 1735 '
1437 1722 1606 1753 senarium
1624 1722 1706 1753 iam-

253 1769 365 1800 bicum
381 1768 594 1799 constituunt
621 1767 776 1798 omnibns
802 1767 870 1798 suis
896 1767 1044 1798 numeris
1071 1767 1273 1797 absolutum.
1319 1767 1397 1798 Non
1420 1766 1524 1805 igitur
1544 1765 1618 1796 haec
1637 1770 1709 1796 tan-

254 1811 379 1851 genda,
402 1810 459 1841 sed
489 1810 522 1840 in
545 1810 818 1850 praecedentibus
837 1811 929 1841 ulcus
946 1809 1165 1850 qnam-endum
1180 1815 1265 1841 erat.
1312 1809 1446 1849 Nempe
1463 1818 1538 1839 cuin
1557 1806 1593 1838 τὸ
1615 1809 1624 1824 ‘
1640 1813 1711 1838 stu·

253 1854 336 1884 dent
349 1854 357 1867 '
380 1863 428 1886 ex,
440 1853 547 1883 altero
566 1863 664 1884 versu
682 1854 714 1883 in
733 1853 878 1884 alterum
895 1852 984 1883 forte
1003 1857 1094 1883 esset
1111 1853 1324 1889 translatum,
1342 1853 1443 1882 verba
1459 1853 1467 1867 ‘
1483 1860 1535 1880 ine
1551 1849 1688 1891 quidem
1705 1849 1713 1862 '

254 1897 368 1927 nescio
388 1896 461 1936 quis
479 1895 615 1927 addidit
632 1896 673 1926 ad
692 1905 848 1927 numeros
865 1895 1095 1935 integmudos,
1122 1895 1210 1925 sicut
1233 1895 1357 1934 passim
1375 1893 1571 1935 pronomina
1587 1893 1708 1924 scribae

256 1939 432 1970 infersere.
478 1939 487 1955 ⁶
502 1939 631 1969 Facere
645 1937 653 1951 ’
676 1939 774 1979 pejus
799 1940 900 1970 ctiam
927 1939 1109 1979 glossema,
1135 1945 1170 1968 ut
1195 1937 1283 1978 quod
1301 1946 1342 1967 ne
1360 1946 1491 1967 versun]
1509 1935 1645 1977 quidem
1663 1938 1712 1966 in·

256 1988 343 2013 tret:
369 1991 445 2012 nain
462 1981 552 2022 quod
570 1983 673 2013 Bent.
691 1982 938 2022 corripiendam
957 1986 1056 2021 putat
1084 1981 1177 2011 verbi
1200 1985 1208 1998 ‘
1221 1979 1358 2010 student
1374 1978 1382 1992 '
1406 1979 1628 2019 posteriorem
1647 1979 1712 2019 syl·

256 2026 380 2064 labam,
402 2024 558 2055 similiter
582 2025 695 2064 lapsus
724 2031 777 2055 est
802 2024 853 2054 vir
879 2024 1036 2065 egregius
1065 2029 1166 2064 atque
1185 2023 1292 2054 Andr.
1308 2031 1348 2054 11.
1363 2025 1437 2053 6.S.
1485 2021 1646 2062 Ejusdem
1663 2021 1712 2051 fa-

256 2069 345 2099 bulae
360 2077 385 2097 1.
404 2071 433 2097 l.
451 2070 503 2098 31.
523 2067 626 2098 habes
648 2067 716 2097 ‘nil
733 2067 917 2105 studebat,'
940 2072 975 2097 et
992 2066 1040 2097 sic
1059 2067 1180 2107 passim
1206 2068 1214 2084 ‘
1230 2065 1368 2096 studere
1381 2064 1388 2078 ⁷
1415 2069 1606 2104 usurpatur.
1654 2064 1712 2095 Ta-

257 2115 323 2141 tum
340 2110 444 2140 nostri
462 2119 589 2140 omnes.
612 2110 708 2140 Both.
734 2110 789 2150 qui
814 2109 892 2140 iude
916 2110 1013 2149 legit,
1040 2110 1079 2140 0.
1102 2110 1173 2140 dum
1189 2108 1282 2140 nimis
1293 2111 1416 2138 sanctas
1430 2107 1554 2148 nuptias
1568 2107 1691 2137 student
1704 2118 1714 2138 .-

257 2154 297 2184 Ιη
313 2154 490 2193 apparando
508 2155 605 2183 totum
618 2156 795 2183 consumunt
812 2153 904 2183 diem.
938 2155 947 2169 ‘
962 2152 1076 2183 Nimis
1108 2153 1346 2183 Subtraxinius
1359 2149 1396 2181 τὸ
1411 2160 1438 2187 s,
1464 2155 1500 2179 ut
1517 2150 1627 2180 versui
1644 2159 1713 2182 me-

258 2197 321 2227 lius
339 2196 601 2233 consuleremus,
624 2205 721 2235 quain
748 2195 828 2233 alii3
853 2195 941 2235 quod
962 2195 1035 2235 jam
1063 2196 1188 2235 passini
1213 2193 1356 2225 fecimus
1380 2194 1413 2223 in
1431 2192 1564 2223 modurn
1581 2193 1711 2233 antiqui

257 2237 441 2270 sermonis!
467 2238 541 2278 Rip.
565 2248 639 2279 quae
657 2238 758 2268 etiam
773 2238 910 2277 equidem
926 2238 1085 2278 legin—2
1108 2239 1167 2269 ΒΓ.
1185 2238 1224 2269 Ζ.
1239 2239 1272 2268 in
1288 2237 1463 2277 apparando
1478 2238 1578 2266 totam
1594 2234 1711 2266 Guelf.

260 2285 287 2312 l.
308 2285 404 2312 totum
429 2281 518 2311 hunc.
542 2284 573 2312 2.
596 2285 624 2312 et
648 2291 719 2321 app.
743 2284 843 2311 totum
865 2280 1019 2312 kima—3
1043 2281 1122 2312 Vct.
1145 2280 1221 2312 cod.
1239 2290 1294 2320 ap.
1312 2278 1410 2311 Lind.
1426 2278 1494 2310 tun'
1508 2277 1557 2308 hic:
1568 2280 1714 2308 eras—4

259 2323 375 2356 Guelf.
391 2326 422 2354 3.
437 2327 582 2355 vera-5
607 2325 674 2354 Ms.
701 2324 746 2354 G.
775 2334 849 2354 cuni
874 2324 938 2355 ET.
965 2330 996 2354 et
1026 2324 1106 2355 EM.
1133 2325 1255 2354 domum
1275 2323 1422 2357 Uxorem,
1439 2330 1550 2361 quaeso,
1566 2321 1716 2351 arccssis?

260 2368 306 2398 Et
322 2376 413 2405 mox,
430 2376 524 2396 mora.
572 2367 700 2397 Rursus
715 2378 722 2397 ε
744 2367 890 2406 Turbam,
904 2366 1106 2406 lzymenoeum.
1132 2367 1240 2397 West.
1256 2366 1288 2396 in
1307 2364 1464 2396 Aduena.
1511 2363 1623 2405 Quoeso
1640 2369 1716 2402 post

259 2412 339 2440 (ἰωη.
365 2408 481 2440 Guelf.
506 2411 605 2439 3.—0
630 2410 688 2440 ΒΥ.
721 2410 858 2440 Uxorem
881 2419 984 2448 qaoeso
1006 2407 1159 2441 accersis?
1185 2431 1284 2440 .....
1308 2417 1394 2438 mora
1417 2410 1473 2438 est.
1524 2405 1636 2437 Verum
1662 2405 1717 2436 hoc

259 2453 338 2483 mihi
354 2462 440 2482 mora
462 2455 519 2482 est.
565 2453 666 2481 Liber
689 2452 908 2483 Victorianus
935 2462 1048 2482 moroe:
1074 2457 1191 2491 postea
1214 2451 1421 2490 diphthongo
1447 2449 1714 2489 superscriptum

261 2501 313 2525 est
331 2506 367 2525 a:
392 2498 510 2524 contra
528 2494 559 2524 iu
578 2495 757 2531 Bembino,
780 2505 855 2525 cuin
884 2495 976 2533 prius
1001 2500 1092 2525 esset
1120 2493 1260 2529 mora'st,
1284 2491 1542 2534 superadditum
1560 2496 1613 2522 est
1628 2500 1656 2527 e,
1680 2495 1718 2521 ut

261 2538 305 2569 sit
323 2537 376 2568 vel
391 2545 476 2567 mora
490 2540 546 2573 est,
564 2538 614 2567 vel
632 2548 733 2568 morae
748 2541 790 2576 st,
815 2537 905 2577 quod
924 2537 1095 2577 posterius
1119 2537 1244 2576 placet.
1268 2536 1327 2567 Fa.
1372 2535 1478 2573 Olim,
1493 2544 1567 2566 cum
1586 2533 1714 2564 millum

263 2581 352 2610 inter
370 2580 485 2617 verbu,
510 2585 546 2610 ut
572 2589 660 2611 nunc
685 2586 803 2611 contra
825 2580 876 2618 fit,
898 2580 1044 2620 spatium
1063 2581 1312 2619 relinqueretur
1330 2587 1485 2615 vacuum,
1502 2586 1587 2607 mora
1602 2580 1660 2613 est,
1683 2581 1727 2607 et.

262 2632 365 2653 morae
380 2625 419 2660 st,
443 2622 505 2652 nisi
530 2633 548 2652 a
574 2622 742 2662 prudente
773 2624 914 2662 lectore,
931 2623 1094 2662 distingui
1122 2632 1187 2653 non
1215 2627 1386 2662 poterant.
1411 2620 1506 2651 Bent.
1531 2620 1587 2660 qui
1613 2619 1716 2650 etiam

263 2675 339 2696 cuin
367 2665 490 2704 Delph.
516 2666 645 2695 accersis
672 2666 766 2700 legit.
812 2665 895 2696 GM.
913 2666 954 2696 R.
973 2670 1007 2696 et
1025 2669 1091 2696 vet.
1107 2665 1183 2696 cod.
1200 2674 1252 2705 ap.
1275 2663 1374 2696 Lind.
1413 2663 1452 2694 U.
1468 2672 1579 2703 quasa.
1623 2661 1718 2692 ,Mora

262 2712 308 2738 est
336 2708 437 2738 Z.-7
466 2707 627 2738 Tibiciua:
654 2712 684 2738 et
712 2709 915 2748 Ilymena’um
942 2719 973 2749 q.
1000 2711 1136 2740 cautent.
1181 2708 1269 2738 Haec
1296 2707 1388 2738 varie
1419 2706 1588 2745 leguntur.
1632 2704 1718 2735 Sunt

263 2751 343 2780 libri
363 2749 601 2790 praeferentes,
622 2751 794 2786 Τι’]ιὶυἰηιες
812 2756 904 2786 sunt,
921 2751 952 2781 in
971 2751 1092 2792 quibus
1108 2756 1159 2782 cst
1175 2755 1278 2788 canat,
1293 2755 1324 2781 et
1342 2748 1482 2780 cantitat.
1527 2746 1615 2778 Illud
1631 2747 1716 2778 Mss.

265 2792 461 2832 Leidenses,
485 2795 547 2824 hoc
574 2794 627 2823 Τι’.
656 2793 825 2824 exhibent.
856 2793 955 2824 lVest.
1005 2794 1068 2829 Qui
1084 2797 1174 2825 canat
1201 2795 1258 2824 Br.
1277 2794 1319 2825 R.
1336 2797 1372 2824 et
1388 2796 1456 2822 vet.
1474 2789 1549 2822 cod.
1569 2789 1718 2821 Linden-
