1966 3302
514 242 827 273 PHORMleS
860 241 968 272 Aer.
1002 241 1067 270 ιν.
1099 240 1166 271 sc.
1192 241 1265 270 111.
1525 233 1612 273 995

155 338 204 380 Si
225 337 346 380 illam
367 338 487 387 dant,
508 337 622 379 hanc
643 340 693 378 ut
712 336 910 386 mittam;
941 348 994 376 ne
1016 334 1212 377 incertus
1235 335 1365 386 siem3

158 405 278 448 Nam
296 405 362 448 illi
381 405 488 447 mihi
508 405 656 447 dotem
670 405 765 459 jam
788 404 1110 445 constituerunt
1132 403 1255 444 dare.

160 474 318 516 CHRE.
349 473 379 515 J
382 486 453 515 am
474 473 691 528 accipiat3
722 472 811 513 illis
832 471 1064 525 repudium
1083 471 1303 512 renuntiet
1321 484 1332 522 ;

157 542 293 584 Hanc
314 542 463 583 ducat.
522 542 613 583 DE.
645 541 760 592 Quae
777 540 957 594 quidem
977 540 1041 580 illi
1061 552 1133 580 res
1156 544 1299 580 vortat
1315 539 1450 581 male!

156 609 314 650 CHRE.
346 609 603 663 Opportune
622 609 731 650 adeo
753 621 870 649 nunc
892 612 1118 661 argentum
1135 620 1305 648 mecum
1328 608 1468 658 attuli,

155 676 379 727 Fructum,
402 690 532 732 quem
553 677 708 718 Lemni
728 675 881 717 uxoris
900 674 1087 716 reddunt
1107 674 1300 728 praedia:

155 745 210 787 Id
230 758 425 787 sumam:
454 745 596 795 uxori,
619 745 699 786 tibi
719 757 832 798 opus
853 756 966 794 esse,
988 744 1161 784 dixero.

1544 676 1603 717 75

153 863 244 902 hanc,
269 874 337 903 quae
361 864 438 894 mihi
458 874 570 904 sponsa
594 867 651 901 est,
675 867 712 894 ut
732 873 750 894 a
773 873 820 894 me
841 863 1011 900 dimittam,
1031 862 1146 903 inquit,
1160 873 1198 893 ne
1213 863 1311 894 animi
1325 862 1435 893 dubius
1450 863 1608 901 pendeam.

153 906 239 937 Nam
253 906 343 944 hujus
357 910 501 947 parentes
513 907 583 945 jam
598 907 844 937 deliberaverunt
861 909 1025 946 argentum
1046 907 1080 937 in
1103 907 1205 937 elatem
1225 906 1301 936 mihi
1316 915 1488 936 numerare.
1536 905 1607 937 CH.

149 948 227 979 Jam
245 950 345 980 dotem
365 948 511 990 accipiat,
526 950 591 981 illis
604 950 765 989 repudium
780 950 901 986 mittat,
923 949 1001 980 hanc
1018 959 1142 981 uxorem
1155 950 1259 979 ducat.
1305 949 1370 979 De.
1394 949 1471 984 Quoe
1485 949 1609 989 quidem

151 1000 201 1021 res
215 991 346 1023 exitium
361 993 389 1023 ez‘
403 992 531 1034 afferat,
546 996 576 1024 et
591 995 669 1024 mule
682 994 836 1023 succedat.
882 993 951 1024 CH.
976 993 1014 1022 In
1036 996 1182 1032 tempore,
1197 996 1227 1022 et
1242 993 1394 1022 commode
1410 993 1504 1022 etiam
1517 1000 1607 1030 pecu-

149 1033 236 1064 niam
248 1044 365 1066 mecum
378 1037 483 1068 attuli.
519 1036 574 1067 Ex
587 1036 737 1066 reditibus
744 1035 922 1074 fructuum,
933 1045 1006 1075 quos
1016 1036 1153 1075 praebent
1171 1035 1385 1073 Lemm'fundi
1400 1045 1474 1065 meoe
1488 1034 1609 1074 uxoris,

151 1078 231 1117 quod
246 1087 321 1118 opus
335 1082 380 1109 est
394 1089 532 1110 sumam.-
554 1078 688 1116 referam
703 1078 795 1109 uxori
810 1081 841 1108 te
855 1078 910 1109 hoc
924 1082 1053 1117 argento
1068 1078 1221 1117 indigere.

755 1171 995 1186 ‘moweeeo

152 1238 197 1270 tri
218 1242 319 1278 potes.
363 1238 431 1269 Sed
457 1243 551 1270 recte
575 1243 686 1279 potest.
709 1239 809 1270 Bent.
853 1240 965 1271 Potest
993 1239 1182 1271 Both—70
1205 1238 1302 1273 Bodl.
1321 1239 1366 1270 G.
1384 1239 1463 1270 Wit.
1479 1243 1515 1269 et
1532 1239 1606 1271 ΕΡ.

150 1280 306 1313 amittam.
339 1281 457 1313 Boend.
471 1283 624 1315 omittam.
652 1283 720 1313 Sed
738 1283 827 1313 ratio
843 1284 965 1314 senarii
981 1282 1018 1313 τὸ
1034 1283 1156 1314 mittam
1172 1283 1289 1324 exigit.
1318 1282 1417 1314 West.
1463 1282 1558 1313 Hanc
1574 1287 1608 1314 ut

149 1324 302 1355 omittam.
326 1325 422 1356 Bem.
449 1330 485 1357 et
507 1326 611 1367 aliqui
637 1326 695 1356 alii
720 1325 795 1357 libri
816 1326 948 1358 mittam.
972 1327 1029 1357 Fa.
1076 1326 1197 1357 Nostri
1214 1335 1329 1357 omnes
1345 1326 1479 1357 mittam.
1506 1326 1607 1358 Bent.

150 1367 251 1398 Illunc
265 1367 367 1398 Both.
391 1369 666 1400 Amittam...siam
682 1369 741 1399 Br.
765 1369 939 1400 Dimittam
955 1367 1072 1401 Guelf.
1089 1372 1205 1401 3.—71
1233 1368 1469 1400 Constituerant
1486 1368 1601 1400 Guelf.

149 1412 267 1441 2.--72
291 1410 398 1442 Codd.
414 1411 551 1452 quidam
566 1411 707 1452 accipiet.
731 1412 840 1443 West.
883 1413 959 1443 Jam
977 1412 1118 1453 accipiet.
1154 1412 1281 1442 Omnes
1298 1411 1370 1442 fere
1387 1412 1461 1442 libri
1476 1412 1511 1442 J.
1528 1412 1608 1442 acci-

147 1452 239 1492 piat:
261 1452 310 1484 ita
325 1458 360 1484 et
376 1454 473 1485 Bem.
495 1455 551 1485 vi.
569 1460 605 1486 et
619 1455 699 1485 Bas.
726 1455 784 1486 Fa.
829 1455 992 1486 Melior-es
1016 1455 1122 1486 nostri
1147 1455 1292 1496 accipiat.
1317 1455 1418 1486 Beut.
1462 1455 1608 1495 Accipiet

150 1495 230 1536 Bip.
273 1496 329 1527 Illi
344 1496 458 1528 Guelf.
472 1499 591 1529 3.—73
614 1497 686 1528 Illis
700 1497 848 1529 Br.—74
870 1498 964 1530 Nunc
986 1502 1153 1538 argentum
1174 1497 1290 1530 mecum
1313 1498 1417 1529 attuli.
1453 1497 1607 1529 Numero

149 1538 290 1570 meliore
307 1540 520 1571 collocantur
533 1541 607 1571 haec
625 1540 731 1571 verba
748 1541 781 1571 in
796 1541 925 1581 aliquot
943 1542 1036 1573 libris
1055 1541 1202 1582 scriptis,
1217 1546 1254 1573 et
1269 1542 1428 1572 Donato:
1453 1551 1534 1571 nunc
1545 1551 1606 1572 me·

147 1590 219 1612 cum
232 1585 400 1621 argentum
414 1594 445 1614 a.
493 1583 539 1614 At
553 1584 586 1614 in
603 1583 784 1622 Bembino,
799 1588 964 1623 argentum
979 1595 1060 1616 nunc
1073 1595 1191 1615 mecum
1206 1595 1235 1615 α.
1259 1585 1340 1616 licet
1355 1583 1479 1615 deinde
1503 1594 1606 1615 anno-

150 1628 225 1656 tata
240 1625 283 1656 sit
298 1625 459 1658 inversio.
484 1626 542 1657 Fa.
589 1627 770 1666 Opportune
781 1628 855 1657 adeo
869 1637 949 1658 nunc
963 1638 1079 1659 mecum
1091 1631 1256 1667 argentum
1271 1628 1378 1658 attuli.
1402 1627 1518 1658 Nostri
1532 1626 1606 1658 fere

147 1676 264 1698 omnes
279 1671 446 1707 argentum
456 1679 592 1700 mecum:
616 1679 721 1709 quare
737 1669 850 1709 placet
867 1670 924 1710 qui
941 1670 971 1701 in
990 1671 1154 1701 Bembino
1167 1676 1220 1702 est
1232 1670 1327 1709 ordo,
1342 1671 1522 1710 Opportune
1531 1672 1606 1702 adeo

100 1712 105 1719 ¹
147 1712 312 1749 argentum
326 1721 406 1741 nunc
420 1721 537 1742 mecum
551 1712 656 1743 attuli.
681 1713 784 1743 Beut.
830 1712 1007 1752 Argentum
1021 1724 1100 1744 nunc
1114 1723 1231 1745 mecum
1243 1714 1336 1744 Perl.
1384 1714 1478 1744 Nunc
1489 1723 1607 1745 mecum

147 1756 315 1792 argentum
339 1754 441 1785 Both.
458 1755 536 1796 Bip.
554 1754 768 1795 Delpli.—75
794 1755 984 1787 Palmerius
1006 1756 1133 1788 Lemno.
1179 1757 1281 1789 Both.
1308 1757 1417 1787 uxoris
1441 1757 1607 1788 Lemni.—-·

148 1797 191 1826 76
213 1796 253 1826 Id
267 1806 395 1829 sumam.
429 1797 485 1828 Sic
511 1802 546 1828 et
571 1798 753 1836 Donatus;
776 1798 836 1829 sed
860 1799 947 1830 liber
963 1800 1148 1830 Bembinns
1167 1800 1243 1831 Inde
1257 1809 1395 1831 sumum.-
1421 1800 1529 1840 prima
1547 1809 1605 1830 au-

148 1843 218 1869 tem
234 1838 332 1880 hujus
351 1849 467 1871 versus
493 1841 621 1882 syllaba
647 1841 876 1880 praecedentis
903 1841 960 1872 fini
987 1843 1226 1883 applicabitur.
1250 1843 1309 1874 Fa.
1355 1843 1471 1874 Nostri
1489 1852 1606 1873 omnes

148 1881 199 1922 Id,
209 1881 269 1913 sed
284 1892 478 1923 perperam.
524 1884 558 1915 Si
575 1884 613 1914 Id
629 1884 725 1924 legis,
742 1888 850 1915 totum
876 1884 909 1915 id
931 1886 1020 1927 quod
1036 1896 1055 1917 a
1072 1887 1197 1917 Lemno
1215 1886 1330 1917 attulit
1347 1886 1488 1927 triginta
1504 1886 1604 1917 minae

805 1972 948 2004 NOTAE

191 2033 233 2063 ⁷2
256 2031 325 2064 Illis
353 2034 515 2074 repudium
527 2036 700 2076 renuntiet]
723 2037 848 2068 Divor-

147 2082 233 2113 tium
261 2088 313 2114 est
329 2085 514 2124 separatio,
532 2095 607 2126 quae
624 2087 663 2118 fit
678 2087 767 2118 inter
783 2096 850 2117 ma-

904 2037 977 2079 quis
1011 2037 1195 2078 repudiare
1224 2038 1343 2078 vellet,
1367 2038 1421 2068 vel
1453 2047 1604 2078 praesens

903 2097 978 2119 eam
995 2089 1192 2129 expellebat
1207 2088 1349 2127 aedibus,
1373 2089 1426 2119 vel
1445 2098 1505 2129 per
1520 2097 1603 2118 nun-

147 2135 281 2176 ritatos,
297 2145 338 2167 eo
351 2137 477 2176 animo,
488 2143 525 2169 ut
537 2148 708 2181 nunqnam
725 2139 850 2170 reinte-

147 2192 266 2229 gretur
281 2189 546 2222 matrimonium.
563 2191 758 2222 Divortium
774 2196 848 2222 tan-

147 2245 218 2271 tum
246 2238 283 2270 fit
301 2239 390 2272 inter
402 2240 585 2282 conjuges:
615 2241 793 2282 repudium
809 2240 848 2273 fit

146 2289 238 2321 inter
261 2290 402 2322 maritos
429 2296 466 2322 et
494 2301 649 2332 sponsos.
690 2293 848 2324 Formula

145 2340 297 2381 divortii,
322 2342 395 2374 liaec
410 2347 476 2382 est,
500 2347 618 2375 notata
635 2354 654 2375 a
669 2343 844 2375 Titinnio:

145 2391 278 2433 Aliquis
297 2397 446 2425 vestrum
462 2395 597 2425 nuntiet
612 2395 783 2434 Geminae,
808 2399 846 2426 ut

145 2450 200 2473 res
216 2452 295 2474 suas
319 2447 496 2483 procuret,
523 2444 654 2476 aedibus
681 2445 843 2479 facessat.

144 2493 381 2534 Repudiandae
398 2496 513 2526 uxoris
526 2496 705 2536 impudicae
721 2495 845 2527 formu-

143 2544 179 2575 la
194 2545 309 2585 placet
333 2544 425 2586 apud
442 2545 642 2577 Petronium
656 2557 665 2578 τ
701 2547 790 2579 Quia
805 2546 844 2578 fi-

145 2593 222 2625 dem
252 2595 381 2626 scelere
407 2596 554 2637 violasti,
572 2604 607 2628 et
631 2607 844 2629 communem

145 2644 342 2686 amicitiam,
371 2655 425 2677 res
451 2652 527 2678 tuas
553 2657 659 2688 ocyus
684 2649 780 2688 tolle,
810 2653 846 2680 et

144 2693 246 2725 alium
269 2695 392 2732 locum,
419 2705 518 2737 quem
546 2698 689 2737 polluas,
719 2708 845 2739 quaere.

148 2744 296 2785 Repudii
326 2745 469 2778 formula
510 2747 599 2780 fuit:
638 2749 845 2781 Conditione

144 2802 202 2827 tua
230 2805 294 2827 non
325 2801 412 2828 utor.
446 2798 530 2830 Cum
560 2808 698 2831 uxorem
730 2805 844 2832 autem

903 2138 986 2170 tium
1005 2140 1141 2171 absenti
1158 2140 1309 2171 libellum
1339 2140 1514 2179 mittebat,
1537 2150 1603 2181 quo

902 2190 1067 2230 legitimae
1096 2200 1207 2222 causae
1230 2190 1504 2222 continebantur.
1541 2190 1603 2223 Ju-

903 2241 1031 2272 venalis
1062 2241 1185 2282 Satyra
1215 2250 1266 2273 Vl.
1307 2241 1316 2258 ‘
1337 2241 1469 2281 Collige
1500 2241 1603 2272 sarci-

902 2292 1011 2331 nutas,
1038 2291 1125 2323 dixit
1141 2291 1295 2332 libertus,
1323 2296 1359 2323 et
1378 2291 1456 2323 exi.'
1480 2292 1602 2323 Diver-

902 2343 989 2375 tenti
1016 2343 1115 2374 uxori
1142 2344 1255 2374 claves
1285 2343 1537 2381 adimebantur,
1564 2347 1602 2374 ut

900 2394 1042 2426 intranti
1072 2394 1208 2426 domum
1232 2394 1346 2426 mariti
1370 2394 1402 2425 ei
1419 2394 1599 2425 tradeban-

901 2450 969 2487 tur,
985 2450 1144 2487 tanquam
1160 2445 1299 2476 dominii
1315 2445 1349 2476 in
1366 2444 1544 2484 familiam,
1566 2449 1601 2476 et

898 2494 978 2526 fidei
1014 2505 1095 2535 erga
1141 2496 1299 2527 maritum
1342 2501 1599 2537 argumentum:

899 2545 989 2587 quod
1005 2546 1206 2587 exprimitur
1217 2547 1267 2578 his
1278 2547 1389 2578 verbis
1405 2555 1472 2578 xii.
1487 2546 1599 2577 Tabu-

898 2597 1030 2635 larum3
1055 2596 1124 2628 Res
1150 2607 1225 2628 suas
1243 2598 1308 2629 sibi
1324 2597 1460 2638 habeto,
1485 2598 1599 2629 claves

898 2647 1053 2687 adimite,
1080 2646 1168 2679 feras
1185 2648 1329 2688 exigito.
1354 2649 1505 2687 Dicitur,
1529 2649 1595 2679 Re-

898 2698 1037 2740 pudium
1050 2699 1200 2736 mittere,
1213 2698 1376 2740 scribere,
1386 2699 1596 2738 renuntiare,

897 2749 1022 2781 dicere.
