1966 3302
542 247 853 278 PHORMlole
887 248 993 279 Ac‘r.
1017 249 1088 278 ιιι.
1124 249 1192 280 sc.
1217 249 1289 278 ιιι.
1543 242 1630 308 981

179 339 543 393 Contemplamini
564 354 650 382 me.
711 340 805 382 ΑΝ.
839 340 1174 392 Quamobrem?
1207 349 1280 385 aut
1302 344 1511 398 quidnam
1540 347 1632 388 fac-

349 412 483 456 turuS,
505 408 617 448 cedo
634 410 652 449 ’ἒ
966 460 971 464 .

175 476 312 517 PHAE.
346 474 539 528 Quoquo
559 475 663 517 hinc
686 477 979 530 asportabitur
1001 482 1226 528 terrarum,
1259 485 1423 521 certum
1445 485 1512 523 est
1532 495 1629 536 per·

346 542 486 595 sequi,

181 610 278 652 Aut
306 611 461 665 perire.
523 610 612 651 GE.
645 611 706 652 Di
742 611 854 652 bene
874 615 1064 662 vortant,
1097 613 1214 666 quod
1254 617 1388 667 agas!
1420 615 1630 669 pedeten-

344 677 422 720 tim
443 681 607 718 tamen.

171 744 268 786 AN.
297 744 433 794 Vide,
470 746 509 785 si
530 744 638 798 quid
658 745 760 798 opis
792 750 923 798 potes
945 746 1095 788 afferre
1124 747 1241 788 huic.
1302 748 1391 790 GE.
1424 750 1471 791 Si
1496 752 1625 805 quid!

345 812 484 866 quid?
546 812 640 852 AN.
673 812 851 863 Quaere,
874 815 1071 864 obsecro,
1572 820 1628 860 20

172 881 245 922 Ne
268 881 372 935 quid
393 880 494 933 plus
514 881 714 921 minusve
734 881 860 931 faxit,
881 883 1001 935 quod
1022 896 1106 924 nos
1129 889 1233 936 post
1255 884 1416 938 pigeat,
1439 886 1567 928 Geta.

174 948 265 990 GE.
298 946 479 998 Quaero.
543 947 703 988 Salvos
739 953 822 999 est,
852 956 902 990 ut
939 951 1122 1004 opinor3
1158 964 1305 992 verum
1334 954 1448 994 enim
1480 962 1627 996 metuo

342 1017 518 1056 malum.

166 1083 261 1125 AN.
292 1083 401 1125 Noli
421 1090 610 1126 metuere
628 1099 637 1126 :
669 1098 755 1126 una
776 1091 919 1127 tecum
941 1088 1073 1136 bona,
1094 1087 1226 1137 mala,
1248 1088 1552 1133 tolerabimus.

166 1150 253 1192 GE.
275 1150 503 1202 Quantum
524 1152 605 1193 tibi
627 1166 740 1206 opus
762 1160 831 1194 est
854 1155 1051 1207 argenti?
1073 1154 1268 1207 loquere.
1333 1156 1468 1197 PHAE.
1501 1159 1622 1202 Solae

337 1220 514 1274 triginta
535 1221 682 1263 minae.

164 1345 319 1383 ultimum,
335 1348 487 1388 Antipho,
503 1351 534 1380 et
555 1359 600 1380 me
622 1352 768 1389 spectate.
814 1347 885 1379 AN.
911 1348 1038 1383 Quare?
1060 1352 1115 1380 aut
1136 1349 1281 1389 quidnam
1301 1349 1449 1386 facturus
1473 1361 1518 1389 es,
1539 1352 1624 1383 dicas

164 1388 244 1419 milti
255 1390 354 1420 velim.
401 1390 470 1421 Pu.
502 1392 698 1432 Quocumque
724 1396 876 1422 terrarum
899 1393 1080 1430 adducetur,
1102 1393 1304 1423 constitutum
1326 1396 1370 1423 ese
1388 1393 1465 1424 mihi
1481 1404 1514 1424 eo
1529 1404 1624 1434 usque

162 1430 260 1470 ipsam
274 1433 401 1471 sectari,
416 1437 470 1464 ant
486 1435 574 1465 mori.
623 1435 688 1466 GE.
707 1435 765 1465 Dii
778 1435 886 1473 velint,
898 1438 933 1465 ut
945 1436 1022 1474 quod
1037 1438 1163 1465 acturus
1175 1435 1218 1465 sis
1232 1445 1373 1475 prospere
1389 1439 1529 1467 succedat
1543 1448 1553 1468 .·
1568 1440 1623 1469 sed

163 1473 291 1515 sensim,
306 1479 337 1506 et
351 1478 544 1507 considerate
563 1487 651 1516 agas,
667 1488 721 1508 nec
730 1477 975 1517 praecipz'tanter.
998 1476 1067 1507 AN.
1088 1477 1164 1508 Viae
1182 1478 1276 1514 Geta,
1291 1479 1319 1509 si
1335 1478 1408 1518 quid
1428 1489 1493 1509 eum
1508 1480 1623 1518 juvare

160 1519 259 1556 pote-3.
304 1517 370 1550 GE.
394 1518 432 1550 Si
458 1519 556 1559 quid!
578 1521 673 1560 quid?
716 1520 787 1550 AN.
812 1520 982 1559 Excogita,
1000 1529 1121 1560 precor,
1148 1531 1186 1551 ne
1213 1522 1287 1560 quid
1312 1522 1390 1552 male
1408 1521 1528 1561 fiwiat,
1544 1526 1623 1563 quod

162 1562 268 1598 postea
283 1561 370 1592 nobis
392 1571 477 1601 oegre
489 1563 543 1601 sit,
559 1567 589 1594 et
607 1564 739 1593 dolorem
754 1562 879 1603 afferat.
925 1562 991 1594 GE.
1018 1563 1194 1602 Excogito:
1218 1565 1319 1594 salvus
1333 1567 1390 1603 est,
1404 1569 1436 1594 ut
1451 1569 1526 1604 puto
1538 1577 1547 1595 .·
1570 1577 1622 1596 re-

162 1610 231 1632 rum
252 1612 326 1634 sane
348 1614 386 1635 ne
408 1607 520 1636 mulum
544 1607 616 1636 inde
641 1606 746 1637 veniat
768 1607 857 1636 valde
872 1605 975 1636 timeo.
1022 1604 1091 1636 ΑΝ.
1115 1606 1214 1637 Mitte
1228 1606 1391 1637 timorem.-
1414 1608 1517 1638 omnia
1532 1609 1621 1648 bona,

163 1645 244 1676 mala
258 1648 356 1678 tecum
370 1647 636 1688 participabimus.
674 1648 741 1681 GE.
766 1650 892 1684 Quanta
904 1648 1034 1688 pecunia
1049 1658 1123 1689 opus
1135 1647 1252 1680 habes?
1275 1651 1337 1690 dic,
1356 1650 1515 1682 Phoedria.
1548 1651 1621 1682 ΡΗ.

780 1744 1017 1755 eeeeeeeeeeee

159 1812 275 1846 habet.
299 1814 360 1846 Fa.
406 1815 501 1847 Unus
524 1821 640 1848 noster
662 1819 736 1848 900.
753 1826 916 1848 annorum
937 1816 1015 1847 Tum
1033 1816 1149 1855 igitur,
1165 1817 1274 1848 ceteri
1298 1817 1385 1849 Dum
1407 1819 1509 1858 igitur
1534 1822 1620 1854 licet.

161 1856 289 1888 Veram
311 1857 494 1889 lectionem
518 1861 669 1890 servavit
691 1861 828 1890 Servius
855 1859 897 1890 ad
925 1859 1000 1890 AEn.
1027 1868 1078 1890 lx.
1095 1862 1168 1890 484.
1216 1861 1301 1894 Quin
1328 1861 1428 1900 igitur
1451 1864 1523 1893 dum
1549 1865 1622 1896 licet

159 1899 290 1940 duraque
310 1902 427 1932 adsum.
473 1902 512 1932 Iu
532 1902 703 1942 principio
732 1913 860 1940 versus,
883 1909 919 1934 ut
944 1902 977 1932 in
1005 1902 1216 1933 Membranis
1243 1905 1341 1942 solet,
1371 1904 1491 1935 initiali
1517 1906 1620 1940 litera

159 1942 295 1982 omissa,
312 1949 350 1974 ut
366 1944 467 1975 minio
484 1952 601 1984 postea
616 1945 797 1985 scribatur,
813 1949 920 1976 restat
933 1955 1009 1982 um,·
1033 1945 1122 1986 quod
1149 1946 1296 1983 nescias,
1320 1951 1431 1977 utrum
1457 1948 1497 1979 ad.
1521 1950 1619 1988 Dum,

162 1985 253 2024 Tum,
271 1987 361 2024 Cum,
378 1997 419 2018 an
447 1987 489 2017 ad
509 1988 592 2023 Quin
620 1988 803 2028 pertineat.
848 1988 934 2018 Inde
959 1993 1072 2018 errato
1099 1988 1243 2019 initium.
1267 1989 1365 2020 Bent.
1412 1991 1497 2021 Dum
1518 1993 1619 2032 igitur

159 2027 231 2059 licet
247 2029 307 2059 Br.
324 2030 426 2062 Both.
474 2031 559 2065 Quin
582 2031 696 2070 igitur,
715 2033 788 2062 dum
805 2032 875 2061 licet
902 2031 982 2070 Bip.
1027 2030 1136 2061 Abest
1169 2032 1246 2061 Tam
1263 2042 1281 2061 a
1298 2031 1415 2063 Gueli'.
1432 2036 1462 2064 2.
1480 2037 1510 2065 3.
1533 2036 1619 2068 GM.

159 2075 196 2101 et
211 2071 270 2102 Br.
298 2073 452 2103 scribunt
466 2082 568 2104 assum
585 2083 646 2113 pro
671 2075 878 2105 adsum—17
902 2074 1002 2105 Bodi.
1027 2074 1087 2104 ΒΓ.
1104 2079 1137 2104 et
1154 2074 1237 2105 GM.
1260 2076 1405 2114 quidnam
1421 2076 1617 2114 esfucturus.

158 2112 262 2145 Both.
275 2114 445 2152 facturus?
467 2117 538 2146 cedo
551 2116 566 2147 !
590 2117 647 2147 ΒΥ.
664 2117 768 2147 Beut.
795 2121 871 2156 post
887 2117 958 2147 cedo
982 2125 1046 2146 non
1064 2117 1290 2155 interrogant.
1314 2118 1392 2157 ssip.
1408 2123 1442 2149 et
1458 2120 1553 2152 Perl.
1569 2124 1616 2153 in—

159 2160 335 2197 terrogant
366 2162 444 2198 post
464 2157 712 2195 factu1·us.—IS
736 2160 785 2190 M.
815 2159 978 2199 Prosequi.
1007 2158 1043 2188 τὺ
1072 2159 1143 2189 hinc
1172 2159 1271 2190 abest
1297 2170 1316 2190 a
1337 2161 1394 2192 ΒΓ.
1441 2163 1522 2193 Εαηι
1539 2170 1618 2205 post

156 2201 296 2240 persequi
312 2199 428 2232 Guelf.
444 2204 562 2232 3.-19
587 2201 697 2232 ANT.
734 2202 794 2233 Dii
817 2202 900 2233 bene.
939 2202 1010 2232 Pro
1028 2202 1136 2233 ANT.
1154 2201 1236 2232 edit.
1255 2202 1330 2233 GE.
1347 2213 1454 2242 usque
1470 2205 1511 2236 ad
1541 2209 1549 2223 ‘
1568 2215 1618 2239 ta.

158 2242 260 2274 men!
303 2242 372 2273 Sed
401 2243 615 2284 praeferenda
632 2244 768 2275 videtur
791 2245 894 2275 lectio
919 2245 992 2275 MS.
1010 2245 1067 2284 qui
1093 2254 1282 2275 sermonem
1299 2255 1318 2275 a
1331 2246 1340 2262 ‘
1358 2246 1432 2276 Dii’
1452 2258 1558 2288 usque
1573 2252 1616 2282 ad

156 2284 166 2300 ‘
181 2285 260 2316 huie
273 2285 281 2298 '
297 2285 484 2326 Antiphoni
502 2286 634 2317 tribuit.
661 2287 781 2319 Brutis.
828 2288 906 2319 Quo
932 2287 1040 2317 miuus
1056 2287 1129 2318 haec
1147 2286 1337 2328 Antiphoni
1360 2289 1565 2332 tribuantur,
1580 2300 1617 2326 et

158 2326 259 2359 Getae
274 2327 380 2367 dicta,
397 2328 487 2369 quod
504 2329 631 2360 Donati
648 2335 752 2361 aetate
766 2329 901 2371 quidam
920 2330 1099 2369 putabant,
1116 2335 1151 2360 et
1168 2331 1251 2360 Mss.
1269 2332 1421 2362 nonnulli
1441 2335 1616 2377 exhibent,

157 2368 254 2410 facit,
278 2371 368 2411 quod
398 2372 490 2403 Geta
514 2373 661 2403 nonduin
686 2378 879 2413 receperat,
895 2382 929 2402 se
955 2382 1094 2412 operam
1121 2373 1279 2404 daturum
1304 2374 1486 2410 Phaedriae.
1517 2379 1615 2412 IVest,

157 2412 395 2454 Pedetemptz'm.
439 2415 496 2446 Sic
520 2415 654 2446 codices
683 2415 805 2447 Faerni
823 2421 956 2446 veteres
972 2422 1007 2446 et
1030 2416 1149 2447 nostri.
1196 2416 1299 2456 Apud
1319 2417 1467 2449 Nonium
1496 2422 1615 2453 scribi-

156 2459 214 2486 tur
227 2457 436 2496 pedetemtz’m.
483 2457 559 2488 Hoc
577 2459 610 2489 iu
627 2468 724 2489 omne
742 2468 850 2499 genus
866 2459 948 2489 Mss.
963 2458 1201 2494 animadverti,
1229 2464 1296 2489 tam
1315 2462 1506 2493 veterrimis
1522 2466 1612 2497 mille

156 2503 193 2529 et
220 2499 444 2530 ducentorum
470 2510 646 2539 annorum,
677 2511 775 2542 quam
805 2500 1066 2540 recentioribus,
1094 2502 1146 2532 vel
1174 2503 1183 2518 ‘
1203 2503 1394 2541 temptare’
1422 2506 1541 2546 scribi,
1560 2509 1614 2539 vel

155 2542 265 2572 rarius
278 2546 286 2559 ¹
301 2546 447 2574 temtare
458 2542 477 2581 ;’
501 2553 683 2584 nunquam,
698 2545 787 2585 quod
804 2544 902 2575 hodie
917 2543 1062 2584 obtinet,
1078 2544 1086 2561 ‘
1107 2544 1263 2576 tentare?
1288 2545 1383 2577 Bent.
1429 2548 1614 2591 Pedetemp-

156 2584 214 2614 tim
238 2585 298 2617 ΒΥ.
347 2586 436 2620 Quod
461 2586 531 2624 agis
557 2586 674 2618 Guelf,
699 2590 817 2618 1.-20
840 2587 992 2625 Reponit
1019 2587 1120 2619 Bent.
1171 2587 1250 2618 Vide
1271 2588 1338 2627 opis
1360 2589 1464 2629 siquid
1486 2602 1520 2632 p.
1537 2595 1613 2627 α.1ι.

157 2627 258 2658 Both.
310 2628 400 2667 Viae,
423 2629 450 2658 si
475 2630 548 2668 quid
571 2633 640 2669 pote
662 2630 729 2669 opis
751 2629 863 2670 afferri
886 2629 967 2661 huic.
1020 2629 1113 2660 Vides
1137 2629 1386 2662 Gueif.1.—-22
1410 2633 1481 2664 ΕΡ.
1506 2646 1613 2668 verum

155 2669 310 2701 enimvero
324 2674 520 2703 melum—23
547 2671 614 2702 Alii
631 2674 778 2712 nudaque.
803 2671 920 2703 Guelf.
937 2675 967 2702 3.
996 2672 1071 2703 bona
1100 2674 1236 2712 malaque
1262 2676 1362 2704 tecum
1384 2685 1445 2706 una
1468 2678 1611 2710 tolerabi-

155 2716 319 2745 ἵππω-24
345 2714 503 2749 Quantum
517 2724 591 2753 opus
605 2719 650 2745 est
668 2715 725 2745 libi
746 2715 882 2753 argenti.
927 2715 1026 2745 Ratio
1043 2715 1202 2746 trochaici
1225 2716 1344 2752 exigit,
1368 2723 1405 2748 ut
1423 2718 1480 2750 tibi
1497 2731 1611 2753 mono-

157 2754 322 2793 syllabum
339 2757 392 2788 sit.
419 2758 477 2788 Fa.
525 2757 682 2791 Quantum
697 2768 770 2797 opus
786 2761 832 2789 cst
847 2758 907 2788 tibi
929 2758 1067 2797 arg-enti,
1081 2759 1212 2798 loquere.
1261 2758 1330 2790 Tun·
1344 2759 1376 2790 in
1394 2770 1494 2793 unam
1511 2766 1611 2805 sylla-

153 2796 230 2829 bam
247 2798 356 2840 redigi
371 2804 486 2841 negat.
532 2799 563 2831 A
580 2800 697 2831 codiee
715 2801 875 2832 l'etrensi
890 2800 988 2832 abest
1002 2800 1070 2832 tibi.
1118 2801 1188 2833 Pro
1204 2801 1322 2842 loquere
1339 2803 1440 2836 CCC.
1456 2805 1606 2846 eloquere.
