1966 3302
281 236 311 247 ub
323 234 343 249 Ἴ

261 238 346 276 010
759 244 795 272 1³.
830 242 1071 275 TERENTU
1107 244 1223 274 AFRI

261 338 462 393 Aliquid.
522 337 623 378 Vah
642 338 650 378 !
688 349 994 391 quenquamne
1016 337 1236 379 hominem
1259 338 1304 378 in
1326 339 1520 380 animum
1540 339 1716 381 institu-

435 419 523 455 ere,
547 408 622 446 aut

264 474 441 523 Parare,
457 473 578 527 quod
594 473 651 513 sit
672 471 836 521 carius,
858 484 991 525 quam
1012 473 1110 526 ipse
1130 477 1198 513 est
1219 473 1338 514 sibi?

264 541 404 596 Atqui
425 555 481 582 ex
499 554 567 582 me
588 540 660 581 hic
681 553 771 581 non
792 544 922 581 natus
943 548 1029 590 est,
1051 541 1132 582 sed
1153 554 1211 581 ex
1231 540 1386 583 fratre:
1417 541 1456 583 is
1473 543 1597 586 adem
1634 574 1641 597 ,·
1662 542 1718 584 15

266 609 484 651 Dissimili
508 609 656 651 studio
678 613 761 658 est,
777 609 875 663 jam
895 607 996 650 inde
1018 609 1074 650 ab
1097 608 1418 650 adolescentia.
1572 628 1625 686 <5-

267 677 363 730 Ego
387 677 496 717 hanc
517 676 773 718 clementem
789 676 924 717 vitam
943 677 1159 718 urbanam
1181 679 1315 731 atque
1337 677 1473 719 otium

270 745 460 786 Secutus
482 757 608 795 sum3
639 749 696 794 et,
720 744 838 797 quod
861 743 1125 786 fortunatum
1143 745 1217 787 isti
1239 750 1413 799 putant,

268 811 468 853 Uxorem
489 824 711 866 nunquam
734 812 884 854 habui.
946 812 1047 870 Ille,
1071 817 1240 863 cont-ra,
1261 813 1358 855 haec
1381 814 1552 856 omnia:

264 955 358 995 perit.
411 956 503 988 Vah!
524 960 662 997 potestne
686 957 764 989 illud
793 967 870 997 esse,
897 961 932 989 ut
963 958 1116 999 quispiam
1141 956 1189 988 ila
1222 957 1325 988 animo
1351 956 1396 988 sit
1417 955 1562 998 affectus,
1583 959 1619 987 ut
1643 954 1726 995 quic-

267 1008 358 1038 quam
373 1000 476 1030 carius
489 1001 598 1031 haheat
615 1011 705 1041 quam
719 1001 874 1041 seipsum?
917 1002 1067 1032 Attamen
1085 1010 1125 1031 ex
1141 1010 1187 1032 me
1202 1010 1262 1032 non
1277 1004 1324 1031 est
1337 1000 1475 1040 genitus,
1492 1001 1546 1030 sed
1561 1009 1601 1030 ex
1620 998 1727 1038 fratre

268 1051 335 1072 meo
361 1043 490 1074 Demea.
535 1043 570 1074 Is
587 1043 696 1081 frater
716 1043 912 1075 dissimiliter
926 1045 1023 1075 vitam
1038 1043 1192 1083 instituit,
1212 1047 1302 1084 atque
1317 1053 1393 1082 ego:
1408 1043 1480 1082 J'am
1492 1043 1564 1073 inde
1578 1051 1673 1082 usque
1688 1039 1725 1070 ab

267 1084 391 1124 ephebis
405 1096 460 1125 ego
476 1086 555 1117 hanc
569 1096 683 1117 comem
697 1087 777 1126 elegi
787 1087 898 1126 vitam,
911 1087 1058 1118 urbanam
1074 1090 1104 1118 et
1117 1086 1317 1127 tranquillum
1328 1097 1340 1123 ‚·
1363 1089 1406 1125 et,
1418 1087 1497 1126 quod
1505 1084 1644 1126 plerique
1659 1083 1728 1114 bea-

268 1130 334 1158 tum
360 1129 527 1170 aestimant,
546 1139 675 1161 uxorem
698 1139 856 1171 nunquam
881 1132 991 1162 ducere
1006 1130 1105 1161 volui.-
1130 1129 1181 1160 z'lte
1195 1130 1298 1160 omniu
1312 1129 1376 1160 ulia
1387 1128 1508 1170 potiora
1531 1125 1635 1168 duxit,
1650 1136 1727 1166 agro

870 1225 987 1236 eoo-m
991 1224 1107 1236 '''''

272 1302 458 1333 laudatum.
482 1301 549 1333 Sed
560 1302 888 1343 perfregeritAlz'quid
899 1306 1097 1334 constanter
1109 1302 1227 1343 legunt
1238 1301 1395 1333 Codices.
1417 1301 1476 1334 Sic
1489 1301 1730 1332 Liv.xxu.20.

274 1346 398 1377 Cicero
411 1345 454 1376 de
464 1345 565 1377 Orat.
584 1354 625 1377 11.
641 1349 693 1377 62.
706 1346 824 1377 Phaed.
839 1355 874 1377 v.
890 1349 961 1377 7.8.
978 1348 986 1363 ‘
1002 1346 1182 1377 Sinistram
1198 1344 1303 1385 fregit
1318 1344 1459 1376 tibiam!
1475 1344 1576 1376 West.
1601 1344 1729 1375 Omnes

275 1387 347 1419 fere
363 1389 490 1429 antiqui
508 1388 598 1424 libri,
617 1388 830 1430 praefregerit.
855 1389 915 1421 Fa.
957 1386 1014 1420 Sie
1030 1394 1066 1420 et
1083 1388 1201 1420 nostri.
1225 1388 1321 1420 Bent.
1364 1387 1432 1420 Aut
1446 1387 1566 1428 uspiam
1582 1396 1664 1417 nune
1683 1397 1730 1418 ce-

272 1430 400 1471 ciderit]
416 1432 494 1462 Non
507 1432 639 1469 dubito,
655 1433 733 1473 quin
747 1442 788 1463 ex
804 1433 867 1463 hoc
886 1441 984 1463 versu
1000 1432 1032 1462 in
1047 1432 1306 1463 antecedentem
1320 1429 1358 1462 τὸ
1372 1432 1381 1447 ‘
1395 1440 1484 1461 nunc
1496 1429 1504 1442 ’
1520 1429 1734 1470 migraverit,

273 1484 382 1513 eoque
401 1475 591 1513 ponendum
609 1475 654 1506 sit
670 1476 757 1512 loco,
783 1485 849 1517 qno
877 1475 1022 1515 positum
1043 1475 1116 1515 jam
1144 1473 1253 1513 vides,
1281 1479 1319 1505 ut
1342 1473 1385 1505 ad
1409 1474 1474 1505 tria
1495 1473 1561 1505 ista
1577 1471 1731 1513 perfecta

274 1520 283 1535 ‘
303 1517 463 1556 illiserit,’
486 1520 494 1534 ‘
514 1517 703 1556 ceciderit,’
728 1520 737 1536 ‘
757 1517 996 1559 praefregerit'
1018 1528 1115 1559 aeqne
1139 1517 1310 1557 pertineat
1327 1517 1439 1557 potins
1455 1526 1552 1558 qnam
1570 1514 1612 1546 ad
1626 1525 1732 1547 unum

277 1560 287 1577 ‘
304 1560 481 1591 solicitor!
503 1561 600 1592 Both.
646 1561 755 1599 Perfr.
772 1562 830 1592 Er.
855 1561 944 1592 Perl.
990 1561 1109 1599 Proefr.
1126 1561 1185 1591 Br.
1205 1561 1307 1591 Bent.
1327 1561 1403 1600 Bip.
1421 1559 1523 1590 Both.
1550 1559 1730 1589 Perl.-—13

276 1604 344 1635 Ms-
362 1604 454 1644 Lips.
473 1608 506 1634 et
524 1604 598 1634 ΕΡ.
615 1604 744 1635 habent
759 1605 922 1636 instituere
937 1603 970 1634 in
985 1604 1100 1634 animo.
1142 1603 1210 1635 Sed
1228 1607 1262 1634 et
1278 1604 1325 1634 ita
1341 1608 1415 1633 erat
1430 1602 1462 1632 in
1477 1602 1632 1632 omnibns
1645 1601 1732 1632 Mss.

276 1647 439 1677 Boeclcri.
486 1646 643 1687 Guyetus
660 1648 691 1677 in
707 1647 851 1678 Scholiis
867 1647 951 1678 Mss.
992 1647 1122 1682 Parere,
1145 1646 1177 1676 id
1202 1651 1267 1683 est,
1289 1645 1417 1684 τίκτειν,
1440 1643 1607 1676 defendit.
1634 1644 1736 1676 West.

275 1689 315 1720 In
331 1690 467 1720 animum
482 1689 661 1730 instituere]
684 1690 787 1722 Beut.
811 1693 991 1731 praeeunte
1017 1689 1149 1720 Faerno
1176 1688 1300 1726 edidit,
1323 1689 1358 1719 in
1382 1687 1495 1719 animo.
1538 1687 1733 1727 Utrumque

277 1737 385 1764 recte.
411 1733 511 1763 Zeun.
558 1733 598 1764 In
613 1733 715 1764 animo
732 1733 848 1765 Guelf.
865 1736 895 1764 2.
911 1735 942 1763 3.
965 1732 1025 1764 ΒΓ.
1048 1732 1120 1763 ET.
1142 1732 1225 1763 EM.
1241 1732 1343 1763 Bent.
1359 1731 1438 1771 Bip.
1454 1730 1644 1761 Boiu-14
1669 1730 1735 1761 Pa-

274 1785 343 1807 rere
360 1776 419 1806 Br.
466 1775 516 1806 Sz't
535 1785 595 1816 pro
611 1779 656 1807 est
673 1775 789 1808 Guelf.
807 1779 839 1808 3.
887 1776 962 1806 Dat
978 1775 1144 1806 Bothins:
1164 1785 1254 1815 quam
1280 1775 1365 1814 ipsus
1390 1772 1471 1804 sibi!
1503 1772 1552 1804 Ac
1571 1772 1576 1814 Ι
1600 1773 1670 1803 Non
1693 1782 1736 1803 ea:

276 1829 324 1849 me
340 1822 442 1857 natus,
459 1818 577 1856 fratris
591 1819 640 1850 hic
657 1823 713 1851 est.
757 1819 845 1850 Adeo
859 1819 887 1849 is
900 1822 946 1849 est
966 1818 971 1858 Ι
991 1818 1163 1850 Dissimilis
1178 1818 1303 1848 studio.-
1323 1827 1396 1848 nam
1409 1817 1482 1848 inde
1504 1816 1542 1847 ab
1565 1816 1736 1847 adolescen-

277 1862 323 1892 tz‘u
343 1862 348 1902 Ι
371 1862 453 1901 Ego,
469 1862 609 1900 &ce-15
633 1863 716 1894 Mss.
732 1862 883 1904 qnidam,
899 1861 1015 1902 Atque.
1059 1862 1144 1895 Qnae
1172 1860 1347 1901 inceptiva
1369 1864 1422 1890 est
1447 1859 1626 1900 particula.
1671 1858 1736 1889 At-

277 1914 343 1945 que
372 1905 416 1935 ita
443 1905 620 1944 Sosipater
644 1905 704 1936 lib.
730 1914 771 1937 11.
800 1915 842 1936 ex
872 1904 1005 1935 Acrone
1033 1904 1132 1941 citat,
1157 1902 1373 1934 laudantibus
1396 1902 1440 1934 G.
1461 1906 1498 1933 et
1518 1902 1556 1933 F.
1574 1901 1612 1932 F.
1641 1901 1737 1934 West.

278 1947 320 1978 In
340 1947 508 1979 Bembino
525 1952 559 1978 et
576 1948 649 1978 aliis
666 1949 826 1990 antiquis,
849 1957 909 1988 pro
932 1947 1044 1987 Atqui,
1068 1952 1120 1978 est
1142 1948 1257 1987 Atque.
1300 1945 1399 1978 Quod
1424 1954 1503 1976 vero
1524 1945 1677 1985 sequitur
1700 1944 1735 1975 in

283 1999 314 2022 o.
331 1991 354 2021 l.
374 2000 400 2021 s.
430 1991 476 2020 ita
497 1991 696 2022 collocatnm
722 1997 785 2031 est,
811 1991 861 2022 hic
881 1994 976 2022 uatus
1001 2001 1061 2021 non
1085 1994 1140 2022 est.
1163 1991 1221 2021 Fa.
1266 1988 1430 2020 Similiter
1453 1987 1559 2019 nostri
1582 1988 1736 2028 plerique

279 2033 392 2074 Atque.
439 2032 612 2064 Charisius
631 2044 662 2074 p.
680 2036 755 2066 204.
778 2035 787 2050 ‘
805 2033 932 2074 Atque,
949 2043 1024 2073 pro,
1046 2038 1092 2064 et.
1136 2032 1319 2064 Terentius
1335 2031 1369 2062 in
1385 2031 1568 2071 Adelphis:
1591 2032 1601 2047 ‘
1619 2029 1736 2071 Atque

281 2086 323 2107 ex
341 2086 395 2107 me
422 2076 474 2106 hic.
502 2082 600 2107 natus
616 2087 681 2108 non
699 2082 764 2116 est,
781 2077 840 2108 sed
856 2086 898 2107 ex
915 2075 1047 2107 fratre!
1092 2076 1159 2107 Ubi
1188 2075 1318 2113 Acron,
1344 2073 1491 2115 Argute,
1513 2072 1633 2113 inquit,
1659 2082 1737 2104 nam

282 2129 343 2158 per
360 2118 637 2159 conjunctionem
657 2121 834 2151 transitum
852 2118 933 2151 fecit
951 2118 992 2149 ad
1010 2118 1261 2150 narrationem?
1283 2118 1381 2148 Bent.
1426 2117 1530 2157 Atque
1550 2117 1609 2147 ΒΓ.
1634 2115 1736 2147 Bent.

281 2162 360 2202 Bip.
375 2167 412 2193 et
427 2171 502 2192 cnm
516 2162 639 2202 Delph.
656 2166 748 2194 natus
763 2173 822 2194 non
838 2165 982 2194 est.—16
996 2162 1096 2193 Hanc
1111 2161 1364 2192 distinctionem
1378 2169 1418 2190 ex
1432 2159 1537 2198 Aldo,
1552 2158 1740 2199 Stephano,

282 2205 369 2242 aliis,
387 2214 548 2235 revocare
567 2206 668 2236 visum
686 2205 764 2236 fnit.
809 2206 920 2246 Vulgo
937 2215 1027 2236 nnnc
1045 2206 1110 2236 ita:
1135 2206 1163 2236 is
1183 2205 1258 2236 adeo
1278 2203 1438 2234 Dissimili
1456 2203 1560 2234 studio
1580 2205 1644 2232 est.-
1666 2202 1738 2241 jum

280 2248 353 2278 inde
368 2247 405 2278 ab
421 2248 623 2278 adolescentia
640 2259 704 2287 ego.
744 2249 900 2289 Gnyetus
922 2248 992 2280 ita:
1017 2249 1119 2288 Atque
1133 2258 1172 2279 ex
1188 2258 1235 2278 me
1251 2247 1300 2278 hic
1314 2249 1406 2277 uatus
1421 2255 1481 2276 non
1495 2249 1554 2284 est,
1568 2245 1621 2276 sed
1633 2243 1740 2283 fratre

281 2300 322 2321 ecc
338 2300 412 2321 meo.
456 2290 662 2331 Sequentem
681 2302 812 2323 versum
831 2291 1009 2332 expungit.
1032 2291 1131 2323 W‘est.
1177 2292 1264 2321 'l‘res
1281 2299 1323 2320 ex
1341 2289 1478 2326 nostris,
1496 2297 1636 2328 quornm
1653 2296 1739 2318 nnns

282 2335 361 2364 900.
378 2341 555 2372 annornm,
578 2334 754 2365 Dissimilis
769 2335 873 2366 studio
885 2337 945 2366 est.
985 2335 1105 2365 Recte.
1130 2333 1227 2364 Bent.
1272 2331 1431 2363 Dissimili
1445 2335 1486 2362 st.
1503 2334 1549 2362 est
1566 2330 1636 2368 jam
1650 2329 1739 2370 inde]

285 2376 369 2406 Post
394 2378 403 2392 ‘
421 2375 492 2406 est’
515 2377 616 2407 Bent.
635 2377 813 2417 distinguit
840 2378 919 2418 [hoc
945 2377 1065 2408 modo:
1089 2376 1193 2407 studio
1215 2378 1271 2407 est.
1287 2374 1358 2412 jam
1373 2375 1444 2405 inde
1461 2374 1500 2405 ab
1523 2373 1742 2412 adulescentia,

286 2420 369 2457 Ego,
382 2418 452 2458 5⁴02]
477 2419 566 2459 quod
583 2430 667 2459 opus
685 2430 761 2451 csse
778 2430 843 2451 non
861 2420 1019 2451 arbitror.
1041 2419 1138 2450 Zeun.
1184 2419 1274 2458 Gny.
1301 2418 1386 2448 hunc
1409 2426 1458 2448 vs.
1482 2422 1518 2447 nt
1534 2425 1628 2455 saepe
1644 2416 1740 2455 alios,

284 2461 414 2492 delevit
430 2462 608 2492 immerito.
631 2463 665 2494 J.
682 2464 798 2494 colloc.
812 2463 882 2501 jam
904 2463 942 2494 ab
967 2463 1096 2494 adolesc.
1123 2461 1347 2501 Cacophonia.
1373 2460 1459 2491 Perl.
1503 2458 1680 2490 Dissimilis
1694 2457 1738 2491 A.

286 2504 382 2535 Both..
429 2504 487 2535 Sic
518 2504 579 2536 dat
608 2505 786 2537 Perl.-—-l7
812 2506 898 2537 Vide
925 2515 966 2536 an
991 2505 1171 2546 legendum
1201 2505 1257 2543 sit,
1279 2504 1377 2534 vitum
1405 2502 1610 2542 urbanumque
1631 2501 1740 2532 otium.

287 2547 361 2578 Cic.
378 2547 442 2587 Ep.
461 2547 553 2578 Fam.
571 2556 638 2579 xu.
657 2551 686 2578 l.
708 2549 716 2565 ‘
731 2549 780 2580 Ut
805 2559 869 2589 ego
895 2549 1030 2590 quidem
1059 2554 1094 2579 et
1121 2547 1196 2578 nrbi
1223 2552 1261 2578 et
1287 2546 1356 2577 otio
1382 2544 1570 2576 diffiderem
1588 2543 1742 2576 urbano.'

286 2590 384 2620 Bent.
431 2590 548 2630 Atque]
576 2590 661 2622 GM.
686 2601 761 2631 sup.
787 2592 906 2632 script.
934 2592 1075 2623 exhibet
1107 2590 1269 2621 urbanum.
1293 2589 1476 2619 Fert—18
1500 2587 1589 2627 Gny.
1617 2586 1741 2618 substi-

287 2633 354 2663 tnit
376 2632 613 2672 infortunatum,
629 2636 806 2674 exagitans
821 2635 853 2665 in
872 2635 992 2674 glossis
1007 2633 1179 2666 ἆνεκδότοις
1197 2634 1382 2671 Donatum,
1397 2630 1454 2672 qui
1473 2630 1505 2661 id
1522 2639 1586 2661 non
1605 2629 1741 2670 viderit,

286 2685 362 2706 cuin
397 2677 585 2715 praesertim
614 2677 838 2707 Menandrum
865 2677 1006 2709 haberet
1034 2678 1074 2708 ad
1100 2686 1254 2707 manum:
1281 2679 1406 2715 praeter
1434 2678 1582 2704 mentem
1604 2671 1739 2704 Poetae.

294 2717 394 2748 West.
440 2718 563 2759 Incptc,
592 2719 741 2760 conjecit
767 2720 857 2760 Gny.
881 2720 989 2757 infun-t.
1024 2720 1101 2760 Bip.
1148 2719 1217 2754 Quo
1246 2716 1362 2749 Guelt'.
1391 2719 1510 2747 2.-19
1531 2715 1740 2753 Distingue:

290 2760 361 2797 Ille,
391 2765 498 2791 sono-a
521 2762 584 2791 hm:
609 2763 720 2798 omm'a,
745 2763 823 2793 Ruri
846 2773 937 2799 ug‘ere
960 2764 1066 2794 ritum.
1093 2763 1191 2792 Bcut.
1238 2761 1461 2797 Distinguunt
1478 2759 1520 2789 al.
1537 2763 1612 2798 pust
1628 2758 1742 2789 ‘Uxo-

291 2805 379 2835 rem‘
397 2813 596 2845 perpenmn,
615 2815 676 2836 nec
694 2806 800 2836 minus
818 2806 1029 2837 incommode
1047 2805 1183 2847 quidam
1207 2810 1283 2845 post
1310 2806 1318 2821 ‘
1334 2801 1474 2834 contra?
1499 2802 1583 2833 l’erl.
1629 2801 1742 2842 Vulgo
