1966 3302
532 234 846 270 PHORMlole
878 234 988 265 Acr.
1012 237 1053 265 v.
1088 234 1156 266 sc.
1184 236 1290 264 v111.
1526 223 1637 264 1041

187 337 278 379 DE.
308 335 418 390 Ego,
438 334 740 383 Nausistrata,
770 343 870 374 esse
889 332 934 372 in
954 331 1038 372 hac
1057 342 1100 371 re
1125 330 1302 384 culpam
1322 329 1523 373 meritam
1542 347 1629 375 non

358 415 471 457 nego
488 416 499 455 ;
1583 402 1641 442 25

184 471 274 513 Sed
293 482 407 521 eam,
427 482 528 525 quae
549 468 608 510 sit
625 466 907 522 ignoscenda.
967 465 1125 506 PHOR.
1157 464 1309 507 Verba
1325 466 1435 508 fiunt
1450 472 1634 510 mortuo.

186 538 279 580 DE.
310 537 431 579 Nam
450 549 591 591 neque
609 534 873 589 negligentia
891 539 984 584 tua,
1003 546 1147 587 neque
1169 533 1273 575 odio
1293 534 1339 574 id
1361 535 1465 576 fecit
1486 540 1577 577 tuo.

185 604 465 656 Vinolentus,
487 605 576 646 fere
596 603 754 645 abhinc
772 615 910 644 annos
932 601 1197 655 quindecim,
1217 602 1521 645 mulierculam

183 671 297 714 Eam
316 672 589 727 compressit,
608 670 726 713 unde
744 670 839 712 haec
859 673 961 712 nata
979 668 1062 711 'stt
1082 682 1222 723 neque
1243 670 1424 723 postilla
1445 684 1639 726 unquam

184 803 253 848 Ea
271 743 612 859 moratgrlfflgbiiu
642 819 667 846 e
698 804 848 847 medio
878 804 1000 855 abiit,
1022 805 1099 859 qui
1130 805 1213 846 suit
1246 806 1291 845 in
1326 818 1371 845 re
1403 805 1486 848 hac
1520 820 1639 849 scru-

355 873 503 927 pulus.
1586 875 1642 916 30

184 937 489 990 Quamobrem
510 944 555 981 te
573 952 668 991 oro,
683 945 733 981 ut
753 940 845 982 alia
864 940 984 982 facta
1004 945 1082 982 tua
1104 943 1219 992 sunt,
1235 953 1364 995 aequo
1387 941 1535 983 animo
1556 942 1639 984 hoc

356 1007 488 1050 feras.

172 1122 339 1162 fructuum
361 1129 559 1157 nostrorum?
595 1125 663 1158 DE.
685 1125 756 1165 Ego
772 1123 978 1156 Nausistrata
993 1133 1053 1155 non
1067 1125 1192 1166 inficior
1203 1125 1324 1165 culpam
1336 1126 1370 1157 in
1385 1126 1442 1157 hac
1462 1136 1495 1157 re
1510 1136 1529 1157 α
1546 1126 1642 1158 Chre-

180 1170 261 1198 mete
274 1167 385 1199 merita
399 1168 463 1206 ejus
477 1168 643 1200 admissam
658 1177 733 1207 esse,
746 1168 799 1198 sed
813 1168 919 1207 talem,
930 1177 996 1208 qnoe
1007 1168 1051 1198 sit
1065 1169 1263 1199 condonanda
1274 1178 1314 1199 ex
1328 1169 1464 1200 omnium
1478 1170 1644 1202 sententia.

180 1209 253 1242 ΡΗ.
274 1209 356 1241 Hoec
370 1210 464 1242 verba
478 1211 511 1242 in
524 1211 663 1251 gratiam
679 1210 865 1250 Chremetis,
880 1211 921 1241 ad
931 1211 1114 1250 placandam
1128 1210 1364 1241 Nausistratam
1370 1212 1492 1251 jacere,
1504 1216 1551 1243 est
1562 1222 1643 1242 mor-

179 1256 235 1285 tuo
248 1253 340 1284 verba
348 1253 469 1291 facere.
515 1255 587 1286 DE.
610 1254 697 1285 Nam
711 1262 807 1293 neque
819 1254 853 1284 id
860 1252 954 1291 fecit,
971 1254 1050 1292 quod
1065 1256 1096 1284 te
1111 1254 1295 1293 negligeret,
1310 1257 1339 1284 et
1356 1255 1424 1285 odio
1438 1254 1575 1292 haberet,
1591 1256 1643 1285 secl

178 1293 251 1326 vino
265 1298 374 1336 captus
386 1294 460 1334 sere
484 1301 559 1328 sunt
583 1296 658 1327 anni
672 1295 861 1337 quindecim,
872 1305 941 1326 cum
955 1296 1165 1328 mulierculam
1177 1296 1341 1335 gravidam
1349 1297 1431 1335 fecit
1442 1308 1455 1333 ;
1484 1298 1563 1328 uncle
1579 1297 1643 1328 Ιια>ε

178 1336 271 1377 virgo
283 1338 395 1378 genita
409 1343 468 1379 est,
483 1349 579 1380 neque
591 1343 699 1380 postea
720 1348 854 1380 vrnquam
868 1348 937 1369 cum
951 1338 1007 1369 illa
1028 1348 1093 1370 rem
1116 1339 1223 1370 habuit
1234 1349 1246 1376 ;
1268 1340 1372 1370 eadem
1387 1349 1403 1370 e
1423 1340 1489 1371 vita
1503 1340 1644 1379 decessit,

177 1384 278 1412 morte
291 1380 412 1413 sublata
427 1385 486 1422 est,
502 1392 571 1423 qnae
584 1382 614 1413 si
628 1383 757 1422 viveret,
772 1380 971 1423 difficultates
992 1384 1023 1412 et
1046 1381 1179 1412 dissidia
1194 1381 1311 1422 afferre
1322 1386 1435 1422 posset.
1482 1383 1642 1423 Quaprop-

177 1425 230 1454 ter
242 1426 275 1455 te
289 1423 425 1466 obsecro,
436 1435 505 1466 quae
517 1428 572 1456 tua
585 1427 631 1457 est
642 1425 736 1457 solita
751 1424 929 1465 benignitas
943 1427 974 1455 et
982 1423 1139 1465 facilitas,
1153 1427 1187 1455 nt
1203 1425 1258 1456 hoc
1275 1425 1368 1456 etiam
1378 1425 1534 1466 patienter
1539 1427 1642 1465 fera&

1624 1485 1630 1501 ί

796 1520 1034 1534 eeoeeaeeeeeee

174 1588 304 1632 pimus,
318 1591 490 1632 praeteriti
514 1593 680 1634 temporis
696 1592 764 1625 erit
780 1604 787 1623 :
814 1602 894 1625 sane
910 1593 944 1624 In
960 1593 1056 1624 Bem.
1079 1594 1127 1624 ita
1149 1593 1362 1625 collocantur
1378 1592 1494 1634 verba,
1513 1594 1559 1625 Ea
1575 1605 1643 1635 quoe

175 1633 300 1664 no'stros
313 1632 429 1665 minuit
442 1634 572 1674 fruetus
594 1636 711 1667 vilitas.
732 1637 794 1668 Fa.
841 1637 892 1667 Ea
908 1635 1028 1667 Nostri
1047 1634 1119 1667 fere
1134 1645 1264 1676 omnes,
1281 1641 1318 1667 et
1331 1635 1499 1669 minuebat.
1545 1637 1642 1669 Unus

177 1675 312 1706 tantum
328 1676 457 1714 fructus
480 1678 614 1709 minuit:
638 1679 724 1709 alius
747 1678 905 1709 minuebat
924 1677 1066 1716 fructus.
1111 1679 1255 1718 Repoue
1281 1688 1357 1710 cum
1382 1679 1479 1710 Bem.
1511 1679 1560 1711 Ea
1575 1690 1643 1720 quae

175 1720 299 1749 nostros
322 1718 434 1750 minuit
452 1718 582 1757 fructus
605 1720 724 1752 vilitas.
768 1721 819 1751 Ea
842 1720 980 1752 suavior
1005 1721 1187 1752 collocatio
1211 1725 1277 1761 est,
1292 1725 1328 1752 et
1351 1721 1456 1761 magis
1481 1721 1524 1752 de
1548 1732 1643 1754 more

174 1760 394 1794 Terentiano.
418 1762 518 1794 Bent.
542 1763 667 1794 Minuit
691 1764 759 1794 Ms.
786 1763 829 1794 R.
855 1762 945 1804 apud
966 1762 1066 1794 Lind.
1092 1763 1181 1794 Bod.
1207 1764 1267 1795 Br.
1312 1764 1394 1794 Hoec
1420 1767 1488 1794 erat
1511 1774 1559 1805 ea,
1575 1776 1644 1805 qnae

174 1802 336 1834 minuebat
350 1807 471 1836 nostros
484 1804 614 1842 fructus
627 1806 735 1837 rtilitas
760 1805 861 1837 Both.
885 1815 951 1847 quo
973 1805 1094 1846 judice
1117 1806 1228 1837 Lemni
1254 1807 1306 1837 est
1329 1807 1505 1846 glossema.
1557 1809 1643 1839 Mox

174 1839 260 1877 ‘AL
287 1845 413 1877 utilitas
439 1848 537 1880 mire.
582 1848 659 1880 Nisi
688 1848 778 1880 forte
808 1847 964 1879 ironice!
987 1849 1162 1880 Fert—25
1197 1849 1352 1880 Meritum
1380 1849 1508 1881 habent
1537 1851 1643 1892 aliqui

172 1886 267 1926 libri,
281 1887 373 1920 inter
389 1898 473 1930 quos
490 1890 588 1921 Bem-
612 1891 673 1923 Fa.
718 1891 841 1923 Nostri
857 1900 974 1923 omnes
989 1893 1155 1929 meritam;
1180 1896 1216 1923 et
1232 1892 1327 1923 sicin
1341 1896 1440 1924 textu
1457 1892 1645 1934 reliquerat

175 1930 237 1963 Fa.
282 1931 357 1962 Nos
372 1932 532 1974 meritum,
546 1936 586 1965 ut
602 1942 665 1974 par
688 1937 754 1974 est,
780 1935 988 1975 reponimus,
1031 1935 1177 1966 Plautus
1197 1933 1275 1966 Aul.
1292 1945 1339 1967 ιν.
1361 1938 1412 1967 10.
1429 1938 1460 1967 8.
1490 1936 1499 1952 ‘
1516 1937 1644 1968 Fateor

174 1974 376 2012 peccavisse
390 1984 456 2015 me,
470 1979 507 2008 et
521 1984 576 2008 me
591 1976 727 2017 culpam
745 1977 983 2008 commeritum
1006 1977 1101 2009 scio.'
1125 1977 1222 2009 Bent.
1245 1988 1344 2019 quem
1360 1982 1550 2019 sequnntur
1565 1979 1643 2020 Bip.

174 2015 282 2050 Both.
304 2016 479 2049 ‘Meritum
500 2019 587 2051 Mss.
604 2019 843 2061 plerorumque
867 2024 903 2051 et
926 2020 959 2050 in
982 2020 1084 2052 editis
1113 2021 1475 2061 praestantissimorum
1499 2026 1552 2053 est
1573 2023 1641 2054 lec-

173 2058 239 2096 tio.·
279 2057 365 2100 Alii,
380 2059 416 2091 in
432 2059 555 2101 quibus
575 2061 660 2093 Mss.
681 2062 804 2094 Leidd.
820 2062 900 2102 duo,
915 2063 1081 2103 Meritum,
1097 2067 1136 2095 ut
1162 2063 1205 2094 ad
1222 2063 1439 2095 Chremetem
1456 2063 1640 2097 referatur.

174 2101 223 2133 Et
237 2104 357 2133 tuetur
381 2102 540 2143 Guyetus
565 2103 598 2134 in
615 2103 789 2136 ἂνεκδότοις
812 2114 854 2136 ex
871 2106 968 2138 Bem.
1014 2106 1072 2137 Sic
1090 2106 1209 2137 Plaut.
1236 2107 1349 2138 Mei-c.
1365 2116 1413 2138 1v.
1429 2110 1461 2138 6.
1478 2110 1531 2138 12.
1562 2108 1571 2124 ‘
1591 2109 1641 2140 Ut

173 2143 244 2176 511ae
267 2144 465 2185 exiguntur,
479 2155 556 2186 quae
579 2146 613 2177 in
630 2156 667 2178 se
692 2147 828 2188 culpam
853 2147 1109 2180 commerent.’'
1135 2149 1317 2181 West.——26
1341 2150 1437 2180 Rem.
1463 2154 1498 2181 et
1525 2160 1642 2183 omnes

172 2185 249 2218 fere
264 2187 323 2219 alii
339 2187 404 2220 Sed
424 2198 483 2220 ea.-
506 2188 598 2230 quod
614 2199 696 2221 vero
719 2190 884 2231 sequitur,
901 2192 1000 2222 Bem.
1013 2191 1061 2222 ita
1084 2190 1202 2232 habet,
1214 2192 1289 2232 quin
1310 2192 1353 2223 sit
1375 2193 1583 2232 ignoscenda:
1605 2199 1640 2226 et

173 2229 447 2262 subaudiendum
461 2235 527 2270 est,
539 2238 668 2273 negare
680 2242 748 2263 non
765 2233 918 2274 poteris:
943 2234 1011 2273 vel,
1026 2243 1126 2265 nemo
1140 2234 1329 2274 negaverit.
1345 2239 1447 2276 atque
1464 2235 1550 2267 hanc
1564 2246 1641 2269 esse

173 2281 371 2312 germanam
386 2274 541 2305 Terentii
555 2275 753 2314 lectionem,
766 2276 869 2307 etiam
885 2277 1041 2308 Donatus
1055 2277 1218 2313 ostendit,
1229 2287 1405 2317 exponens
1421 2288 1498 2309 eum
1515 2279 1640 2320 locum,

178 2315 280 2346 Verba
285 2315 376 2357 fiunt
396 2320 539 2349 mortuo.-
562 2317 622 2350 ubi
646 2318 731 2350 dicit
752 2328 820 2350 non
844 2329 918 2351 esse
944 2329 1078 2361 passum
1104 2321 1302 2361 parasitum,
1319 2325 1358 2352 ut
1380 2325 1488 2353 totam
1502 2327 1639 2354 senten-

174 2356 256 2394 tiam
281 2367 388 2390 senex
413 2360 616 2400 explicaret.
643 2361 702 2393 Fa.
747 2362 868 2394 Nostri
885 2362 1045 2394 mendose
1068 2373 1146 2402 quoe.
1169 2363 1272 2395 Bent.
1297 2364 1354 2405 qui
1377 2364 1485 2395 edidit
1501 2375 1536 2396 ea
1551 2366 1639 2406 quin,

173 2400 343 2440 probante
359 2401 439 2443 Bip.
455 2403 557 2435 Both.
574 2404 675 2436 Perl.
693 2414 760 2436 eam
775 2405 851 2446 quin
867 2405 976 2437 Zeun.
999 2415 1035 2437 ea
1050 2416 1118 2446 quoe
1135 2405 1295 2437 EP.-27
1321 2407 1529 2446 Negligentia
1545 2418 1639 2449 neque

173 2443 289 2475 odinis
307 2445 342 2475 ia
358 2445 461 2477 Both.
500 2446 597 2479 Bem.
609 2451 646 2479 et
659 2447 754 2480 Vict.
778 2452 815 2480 et
837 2449 1009 2487 Donatus,
1024 2458 1121 2489 neque
1135 2449 1204 2479 odio
1220 2448 1341 2487 iclfecit
1357 2453 1420 2481 tuo.
1445 2459 1585 2482 numero
1602 2456 1638 2483 et

171 2487 423 2527 compositione
438 2489 589 2522 meliore.
615 2490 675 2522 Fa.
721 2491 780 2523 Sic
796 2495 833 2522 et
857 2491 976 2526 Nostri
991 2491 1125 2529 idfecit.
1148 2492 1339 2523 Bent.—2S
1365 2493 1373 2509 ‘
1390 2493 1433 2524 V.
1449 2493 1487 2525 C.
1503 2494 1638 2526 ‘tirolen-

171 2530 232 2560 τεν.
268 2529 456 2563 Lind.—29
480 2532 560 2564 Post
583 2532 672 2564 illam
696 2533 770 2566 ΕΡ.
797 2534 858 2565 Br.
884 2534 970 2566 GM.
991 2535 1119 2575 posthac
1145 2533 1262 2566 Guelf.
1290 2537 1408 2566 2.--30
1433 2536 1477 2567 Ο.
1496 2537 1518 2567 1.
1535 2546 1562 2567 s.
1586 2539 1640 2577 qui

163 2570 248 2612 suit,
262 2575 299 2603 et
314 2574 569 2613 pronuntiative
584 2576 783 2617 legendum,
798 2582 837 2608 ut
852 2577 899 2608 sit
922 2586 1051 2617 sensns,
1072 2588 1111 2609 ea
1126 2578 1262 2609 sublata
1276 2583 1341 2618 est,
1356 2579 1455 2619 cujus
1471 2580 1542 2610 vita
1557 2580 1636 2611 hnic

176 2613 227 2644 rei
244 2616 442 2656 scrupulum
459 2615 598 2650 afferret
613 2632 620 2652 :
643 2619 724 2660 jure
746 2619 834 2650 enim
864 2630 982 2661 posses
999 2620 1072 2651 viro
1095 2621 1208 2661 irasci,
1226 2631 1244 2652 a
1260 2631 1328 2661 quo
1352 2621 1559 2661 superducta
1574 2623 1638 2654 tibi

176 2664 262 2687 uxor
287 2657 400 2690 adhuc
427 2659 573 2691 viveret.
597 2662 659 2692 Fa.
683 2662 741 2692 Fit
768 2662 930 2703 Bip.—31
956 2664 1053 2694 Beni.
1086 2663 1169 2695 Bas.
1191 2668 1227 2694 et
1245 2664 1446 2701 Vim-sacta
1472 2668 1526 2696 tua
1553 2669 1638 2698 sunt.

174 2707 251 2739 quae
265 2701 449 2733 collocatio
464 2703 568 2733 etiarn
585 2704 794 2736 trochaicum
811 2710 923 2745 sanat,
939 2706 1040 2737 aliter
1054 2706 1280 2737 laborantem.
1304 2707 1363 2737 Fa.
1401 2707 1519 2739 Nostri
1539 2708 1635 2739 Facta

177 2744 232 2772 tua
244 2746 333 2774 sunt:
358 2744 523 2783 Tuasacla
543 2750 633 2778 sunt:
657 2747 758 2778 Facta
772 2751 846 2779 sunt
869 2752 943 2779 tua.-
965 2749 1144 2780 Petrensis
1162 2749 1228 2780 Tua
1249 2752 1320 2780 suut
1331 2751 1434 2788 sacta.
1482 2751 1634 2790 Repono,

177 2786 210 2815 ut
224 2785 290 2816 alia
305 2789 359 2818 tua
372 2788 552 2829 suntsacta,
566 2799 652 2831 (equo
664 2790 765 2822 animo
778 2794 808 2823 et
825 2792 878 2821 hoc
886 2791 989 2829 seras.
1038 2792 1104 2824 Tua
1117 2796 1186 2824 sunt
1196 2792 1299 2831 sacta,
1312 2798 1350 2824 ut
1366 2803 1468 2834 supra
1485 2803 1513 2823 v.
1533 2796 1562 2824 S.
1582 2798 1631 2825 tw.

259 2836 375 2880 Delph.
387 2844 417 2872 et
430 2840 504 2873 Var.
519 2842 605 2874 Clas.
836 2844 962 2876 Terent.
1450 2850 1467 2876 3
1480 2847 1500 2875 S
1527 2849 1544 2874 ε).
