<?xml version="1.0" encoding="UTF-8"?>
<!DOCTYPE html PUBLIC "-//W3C//DTD XHTML 1.0 Transitional//EN"
    "http://www.w3.org/TR/xhtml1/DTD/xhtml1-transitional.dtd">
<html xmlns="http://www.w3.org/1999/xhtml" xml:lang="en" lang="en">
 <head>
  <title>
</title>
<meta http-equiv="Content-Type" content="text/html;charset=utf-8" />
  <meta name='ocr-system' content='tesseract 3.04.00' />
  <meta name='ocr-capabilities' content='ocr_page ocr_carea ocr_par ocr_line ocrx_word'/>
</head>
<body>
  <div class='ocr_page' id='page_1' title='image "./pubterentiiafric02tereuoft/pubterentiiafric02tereuoft_0489.png"; bbox 0 0 1966 3302; ppageno 0'>
   <div class='ocr_carea' id='block_1_1' title="bbox 542 249 1640 291">
    <p class='ocr_par' dir='ltr' id='par_1_1' title="bbox 542 249 1640 291">
     <span class='ocr_line' id='line_1_1' title="bbox 542 249 1640 291; baseline 0.008 -12"><span class='ocrx_word' id='word_1_1' title='bbox 542 249 854 281; x_wconf 66' lang='lat' dir='ltr'><strong>Pnouwours</strong></span> <span class='ocrx_word' id='word_1_2' title='bbox 889 252 996 282; x_wconf 78' lang='lat' dir='ltr'><strong>Acr.</strong></span> <span class='ocrx_word' id='word_1_3' title='bbox 1030 252 1101 282; x_wconf 78' lang='grc' dir='ltr'><em>ιιι.</em></span> <span class='ocrx_word' id='word_1_4' title='bbox 1135 252 1204 283; x_wconf 83' lang='lat' dir='ltr'><strong>sc.</strong></span> <span class='ocrx_word' id='word_1_5' title='bbox 1238 253 1309 284; x_wconf 81' lang='lat'>111.</span> <span class='ocrx_word' id='word_1_6' title='bbox 1555 249 1640 291; x_wconf 71' lang='grc'><strong>979</strong></span> 
     </span>
    </p>
   </div>
   <div class='ocr_carea' id='block_1_2' title="bbox 182 342 1641 608">
    <p class='ocr_par' dir='ltr' id='par_1_2' title="bbox 182 342 1639 462">
     <span class='ocr_line' id='line_1_2' title="bbox 182 342 1639 403; baseline 0.008 -19"><span class='ocrx_word' id='word_1_7' title='bbox 182 342 397 385; x_wconf 82' lang='lat' dir='ltr'><strong>Triduum</strong></span> <span class='ocrx_word' id='word_1_8' title='bbox 419 344 515 392; x_wconf 83' lang='lat' dir='ltr'><strong>hoc,</strong></span> <span class='ocrx_word' id='word_1_9' title='bbox 537 346 809 398; x_wconf 87' lang='lat' dir='ltr'><strong>promissum</strong></span> <span class='ocrx_word' id='word_1_10' title='bbox 841 345 997 388; x_wconf 79' lang='lat' dir='ltr'><strong>fuerat.</strong></span> <span class='ocrx_word' id='word_1_11' title='bbox 1056 347 1151 388; x_wconf 84' lang='lat' dir='ltr'><strong>AN.</strong></span> <span class='ocrx_word' id='word_1_12' title='bbox 1184 348 1310 390; x_wconf 85' lang='lat' dir='ltr'><strong>Itane</strong></span> <span class='ocrx_word' id='word_1_13' title='bbox 1346 348 1461 390; x_wconf 87' lang='lat' dir='ltr'><strong>hunc</strong></span> <span class='ocrx_word' id='word_1_14' title='bbox 1497 353 1639 403; x_wconf 83' lang='lat' dir='ltr'><strong>patie-</strong></span> 
     </span>
     <span class='ocr_line' id='line_1_3' title="bbox 357 411 627 462; baseline 0.011 -10"><span class='ocrx_word' id='word_1_15' title='bbox 357 425 466 462; x_wconf 88' lang='lat' dir='ltr'>mur,</span> <span class='ocrx_word' id='word_1_16' title='bbox 490 411 627 462; x_wconf 83' lang='lat' dir='ltr'><strong>Geta,</strong></span> 
     </span>
    </p>

    <p class='ocr_par' dir='ltr' id='par_1_3' title="bbox 182 480 1639 538">
     <span class='ocr_line' id='line_1_4' title="bbox 182 480 1639 538; baseline 0.005 -17"><span class='ocrx_word' id='word_1_17' title='bbox 182 480 304 521; x_wconf 81' lang='lat' dir='ltr'><strong>Fieri</strong></span> <span class='ocrx_word' id='word_1_18' title='bbox 323 481 540 531; x_wconf 87' lang='lat' dir='ltr'><strong>miserum,</strong></span> <span class='ocrx_word' id='word_1_19' title='bbox 563 481 641 535; x_wconf 94' lang='lat' dir='ltr'><strong>qui</strong></span> <span class='ocrx_word' id='word_1_20' title='bbox 664 494 733 521; x_wconf 84' lang='lat' dir='ltr'><strong>me</strong></span> <span class='ocrx_word' id='word_1_21' title='bbox 755 481 932 532; x_wconf 89' lang='lat' dir='ltr'><strong>dudum,</strong></span> <span class='ocrx_word' id='word_1_22' title='bbox 956 488 1004 524; x_wconf 89' lang='lat' dir='ltr'><strong>ut</strong></span> <span class='ocrx_word' id='word_1_23' title='bbox 1025 483 1153 533; x_wconf 82' lang='lat' dir='ltr'><strong>dixti,</strong></span> <span class='ocrx_word' id='word_1_24' title='bbox 1176 483 1400 538; x_wconf 82' lang='lat' dir='ltr'><strong>adjuverit</strong></span> <span class='ocrx_word' id='word_1_25' title='bbox 1421 487 1639 532; x_wconf 70' lang='lat' dir='ltr'><strong>comiter?</strong></span> 
     </span>
    </p>

    <p class='ocr_par' dir='ltr' id='par_1_4' title="bbox 183 546 1641 608">
     <span class='ocr_line' id='line_1_5' title="bbox 183 546 1641 608; baseline 0.006 -20"><span class='ocrx_word' id='word_1_26' title='bbox 183 546 319 597; x_wconf 84' lang='lat' dir='ltr'><strong>Quin,</strong></span> <span class='ocrx_word' id='word_1_27' title='bbox 343 560 444 588; x_wconf 91' lang='lat' dir='ltr'><strong>cum</strong></span> <span class='ocrx_word' id='word_1_28' title='bbox 467 561 584 602; x_wconf 87' lang='lat' dir='ltr'><strong>opus</strong></span> <span class='ocrx_word' id='word_1_29' title='bbox 612 552 693 598; x_wconf 84' lang='lat' dir='ltr'><strong>est,</strong></span> <span class='ocrx_word' id='word_1_30' title='bbox 728 549 990 591; x_wconf 89' lang='lat' dir='ltr'><strong>beneficium</strong></span> <span class='ocrx_word' id='word_1_31' title='bbox 1023 563 1195 592; x_wconf 87' lang='lat' dir='ltr'><strong>rursum</strong></span> <span class='ocrx_word' id='word_1_32' title='bbox 1216 552 1256 593; x_wconf 90' lang='lat' dir='ltr'><strong>ei</strong></span> <span class='ocrx_word' id='word_1_33' title='bbox 1277 554 1523 608; x_wconf 83' lang='lat' dir='ltr'><strong>experimur</strong></span> <span class='ocrx_word' id='word_1_34' title='bbox 1543 556 1641 597; x_wconf 86' lang='lat' dir='ltr'><strong>red-</strong></span> 
     </span>
    </p>
   </div>
   <div class='ocr_carea' id='block_1_3' title="bbox 1621 625 1637 634">
    <p class='ocr_par' dir='ltr' id='par_1_5' title="bbox 1621 625 1637 634">
     <span class='ocr_line' id='line_1_6' title="bbox 1621 625 1637 634; baseline 0 0"><span class='ocrx_word' id='word_1_35' title='bbox 1621 625 1637 634; x_wconf 68' lang='grc' dir='ltr'><strong>ιν</strong></span> 
     </span>
    </p>
   </div>
   <div class='ocr_carea' id='block_1_4' title="bbox 356 614 1642 664">
    <p class='ocr_par' dir='ltr' id='par_1_6' title="bbox 356 614 1642 664">
     <span class='ocr_line' id='line_1_7' title="bbox 356 614 1642 664; baseline 0.007 -9"><span class='ocrx_word' id='word_1_36' title='bbox 356 614 455 656; x_wconf 87' lang='lat' dir='ltr'><strong>dere</strong></span> <span class='ocrx_word' id='word_1_37' title='bbox 470 616 489 656; x_wconf 72' lang='lat' dir='ltr'><strong>‘l</strong></span> <span class='ocrx_word' id='word_1_38' title='bbox 1613 634 1642 664; x_wconf 74' lang='lat' dir='ltr'><strong>o</strong></span> 
     </span>
    </p>
   </div>
   <div class='ocr_carea' id='block_1_5' title="bbox 181 681 1640 803">
    <p class='ocr_par' dir='ltr' id='par_1_7' title="bbox 181 681 1640 803">
     <span class='ocr_line' id='line_1_8' title="bbox 181 681 1640 743; baseline 0.005 -19"><span class='ocrx_word' id='word_1_39' title='bbox 181 681 269 725; x_wconf 81' lang='lat' dir='ltr'><strong>GE.</strong></span> <span class='ocrx_word' id='word_1_40' title='bbox 301 682 409 723; x_wconf 88' lang='lat' dir='ltr'><strong>Scio</strong></span> <span class='ocrx_word' id='word_1_41' title='bbox 431 682 611 736; x_wconf 85' lang='lat' dir='ltr'><strong>quidem</strong></span> <span class='ocrx_word' id='word_1_42' title='bbox 630 683 713 725; x_wconf 90' lang='lat' dir='ltr'><strong>hoc</strong></span> <span class='ocrx_word' id='word_1_43' title='bbox 733 696 832 725; x_wconf 87' lang='lat' dir='ltr'><strong>esse</strong></span> <span class='ocrx_word' id='word_1_44' title='bbox 854 696 1042 738; x_wconf 82' lang='lat' dir='ltr'><strong>aequom.</strong></span> <span class='ocrx_word' id='word_1_45' title='bbox 1103 686 1198 728; x_wconf 82' lang='lat' dir='ltr'><strong>AN.</strong></span> <span class='ocrx_word' id='word_1_46' title='bbox 1231 686 1328 742; x_wconf 83' lang='lat' dir='ltr'><strong>Age</strong></span> <span class='ocrx_word' id='word_1_47' title='bbox 1359 701 1479 743; x_wconf 82' lang='lat' dir='ltr'><strong>ergo,</strong></span> <span class='ocrx_word' id='word_1_48' title='bbox 1517 691 1640 732; x_wconf 84' lang='lat' dir='ltr'><strong>solus</strong></span> 
     </span>
     <span class='ocr_line' id='line_1_9' title="bbox 353 750 825 803; baseline 0 -13"><span class='ocrx_word' id='word_1_49' title='bbox 353 762 526 791; x_wconf 84' lang='lat' dir='ltr'><strong>servare</strong></span> <span class='ocrx_word' id='word_1_50' title='bbox 545 750 660 791; x_wconf 89' lang='lat' dir='ltr'><strong>hunc</strong></span> <span class='ocrx_word' id='word_1_51' title='bbox 682 755 825 803; x_wconf 83' lang='lat' dir='ltr'><strong>potes.</strong></span> 
     </span>
    </p>
   </div>
   <div class='ocr_carea' id='block_1_6' title="bbox 178 815 1637 935">
    <p class='ocr_par' dir='ltr' id='par_1_8' title="bbox 178 815 1637 935">
     <span class='ocr_line' id='line_1_10' title="bbox 178 815 1637 879; baseline 0.007 -20"><span class='ocrx_word' id='word_1_52' title='bbox 178 815 273 859; x_wconf 77' lang='lat' dir='ltr'><strong>GE.</strong></span> <span class='ocrx_word' id='word_1_53' title='bbox 306 816 428 868; x_wconf 83' lang='lat' dir='ltr'><strong>Quid</strong></span> <span class='ocrx_word' id='word_1_54' title='bbox 449 818 644 859; x_wconf 70' lang='lat' dir='ltr'><strong>faciam?</strong></span> <span class='ocrx_word' id='word_1_55' title='bbox 705 817 798 859; x_wconf 84' lang='lat' dir='ltr'><strong>AN.</strong></span> <span class='ocrx_word' id='word_1_56' title='bbox 821 818 1026 862; x_wconf 78' lang='lat' dir='ltr'><strong>Invenias</strong></span> <span class='ocrx_word' id='word_1_57' title='bbox 1048 825 1289 874; x_wconf 81' lang='lat' dir='ltr'><strong>argentum.</strong></span> <span class='ocrx_word' id='word_1_58' title='bbox 1349 822 1437 864; x_wconf 81' lang='lat' dir='ltr'><strong>GE.</strong></span> <span class='ocrx_word' id='word_1_59' title='bbox 1461 823 1637 879; x_wconf 85' lang='lat' dir='ltr'><strong>Cupio;</strong></span> 
     </span>
     <span class='ocr_line' id='line_1_11' title="bbox 353 885 838 935; baseline 0 -9"><span class='ocrx_word' id='word_1_60' title='bbox 353 885 445 935; x_wconf 83' lang='lat' dir='ltr'><strong>sed,</strong></span> <span class='ocrx_word' id='word_1_61' title='bbox 467 885 512 926; x_wconf 89' lang='lat' dir='ltr'><strong>id</strong></span> <span class='ocrx_word' id='word_1_62' title='bbox 533 885 660 935; x_wconf 90' lang='lat' dir='ltr'><strong>unde,</strong></span> <span class='ocrx_word' id='word_1_63' title='bbox 684 885 838 927; x_wconf 81' lang='lat' dir='ltr'><strong>edoce.</strong></span> 
     </span>
    </p>
   </div>
   <div class='ocr_carea' id='block_1_7' title="bbox 170 1039 1640 1300">
    <p class='ocr_par' dir='ltr' id='par_1_9' title="bbox 170 1039 1640 1300">
     <span class='ocr_line' id='line_1_12' title="bbox 170 1039 1638 1085; baseline 0.003 -15"><span class='ocrx_word' id='word_1_64' title='bbox 170 1039 277 1080; x_wconf 84' lang='lat' dir='ltr'><strong>flecti,</strong></span> <span class='ocrx_word' id='word_1_65' title='bbox 289 1044 320 1072; x_wconf 87' lang='lat' dir='ltr'><strong>et</strong></span> <span class='ocrx_word' id='word_1_66' title='bbox 332 1041 469 1081; x_wconf 78' lang='lat' dir='ltr'><strong>suaderi,</strong></span> <span class='ocrx_word' id='word_1_67' title='bbox 477 1041 612 1072; x_wconf 82' lang='lat' dir='ltr'><strong>triduum</strong></span> <span class='ocrx_word' id='word_1_68' title='bbox 625 1041 692 1078; x_wconf 79' lang='lat' dir='ltr'><strong>hoc,</strong></span> <span class='ocrx_word' id='word_1_69' title='bbox 703 1042 781 1081; x_wconf 79' lang='lat' dir='ltr'><strong>quod</strong></span> <span class='ocrx_word' id='word_1_70' title='bbox 792 1042 997 1081; x_wconf 78' lang='lat' dir='ltr'><em>postulabam,</em></span> <span class='ocrx_word' id='word_1_71' title='bbox 1008 1045 1040 1073; x_wconf 80' lang='lat' dir='ltr'><strong>ut</strong></span> <span class='ocrx_word' id='word_1_72' title='bbox 1052 1046 1230 1083; x_wconf 71' lang='lat' dir='ltr'><strong>expectaret</strong></span> <span class='ocrx_word' id='word_1_73' title='bbox 1241 1054 1253 1079; x_wconf 90' lang='lat'><strong>,·</strong></span> <span class='ocrx_word' id='word_1_74' title='bbox 1270 1043 1336 1074; x_wconf 75' lang='lat' dir='ltr'><strong>hcec</strong></span> <span class='ocrx_word' id='word_1_75' title='bbox 1343 1044 1472 1084; x_wconf 79' lang='lat' dir='ltr'><strong>pecunia</strong></span> <span class='ocrx_word' id='word_1_76' title='bbox 1482 1044 1557 1075; x_wconf 78' lang='lat' dir='ltr'><strong>mihi</strong></span> <span class='ocrx_word' id='word_1_77' title='bbox 1568 1055 1638 1085; x_wconf 81' lang='lat' dir='ltr'><strong>pro-</strong></span> 
     </span>
     <span class='ocr_line' id='line_1_13' title="bbox 178 1083 1637 1128; baseline 0.003 -15"><span class='ocrx_word' id='word_1_78' title='bbox 178 1084 274 1114; x_wconf 81' lang='lat' dir='ltr'><strong>missa</strong></span> <span class='ocrx_word' id='word_1_79' title='bbox 285 1087 355 1116; x_wconf 79' lang='lat' dir='ltr'><strong>erat</strong></span> <span class='ocrx_word' id='word_1_80' title='bbox 365 1083 402 1114; x_wconf 76' lang='lat' dir='ltr'><strong>ab</strong></span> <span class='ocrx_word' id='word_1_81' title='bbox 414 1083 534 1115; x_wconf 80' lang='lat' dir='ltr'><strong>amicis.</strong></span> <span class='ocrx_word' id='word_1_82' title='bbox 556 1083 626 1116; x_wconf 84' lang='grc' dir='ltr'><strong>ΑΝ.</strong></span> <span class='ocrx_word' id='word_1_83' title='bbox 642 1083 778 1121; x_wconf 75' lang='lat' dir='ltr'><strong>Siccine,</strong></span> <span class='ocrx_word' id='word_1_84' title='bbox 791 1085 886 1122; x_wconf 79' lang='lat' dir='ltr'><strong>Geta,</strong></span> <span class='ocrx_word' id='word_1_85' title='bbox 898 1085 976 1115; x_wconf 74' lang='lat' dir='ltr'><strong>hunc</strong></span> <span class='ocrx_word' id='word_1_86' title='bbox 987 1087 1120 1116; x_wconf 80' lang='lat' dir='ltr'><strong>sinemus</strong></span> <span class='ocrx_word' id='word_1_87' title='bbox 1131 1096 1165 1117; x_wconf 86' lang='lat' dir='ltr'><strong>eo</strong></span> <span class='ocrx_word' id='word_1_88' title='bbox 1179 1087 1313 1117; x_wconf 67' lang='lat' dir='ltr'><strong>miserias</strong></span> <span class='ocrx_word' id='word_1_89' title='bbox 1323 1087 1439 1127; x_wconf 77' lang='lat' dir='ltr'><strong>redigi,</strong></span> <span class='ocrx_word' id='word_1_90' title='bbox 1451 1087 1505 1127; x_wconf 83' lang='lat' dir='ltr'><strong>qui</strong></span> <span class='ocrx_word' id='word_1_91' title='bbox 1517 1098 1563 1118; x_wconf 81' lang='lat' dir='ltr'><strong>me</strong></span> <span class='ocrx_word' id='word_1_92' title='bbox 1572 1091 1637 1128; x_wconf 69' lang='lat' dir='ltr'><strong>prz&#39;-</strong></span> 
     </span>
     <span class='ocr_line' id='line_1_14' title="bbox 175 1127 1640 1170; baseline 0.004 -14"><span class='ocrx_word' id='word_1_93' title='bbox 175 1127 255 1164; x_wconf 85' lang='lat' dir='ltr'><strong>dem,</strong></span> <span class='ocrx_word' id='word_1_94' title='bbox 264 1130 296 1157; x_wconf 75' lang='lat' dir='ltr'><strong>ut</strong></span> <span class='ocrx_word' id='word_1_95' title='bbox 308 1127 432 1165; x_wconf 76' lang='lat' dir='ltr'><strong>dixisti,</strong></span> <span class='ocrx_word' id='word_1_96' title='bbox 442 1130 506 1157; x_wconf 79' lang='lat' dir='ltr'><strong>tam</strong></span> <span class='ocrx_word' id='word_1_97' title='bbox 516 1127 658 1166; x_wconf 78' lang='lat' dir='ltr'><strong>humane,</strong></span> <span class='ocrx_word' id='word_1_98' title='bbox 669 1130 698 1157; x_wconf 86' lang='lat' dir='ltr'><strong>et</strong></span> <span class='ocrx_word' id='word_1_99' title='bbox 711 1127 979 1165; x_wconf 65' lang='lat' dir='ltr'><strong>benignejurer5t,</strong></span> <span class='ocrx_word' id='word_1_100' title='bbox 991 1132 1105 1167; x_wconf 73' lang='lat' dir='ltr'><strong>pmsro</strong></span> <span class='ocrx_word' id='word_1_101' title='bbox 1117 1129 1193 1159; x_wconf 78' lang='lat' dir='ltr'><strong>mihi</strong></span> <span class='ocrx_word' id='word_1_102' title='bbox 1197 1128 1319 1166; x_wconf 81' lang='lat' dir='ltr'><strong>fuerit?</strong></span> <span class='ocrx_word' id='word_1_103' title='bbox 1342 1130 1439 1167; x_wconf 83' lang='lat' dir='ltr'><strong>Quin,</strong></span> <span class='ocrx_word' id='word_1_104' title='bbox 1450 1140 1516 1161; x_wconf 84' lang='lat' dir='ltr'><strong>cum</strong></span> <span class='ocrx_word' id='word_1_105' title='bbox 1528 1141 1602 1170; x_wconf 80' lang='lat' dir='ltr'><strong>opus</strong></span> <span class='ocrx_word' id='word_1_106' title='bbox 1613 1132 1640 1161; x_wconf 71' lang='lat' dir='ltr'><strong>is</strong></span> 
     </span>
     <span class='ocr_line' id='line_1_15' title="bbox 175 1168 1639 1212; baseline 0.004 -14"><span class='ocrx_word' id='word_1_107' title='bbox 175 1168 279 1206; x_wconf 77' lang='lat' dir='ltr'><strong>habet,</strong></span> <span class='ocrx_word' id='word_1_108' title='bbox 292 1169 396 1209; x_wconf 79' lang='lat' dir='ltr'><strong>potius</strong></span> <span class='ocrx_word' id='word_1_109' title='bbox 410 1170 472 1210; x_wconf 82' lang='lat' dir='ltr'><strong>ipsi</strong></span> <span class='ocrx_word' id='word_1_110' title='bbox 484 1170 627 1207; x_wconf 75' lang='lat' dir='ltr'><strong>gratiam</strong></span> <span class='ocrx_word' id='word_1_111' title='bbox 641 1174 798 1210; x_wconf 78' lang='lat' dir='ltr'><strong>acceptam</strong></span> <span class='ocrx_word' id='word_1_112' title='bbox 814 1170 996 1207; x_wconf 68' lang='lat' dir='ltr'><strong>referimus!</strong></span> <span class='ocrx_word' id='word_1_113' title='bbox 1040 1172 1107 1206; x_wconf 77' lang='lat' dir='ltr'><strong>GE.</strong></span> <span class='ocrx_word' id='word_1_114' title='bbox 1131 1171 1191 1202; x_wconf 76' lang='lat' dir='ltr'><strong>›S&#39;at</strong></span> <span class='ocrx_word' id='word_1_115' title='bbox 1205 1173 1267 1202; x_wconf 77' lang='lat' dir='ltr'><strong>seio</strong></span> <span class='ocrx_word' id='word_1_116' title='bbox 1284 1173 1429 1212; x_wconf 73' lang='lat' dir='ltr'><strong>&lt;equitati</strong></span> <span class='ocrx_word' id='word_1_117' title='bbox 1444 1173 1476 1203; x_wconf 81' lang='lat' dir='ltr'><strong>id</strong></span> <span class='ocrx_word' id='word_1_118' title='bbox 1489 1183 1553 1204; x_wconf 84' lang='lat' dir='ltr'><strong>esse</strong></span> <span class='ocrx_word' id='word_1_119' title='bbox 1567 1184 1639 1205; x_wconf 79' lang='lat' dir='ltr'><strong>con-</strong></span> 
     </span>
     <span class='ocr_line' id='line_1_16' title="bbox 173 1213 1638 1255; baseline 0.004 -13"><span class='ocrx_word' id='word_1_120' title='bbox 173 1215 364 1243; x_wconf 80' lang='lat' dir='ltr'><strong>sentaneum.</strong></span> <span class='ocrx_word' id='word_1_121' title='bbox 395 1213 462 1243; x_wconf 81' lang='grc' dir='ltr'><strong>ΑΝ.</strong></span> <span class='ocrx_word' id='word_1_122' title='bbox 480 1213 541 1252; x_wconf 77' lang='lat' dir='ltr'><strong>Eja</strong></span> <span class='ocrx_word' id='word_1_123' title='bbox 551 1223 609 1251; x_wconf 78' lang='lat' dir='ltr'><strong>age</strong></span> <span class='ocrx_word' id='word_1_124' title='bbox 625 1223 698 1252; x_wconf 83' lang='lat' dir='ltr'><strong>ergo</strong></span> <span class='ocrx_word' id='word_1_125' title='bbox 712 1213 795 1243; x_wconf 73' lang='lat' dir='ltr'><strong>istud</strong></span> <span class='ocrx_word' id='word_1_126' title='bbox 810 1214 982 1252; x_wconf 76' lang='lat' dir='ltr'><strong>aggredere</strong></span> <span class='ocrx_word' id='word_1_127' title='bbox 995 1225 1005 1250; x_wconf 88' lang='lat'><strong>,·</strong></span> <span class='ocrx_word' id='word_1_128' title='bbox 1021 1215 1104 1245; x_wconf 77' lang='lat' dir='ltr'><strong>salus</strong></span> <span class='ocrx_word' id='word_1_129' title='bbox 1119 1214 1184 1252; x_wconf 77' lang='lat' dir='ltr'><strong>ejus</strong></span> <span class='ocrx_word' id='word_1_130' title='bbox 1200 1215 1231 1246; x_wconf 74' lang='lat' dir='ltr'><strong>in</strong></span> <span class='ocrx_word' id='word_1_131' title='bbox 1247 1219 1278 1247; x_wconf 82' lang='lat' dir='ltr'><strong>te</strong></span> <span class='ocrx_word' id='word_1_132' title='bbox 1289 1217 1351 1246; x_wconf 83' lang='lat' dir='ltr'><strong>solo</strong></span> <span class='ocrx_word' id='word_1_133' title='bbox 1362 1216 1464 1255; x_wconf 77' lang='lat' dir='ltr'><strong>posita</strong></span> <span class='ocrx_word' id='word_1_134' title='bbox 1481 1220 1538 1247; x_wconf 86' lang='lat' dir='ltr'><strong>est.</strong></span> <span class='ocrx_word' id='word_1_135' title='bbox 1568 1216 1638 1248; x_wconf 77' lang='lat' dir='ltr'><strong>GE.</strong></span> 
     </span>
     <span class='ocr_line' id='line_1_17' title="bbox 178 1255 1639 1300; baseline 0.002 -15"><span class='ocrx_word' id='word_1_136' title='bbox 178 1255 262 1290; x_wconf 73' lang='lat' dir='ltr'><strong>Quid</strong></span> <span class='ocrx_word' id='word_1_137' title='bbox 285 1259 399 1295; x_wconf 79' lang='lat' dir='ltr'><strong>agam?</strong></span> <span class='ocrx_word' id='word_1_138' title='bbox 441 1255 511 1286; x_wconf 86' lang='lat' dir='ltr'><strong>AN.</strong></span> <span class='ocrx_word' id='word_1_139' title='bbox 535 1255 712 1295; x_wconf 75' lang='lat' dir='ltr'><strong>Argentum</strong></span> <span class='ocrx_word' id='word_1_140' title='bbox 741 1256 857 1288; x_wconf 71' lang='lat' dir='ltr'><strong>iuveni.</strong></span> <span class='ocrx_word' id='word_1_141' title='bbox 901 1256 967 1287; x_wconf 78' lang='lat' dir='ltr'><strong>GE.</strong></span> <span class='ocrx_word' id='word_1_142' title='bbox 992 1257 1082 1288; x_wconf 80' lang='lat' dir='ltr'><em>Istud</em></span> <span class='ocrx_word' id='word_1_143' title='bbox 1107 1258 1198 1289; x_wconf 80' lang='lat' dir='ltr'><strong>velim</strong></span> <span class='ocrx_word' id='word_1_144' title='bbox 1216 1259 1326 1296; x_wconf 82' lang='lat' dir='ltr'><strong>fucere</strong></span> <span class='ocrx_word' id='word_1_145' title='bbox 1339 1269 1348 1289; x_wconf 90' lang='grc'><strong>.·</strong></span> <span class='ocrx_word' id='word_1_146' title='bbox 1382 1260 1436 1290; x_wconf 77' lang='lat' dir='ltr'><strong>secl</strong></span> <span class='ocrx_word' id='word_1_147' title='bbox 1467 1259 1511 1299; x_wconf 75' lang='lat' dir='ltr'><strong>id,</strong></span> <span class='ocrx_word' id='word_1_148' title='bbox 1536 1270 1555 1290; x_wconf 83' lang='lat' dir='ltr'><strong>a</strong></span> <span class='ocrx_word' id='word_1_149' title='bbox 1582 1270 1639 1300; x_wconf 84' lang='lat' dir='ltr'><strong>quo</strong></span> 
     </span>
    </p>
   </div>
   <div class='ocr_carea' id='block_1_8' title="bbox 785 1346 1027 1358">
    <p class='ocr_par' dir='ltr' id='par_1_10' title="bbox 785 1346 1027 1358">
     <span class='ocr_line' id='line_1_18' title="bbox 785 1346 1027 1358; baseline 0.004 -1"><span class='ocrx_word' id='word_1_150' title='bbox 785 1346 1027 1358; x_wconf 62' lang='lat' dir='ltr'><strong>eeeeeeeeeeee</strong></span> 
     </span>
    </p>
   </div>
   <div class='ocr_carea' id='block_1_9' title="bbox 164 1410 1637 2824">
    <p class='ocr_par' dir='ltr' id='par_1_11' title="bbox 164 1410 1637 2824">
     <span class='ocr_line' id='line_1_19' title="bbox 173 1410 1636 1457; baseline 0.005 -16"><span class='ocrx_word' id='word_1_151' title='bbox 173 1414 331 1452; x_wconf 85' lang='lat' dir='ltr'><strong>quatuor,</strong></span> <span class='ocrx_word' id='word_1_152' title='bbox 355 1410 447 1451; x_wconf 84' lang='lat' dir='ltr'><strong>Lips.</strong></span> <span class='ocrx_word' id='word_1_153' title='bbox 479 1411 561 1442; x_wconf 84' lang='lat' dir='ltr'><strong>Wit.</strong></span> <span class='ocrx_word' id='word_1_154' title='bbox 583 1411 627 1443; x_wconf 82' lang='lat' dir='ltr'><strong>G.</strong></span> <span class='ocrx_word' id='word_1_155' title='bbox 661 1411 749 1453; x_wconf 85' lang='lat' dir='ltr'><strong>quod</strong></span> <span class='ocrx_word' id='word_1_156' title='bbox 774 1413 825 1443; x_wconf 80' lang='lat' dir='ltr'><strong>hic</strong></span> <span class='ocrx_word' id='word_1_157' title='bbox 849 1413 877 1444; x_wconf 84' lang='lat' dir='ltr'><strong>si</strong></span> <span class='ocrx_word' id='word_1_158' title='bbox 902 1414 1063 1453; x_wconf 74' lang='lat' dir='ltr'><strong>potuisset.</strong></span> <span class='ocrx_word' id='word_1_159' title='bbox 1110 1411 1258 1447; x_wconf 83' lang='lat' dir='ltr'><strong>Quando</strong></span> <span class='ocrx_word' id='word_1_160' title='bbox 1286 1415 1324 1446; x_wconf 82' lang='grc' dir='ltr'><strong>τὸ</strong></span> <span class='ocrx_word' id='word_1_161' title='bbox 1349 1417 1429 1457; x_wconf 83' lang='lat' dir='ltr'><strong>quod</strong></span> <span class='ocrx_word' id='word_1_162' title='bbox 1454 1416 1559 1448; x_wconf 89' lang='lat' dir='ltr'><strong>fuerit</strong></span> <span class='ocrx_word' id='word_1_163' title='bbox 1584 1426 1636 1448; x_wconf 87' lang='lat' dir='ltr'><strong>re-</strong></span> 
     </span>
     <span class='ocr_line' id='line_1_20' title="bbox 174 1454 1635 1499; baseline 0.005 -15"><span class='ocrx_word' id='word_1_164' title='bbox 174 1454 329 1491; x_wconf 83' lang='lat' dir='ltr'><strong>lativum,</strong></span> <span class='ocrx_word' id='word_1_165' title='bbox 349 1454 414 1485; x_wconf 85' lang='lat' dir='ltr'><strong>hoc</strong></span> <span class='ocrx_word' id='word_1_166' title='bbox 442 1463 542 1485; x_wconf 88' lang='lat' dir='ltr'><strong>sensu</strong></span> <span class='ocrx_word' id='word_1_167' title='bbox 569 1460 604 1486; x_wconf 88' lang='lat' dir='ltr'><strong>et</strong></span> <span class='ocrx_word' id='word_1_168' title='bbox 631 1455 763 1494; x_wconf 81' lang='lat' dir='ltr'><strong>ordine,</strong></span> <span class='ocrx_word' id='word_1_169' title='bbox 779 1457 787 1472; x_wconf 89' lang='lat'>‘</span> <span class='ocrx_word' id='word_1_170' title='bbox 808 1456 897 1496; x_wconf 82' lang='lat' dir='ltr'><strong>quod</strong></span> <span class='ocrx_word' id='word_1_171' title='bbox 917 1456 1131 1499; x_wconf 84' lang='lat' dir='ltr'><strong>(argentum)</strong></span> <span class='ocrx_word' id='word_1_172' title='bbox 1148 1459 1352 1498; x_wconf 87' lang='lat' dir='ltr'><strong>promissum</strong></span> <span class='ocrx_word' id='word_1_173' title='bbox 1380 1458 1505 1499; x_wconf 82' lang='lat' dir='ltr'><strong>fuerat,</strong></span> <span class='ocrx_word' id='word_1_174' title='bbox 1527 1460 1553 1490; x_wconf 85' lang='lat' dir='ltr'><strong>si</strong></span> <span class='ocrx_word' id='word_1_175' title='bbox 1580 1460 1635 1491; x_wconf 90' lang='lat' dir='ltr'><strong>hic</strong></span> 
     </span>
     <span class='ocr_line' id='line_1_21' title="bbox 175 1497 1636 1536; baseline 0.005 -10"><span class='ocrx_word' id='word_1_176' title='bbox 175 1497 342 1536; x_wconf 85' lang='lat' dir='ltr'><strong>potuisset</strong></span> <span class='ocrx_word' id='word_1_177' title='bbox 358 1506 449 1528; x_wconf 87' lang='lat' dir='ltr'><strong>nunc</strong></span> <span class='ocrx_word' id='word_1_178' title='bbox 471 1497 643 1528; x_wconf 80' lang='lat' dir='ltr'><strong>exorarier</strong></span> <span class='ocrx_word' id='word_1_179' title='bbox 662 1497 810 1529; x_wconf 85' lang='lat' dir='ltr'><strong>triduum</strong></span> <span class='ocrx_word' id='word_1_180' title='bbox 828 1498 914 1529; x_wconf 63' lang='lat' dir='ltr'><strong>hoc!</strong></span> <span class='ocrx_word' id='word_1_181' title='bbox 959 1500 1114 1531; x_wconf 87' lang='lat' dir='ltr'><strong>Eundem</strong></span> <span class='ocrx_word' id='word_1_182' title='bbox 1139 1502 1280 1532; x_wconf 73' lang='lat' dir='ltr'><strong>‘sensum&#39;</strong></span> <span class='ocrx_word' id='word_1_183' title='bbox 1302 1502 1362 1533; x_wconf 84' lang='lat' dir='ltr'><strong>dat</strong></span> <span class='ocrx_word' id='word_1_184' title='bbox 1385 1501 1489 1533; x_wconf 85' lang='lat' dir='ltr'><strong>lectio</strong></span> <span class='ocrx_word' id='word_1_185' title='bbox 1514 1502 1636 1533; x_wconf 75' lang='lat' dir='ltr'><strong>Faerni</strong></span> 
     </span>
     <span class='ocr_line' id='line_1_22' title="bbox 173 1539 1636 1585; baseline 0.004 -15"><span class='ocrx_word' id='word_1_186' title='bbox 173 1540 265 1580; x_wconf 79' lang='lat' dir='ltr'><strong>quod,</strong></span> <span class='ocrx_word' id='word_1_187' title='bbox 283 1539 332 1570; x_wconf 75' lang='lat' dir='ltr'><strong>hic</strong></span> <span class='ocrx_word' id='word_1_188' title='bbox 353 1540 383 1571; x_wconf 83' lang='lat' dir='ltr'><strong>si</strong></span> <span class='ocrx_word' id='word_1_189' title='bbox 394 1540 590 1580; x_wconf 77' lang='lat' dir='ltr'><strong>potesuisset</strong></span> <span class='ocrx_word' id='word_1_190' title='bbox 607 1541 778 1573; x_wconf 76' lang='lat' dir='ltr'><strong>exorarier.</strong></span> <span class='ocrx_word' id='word_1_191' title='bbox 826 1541 856 1572; x_wconf 94' lang='lat' dir='ltr'><strong>A</strong></span> <span class='ocrx_word' id='word_1_192' title='bbox 873 1542 942 1574; x_wconf 84' lang='lat' dir='ltr'><strong>Ms.</strong></span> <span class='ocrx_word' id='word_1_193' title='bbox 959 1543 1060 1574; x_wconf 88' lang='lat' dir='ltr'><strong>Bodl.</strong></span> <span class='ocrx_word' id='word_1_194' title='bbox 1084 1543 1183 1577; x_wconf 86' lang='lat' dir='ltr'><strong>abest</strong></span> <span class='ocrx_word' id='word_1_195' title='bbox 1197 1543 1236 1575; x_wconf 82' lang='grc' dir='ltr'><strong>τὸ</strong></span> <span class='ocrx_word' id='word_1_196' title='bbox 1256 1544 1326 1576; x_wconf 60' lang='lat' dir='ltr'><strong>hic.-</strong></span> <span class='ocrx_word' id='word_1_197' title='bbox 1351 1549 1497 1585; x_wconf 83' lang='lat' dir='ltr'><strong>praestat</strong></span> <span class='ocrx_word' id='word_1_198' title='bbox 1521 1552 1636 1576; x_wconf 83' lang='lat' dir='ltr'><strong>autem</strong></span> 
     </span>
     <span class='ocr_line' id='line_1_23' title="bbox 174 1583 1636 1629; baseline 0.005 -17"><span class='ocrx_word' id='word_1_199' title='bbox 174 1584 302 1622; x_wconf 82' lang='lat' dir='ltr'><strong>legere,</strong></span> <span class='ocrx_word' id='word_1_200' title='bbox 329 1587 366 1614; x_wconf 90' lang='lat' dir='ltr'><strong>ut</strong></span> <span class='ocrx_word' id='word_1_201' title='bbox 390 1583 495 1614; x_wconf 88' lang='lat' dir='ltr'><strong>edidi.</strong></span> <span class='ocrx_word' id='word_1_202' title='bbox 527 1584 654 1614; x_wconf 87' lang='lat' dir='ltr'><strong>Parum</strong></span> <span class='ocrx_word' id='word_1_203' title='bbox 682 1584 770 1614; x_wconf 87' lang='lat' dir='ltr'><strong>enim</strong></span> <span class='ocrx_word' id='word_1_204' title='bbox 796 1585 918 1616; x_wconf 87' lang='lat' dir='ltr'><strong>Latine</strong></span> <span class='ocrx_word' id='word_1_205' title='bbox 934 1585 1086 1617; x_wconf 86' lang='lat' dir='ltr'><strong>dicitur:</strong></span> <span class='ocrx_word' id='word_1_206' title='bbox 1108 1588 1118 1604; x_wconf 89' lang='lat'>‘</span> <span class='ocrx_word' id='word_1_207' title='bbox 1141 1586 1230 1618; x_wconf 85' lang='lat' dir='ltr'><strong>unde</strong></span> <span class='ocrx_word' id='word_1_208' title='bbox 1258 1593 1436 1629; x_wconf 85' lang='lat' dir='ltr'><strong>argentum</strong></span> <span class='ocrx_word' id='word_1_209' title='bbox 1465 1588 1636 1620; x_wconf 83' lang='lat' dir='ltr'><strong>inveniam</strong></span> 
     </span>
     <span class='ocr_line' id='line_1_24' title="bbox 173 1625 1637 1671; baseline 0.005 -16"><span class='ocrx_word' id='word_1_210' title='bbox 173 1625 287 1664; x_wconf 85' lang='lat' dir='ltr'><strong>miser,</strong></span> <span class='ocrx_word' id='word_1_211' title='bbox 313 1626 368 1656; x_wconf 83' lang='lat' dir='ltr'><strong>cui</strong></span> <span class='ocrx_word' id='word_1_212' title='bbox 390 1625 550 1667; x_wconf 87' lang='lat' dir='ltr'><strong>(misero)</strong></span> <span class='ocrx_word' id='word_1_213' title='bbox 575 1627 685 1658; x_wconf 88' lang='lat' dir='ltr'><strong>minus</strong></span> <span class='ocrx_word' id='word_1_214' title='bbox 710 1627 814 1658; x_wconf 84' lang='lat' dir='ltr'><strong>nihilo</strong></span> <span class='ocrx_word' id='word_1_215' title='bbox 837 1633 900 1667; x_wconf 86' lang='lat' dir='ltr'><strong>est,</strong></span> <span class='ocrx_word' id='word_1_216' title='bbox 925 1628 1014 1670; x_wconf 85' lang='lat' dir='ltr'><strong>quod</strong></span> <span class='ocrx_word' id='word_1_217' title='bbox 1046 1629 1261 1671; x_wconf 83' lang='lat' dir='ltr'><strong>(argentum)</strong></span> <span class='ocrx_word' id='word_1_218' title='bbox 1277 1631 1477 1671; x_wconf 82' lang='lat' dir='ltr'><strong>promissum</strong></span> <span class='ocrx_word' id='word_1_219' title='bbox 1501 1630 1637 1663; x_wconf 64' lang='lat' dir='ltr'><strong>fuerat!</strong></span> 
     </span>
     <span class='ocr_line' id='line_1_25' title="bbox 171 1668 1636 1715; baseline 0.005 -17"><span class='ocrx_word' id='word_1_220' title='bbox 171 1668 236 1699; x_wconf 86' lang='lat' dir='ltr'><strong>Est</strong></span> <span class='ocrx_word' id='word_1_221' title='bbox 262 1677 363 1709; x_wconf 88' lang='lat' dir='ltr'><strong>porro</strong></span> <span class='ocrx_word' id='word_1_222' title='bbox 388 1669 594 1700; x_wconf 83' lang='lat' dir='ltr'><strong>antecedens</strong></span> <span class='ocrx_word' id='word_1_223' title='bbox 624 1680 687 1710; x_wconf 86' lang='lat' dir='ltr'><strong>pro</strong></span> <span class='ocrx_word' id='word_1_224' title='bbox 715 1676 960 1711; x_wconf 76' lang='lat' dir='ltr'><strong>consequente,</strong></span> <span class='ocrx_word' id='word_1_225' title='bbox 990 1672 1163 1714; x_wconf 79' lang='lat' dir='ltr'><strong>valetque,</strong></span> <span class='ocrx_word' id='word_1_226' title='bbox 1189 1674 1198 1690; x_wconf 93' lang='lat'>‘</span> <span class='ocrx_word' id='word_1_227' title='bbox 1216 1673 1423 1705; x_wconf 85' lang='lat' dir='ltr'><strong>dinumerari</strong></span> <span class='ocrx_word' id='word_1_228' title='bbox 1453 1675 1636 1715; x_wconf 80' lang='lat' dir='ltr'><strong>potuerat‚’</strong></span> 
     </span>
     <span class='ocr_line' id='line_1_26' title="bbox 172 1710 1633 1756; baseline 0.005 -15"><span class='ocrx_word' id='word_1_229' title='bbox 172 1710 251 1751; x_wconf 85' lang='lat' dir='ltr'><strong>quia</strong></span> <span class='ocrx_word' id='word_1_230' title='bbox 267 1711 424 1742; x_wconf 87' lang='lat' dir='ltr'><strong>nimirum</strong></span> <span class='ocrx_word' id='word_1_231' title='bbox 439 1711 556 1743; x_wconf 84' lang='lat' dir='ltr'><strong>fuerat</strong></span> <span class='ocrx_word' id='word_1_232' title='bbox 571 1713 786 1753; x_wconf 84' lang='lat' dir='ltr'><strong>promissum.</strong></span> <span class='ocrx_word' id='word_1_233' title='bbox 814 1715 910 1745; x_wconf 80' lang='lat' dir='ltr'><strong>West.</strong></span> <span class='ocrx_word' id='word_1_234' title='bbox 957 1715 1048 1750; x_wconf 83' lang='lat' dir='ltr'><strong>Quod</strong></span> <span class='ocrx_word' id='word_1_235' title='bbox 1066 1716 1095 1746; x_wconf 83' lang='lat' dir='ltr'><strong>si</strong></span> <span class='ocrx_word' id='word_1_236' title='bbox 1110 1716 1160 1746; x_wconf 85' lang='lat' dir='ltr'><strong>hic</strong></span> <span class='ocrx_word' id='word_1_237' title='bbox 1183 1717 1332 1756; x_wconf 75' lang='lat' dir='ltr'><strong>potuisset</strong></span> <span class='ocrx_word' id='word_1_238' title='bbox 1357 1727 1438 1748; x_wconf 77' lang='lat' dir='ltr'><strong>nunc</strong></span> <span class='ocrx_word' id='word_1_239' title='bbox 1462 1718 1633 1749; x_wconf 79' lang='lat' dir='ltr'><strong>exorarier.</strong></span> 
     </span>
     <span class='ocr_line' id='line_1_27' title="bbox 172 1754 1636 1801; baseline 0.005 -17"><span class='ocrx_word' id='word_1_240' title='bbox 172 1754 287 1794; x_wconf 82' lang='lat' dir='ltr'><strong>Aliqui</strong></span> <span class='ocrx_word' id='word_1_241' title='bbox 301 1754 390 1792; x_wconf 80' lang='lat' dir='ltr'><strong>iibri,</strong></span> <span class='ocrx_word' id='word_1_242' title='bbox 404 1759 440 1786; x_wconf 89' lang='lat' dir='ltr'><strong>et</strong></span> <span class='ocrx_word' id='word_1_243' title='bbox 456 1755 489 1785; x_wconf 86' lang='lat' dir='ltr'><strong>in</strong></span> <span class='ocrx_word' id='word_1_244' title='bbox 505 1755 544 1786; x_wconf 89' lang='lat' dir='ltr'><strong>iis</strong></span> <span class='ocrx_word' id='word_1_245' title='bbox 562 1760 631 1786; x_wconf 86' lang='lat' dir='ltr'><strong>tres</strong></span> <span class='ocrx_word' id='word_1_246' title='bbox 650 1757 875 1797; x_wconf 80' lang='lat' dir='ltr'><strong>antiquissimi</strong></span> <span class='ocrx_word' id='word_1_247' title='bbox 892 1761 927 1788; x_wconf 88' lang='lat' dir='ltr'><strong>et</strong></span> <span class='ocrx_word' id='word_1_248' title='bbox 943 1758 1022 1790; x_wconf 86' lang='lat' dir='ltr'><strong>Bas.</strong></span> <span class='ocrx_word' id='word_1_249' title='bbox 1038 1757 1086 1789; x_wconf 82' lang='lat' dir='ltr'><strong>ita</strong></span> <span class='ocrx_word' id='word_1_250' title='bbox 1101 1758 1176 1789; x_wconf 76' lang='lat' dir='ltr'><strong>haec</strong></span> <span class='ocrx_word' id='word_1_251' title='bbox 1189 1760 1293 1791; x_wconf 88' lang='lat' dir='ltr'><strong>verba</strong></span> <span class='ocrx_word' id='word_1_252' title='bbox 1308 1760 1481 1798; x_wconf 86' lang='lat' dir='ltr'><strong>ordinant,</strong></span> <span class='ocrx_word' id='word_1_253' title='bbox 1494 1762 1573 1801; x_wconf 82' lang='lat' dir='ltr'><strong>quod</strong></span> <span class='ocrx_word' id='word_1_254' title='bbox 1586 1760 1636 1791; x_wconf 60' lang='lat' dir='ltr'><strong>liic</strong></span> 
     </span>
     <span class='ocr_line' id='line_1_28' title="bbox 169 1796 1636 1842; baseline 0.006 -16"><span class='ocrx_word' id='word_1_255' title='bbox 169 1796 219 1833; x_wconf 69' lang='grc' dir='ltr'><strong>εἰς</strong></span> <span class='ocrx_word' id='word_1_256' title='bbox 239 1796 330 1838; x_wconf 89' lang='lat' dir='ltr'><strong>quod</strong></span> <span class='ocrx_word' id='word_1_257' title='bbox 353 1807 434 1828; x_wconf 84' lang='lat' dir='ltr'><strong>vero</strong></span> <span class='ocrx_word' id='word_1_258' title='bbox 451 1798 618 1839; x_wconf 83' lang='lat' dir='ltr'><strong>sequitur,</strong></span> <span class='ocrx_word' id='word_1_259' title='bbox 635 1799 680 1830; x_wconf 86' lang='lat' dir='ltr'><strong>ita</strong></span> <span class='ocrx_word' id='word_1_260' title='bbox 696 1807 750 1830; x_wconf 84' lang='lat' dir='ltr'><strong>est</strong></span> <span class='ocrx_word' id='word_1_261' title='bbox 773 1800 806 1830; x_wconf 92' lang='lat' dir='ltr'><strong>in</strong></span> <span class='ocrx_word' id='word_1_262' title='bbox 825 1800 1005 1837; x_wconf 83' lang='lat' dir='ltr'><strong>Bembino,</strong></span> <span class='ocrx_word' id='word_1_263' title='bbox 1030 1805 1102 1842; x_wconf 82' lang='lat' dir='ltr'><strong>pote</strong></span> <span class='ocrx_word' id='word_1_264' title='bbox 1120 1801 1236 1839; x_wconf 76' lang='lat' dir='ltr'><strong>suisset</strong></span> <span class='ocrx_word' id='word_1_265' title='bbox 1259 1804 1440 1840; x_wconf 62' lang='lat' dir='ltr'><strong>exorariem</strong></span> <span class='ocrx_word' id='word_1_266' title='bbox 1465 1804 1514 1834; x_wconf 87' lang='lat' dir='ltr'><strong>ita</strong></span> <span class='ocrx_word' id='word_1_267' title='bbox 1531 1804 1636 1835; x_wconf 87' lang='lat' dir='ltr'><strong>etiam</strong></span> 
     </span>
     <span class='ocr_line' id='line_1_29' title="bbox 169 1837 1637 1886; baseline 0.006 -17"><span class='ocrx_word' id='word_1_268' title='bbox 169 1837 273 1870; x_wconf 82' lang='lat' dir='ltr'><strong>fuisse</strong></span> <span class='ocrx_word' id='word_1_269' title='bbox 297 1840 331 1870; x_wconf 90' lang='lat' dir='ltr'><strong>in</strong></span> <span class='ocrx_word' id='word_1_270' title='bbox 347 1840 403 1872; x_wconf 88' lang='lat' dir='ltr'><strong>Vi.</strong></span> <span class='ocrx_word' id='word_1_271' title='bbox 421 1846 567 1881; x_wconf 86' lang='lat' dir='ltr'><strong>apparet</strong></span> <span class='ocrx_word' id='word_1_272' title='bbox 593 1851 636 1872; x_wconf 86' lang='lat' dir='ltr'><strong>ex</strong></span> <span class='ocrx_word' id='word_1_273' title='bbox 663 1842 778 1882; x_wconf 84' lang='lat' dir='ltr'><strong>litura,</strong></span> <span class='ocrx_word' id='word_1_274' title='bbox 795 1852 980 1884; x_wconf 88' lang='lat' dir='ltr'><strong>rasnraque</strong></span> <span class='ocrx_word' id='word_1_275' title='bbox 1008 1845 1199 1884; x_wconf 82' lang='lat' dir='ltr'><strong>literarum,</strong></span> <span class='ocrx_word' id='word_1_276' title='bbox 1218 1845 1250 1876; x_wconf 91' lang='lat' dir='ltr'><strong>in</strong></span> <span class='ocrx_word' id='word_1_277' title='bbox 1267 1856 1333 1886; x_wconf 79' lang='lat' dir='ltr'><strong>qua</strong></span> <span class='ocrx_word' id='word_1_278' title='bbox 1349 1846 1568 1878; x_wconf 86' lang='lat' dir='ltr'><strong>emendatum</strong></span> <span class='ocrx_word' id='word_1_279' title='bbox 1586 1851 1637 1878; x_wconf 77' lang='lat' dir='ltr'><strong>est</strong></span> 
     </span>
     <span class='ocr_line' id='line_1_30' title="bbox 167 1882 1633 1929; baseline 0.005 -16"><span class='ocrx_word' id='word_1_280' title='bbox 167 1882 331 1923; x_wconf 78' lang='lat' dir='ltr'><strong>potuisset.</strong></span> <span class='ocrx_word' id='word_1_281' title='bbox 375 1883 537 1915; x_wconf 85' lang='lat' dir='ltr'><strong>Ceterum</strong></span> <span class='ocrx_word' id='word_1_282' title='bbox 551 1884 590 1915; x_wconf 81' lang='grc' dir='ltr'><strong>τὸ</strong></span> <span class='ocrx_word' id='word_1_283' title='bbox 616 1895 695 1916; x_wconf 78' lang='lat' dir='ltr'><strong>nunc</strong></span> <span class='ocrx_word' id='word_1_284' title='bbox 721 1890 819 1916; x_wconf 79' lang='lat' dir='ltr'><strong>extra</strong></span> <span class='ocrx_word' id='word_1_285' title='bbox 839 1890 1039 1918; x_wconf 84' lang='lat' dir='ltr'><strong>contextum</strong></span> <span class='ocrx_word' id='word_1_286' title='bbox 1067 1887 1222 1918; x_wconf 86' lang='lat' dir='ltr'><strong>additum</strong></span> <span class='ocrx_word' id='word_1_287' title='bbox 1248 1892 1325 1920; x_wconf 88' lang='lat' dir='ltr'><strong>est:</strong></span> <span class='ocrx_word' id='word_1_288' title='bbox 1351 1899 1434 1920; x_wconf 83' lang='lat' dir='ltr'><strong>sane</strong></span> <span class='ocrx_word' id='word_1_289' title='bbox 1460 1899 1633 1929; x_wconf 85' lang='lat' dir='ltr'><strong>exponen-</strong></span> 
     </span>
     <span class='ocr_line' id='line_1_31' title="bbox 169 1924 1634 1968; baseline 0.005 -12"><span class='ocrx_word' id='word_1_290' title='bbox 169 1924 486 1966; x_wconf 80' lang='lat' dir='ltr'><strong>dum,potesuisset,</strong></span> <span class='ocrx_word' id='word_1_291' title='bbox 511 1937 572 1968; x_wconf 85' lang='lat' dir='ltr'><strong>pro</strong></span> <span class='ocrx_word' id='word_1_292' title='bbox 593 1929 765 1968; x_wconf 76' lang='lat' dir='ltr'><strong>potuisset.-</strong></span> <span class='ocrx_word' id='word_1_293' title='bbox 790 1929 878 1960; x_wconf 85' lang='lat' dir='ltr'><strong>sicut</strong></span> <span class='ocrx_word' id='word_1_294' title='bbox 894 1934 930 1960; x_wconf 90' lang='lat' dir='ltr'><strong>et</strong></span> <span class='ocrx_word' id='word_1_295' title='bbox 956 1930 1111 1962; x_wconf 83' lang='lat' dir='ltr'><strong>absolute</strong></span> <span class='ocrx_word' id='word_1_296' title='bbox 1139 1930 1228 1962; x_wconf 87' lang='lat' dir='ltr'><strong>dixit</strong></span> <span class='ocrx_word' id='word_1_297' title='bbox 1251 1931 1284 1962; x_wconf 89' lang='lat' dir='ltr'><strong>in</strong></span> <span class='ocrx_word' id='word_1_298' title='bbox 1309 1931 1460 1964; x_wconf 82' lang='lat' dir='ltr'><strong>Andria:</strong></span> <span class='ocrx_word' id='word_1_299' title='bbox 1485 1933 1547 1964; x_wconf 88' lang='lat' dir='ltr'><strong>‘Si</strong></span> <span class='ocrx_word' id='word_1_300' title='bbox 1572 1933 1634 1963; x_wconf 87' lang='lat' dir='ltr'><strong>tibi</strong></span> 
     </span>
     <span class='ocr_line' id='line_1_32' title="bbox 170 1969 1634 2013; baseline 0.005 -15"><span class='ocrx_word' id='word_1_301' title='bbox 170 1969 310 2008; x_wconf 84' lang='lat' dir='ltr'><strong>placere</strong></span> <span class='ocrx_word' id='word_1_302' title='bbox 327 1970 416 2009; x_wconf 83' lang='lat' dir='ltr'><strong>potis</strong></span> <span class='ocrx_word' id='word_1_303' title='bbox 433 1969 511 2008; x_wconf 88' lang='lat' dir='ltr'><strong>est‚&#39;</strong></span> <span class='ocrx_word' id='word_1_304' title='bbox 527 1980 588 2011; x_wconf 84' lang='lat' dir='ltr'><strong>pro</strong></span> <span class='ocrx_word' id='word_1_305' title='bbox 604 1974 718 2011; x_wconf 81' lang='lat' dir='ltr'><strong>potest.</strong></span> <span class='ocrx_word' id='word_1_306' title='bbox 743 1972 801 2003; x_wconf 82' lang='lat' dir='ltr'><strong>Fa.</strong></span> <span class='ocrx_word' id='word_1_307' title='bbox 846 1973 929 2003; x_wconf 81' lang='lat' dir='ltr'><strong>Tres</strong></span> <span class='ocrx_word' id='word_1_308' title='bbox 946 1982 988 2003; x_wconf 86' lang='lat' dir='ltr'><strong>ex</strong></span> <span class='ocrx_word' id='word_1_309' title='bbox 1004 1974 1130 2004; x_wconf 86' lang='lat' dir='ltr'><strong>nostris</strong></span> <span class='ocrx_word' id='word_1_310' title='bbox 1147 1975 1225 2013; x_wconf 81' lang='lat' dir='ltr'><strong>quod</strong></span> <span class='ocrx_word' id='word_1_311' title='bbox 1241 1975 1267 2004; x_wconf 88' lang='lat' dir='ltr'><strong>sz&#39;</strong></span> <span class='ocrx_word' id='word_1_312' title='bbox 1283 1975 1354 2005; x_wconf 80' lang='lat' dir='ltr'><strong>hic:</strong></span> <span class='ocrx_word' id='word_1_313' title='bbox 1377 1980 1413 2006; x_wconf 87' lang='lat' dir='ltr'><strong>et</strong></span> <span class='ocrx_word' id='word_1_314' title='bbox 1430 1975 1634 2006; x_wconf 89' lang='lat' dir='ltr'><strong>Meadianus</strong></span> 
     </span>
     <span class='ocr_line' id='line_1_33' title="bbox 169 2011 1635 2058; baseline 0.006 -17"><span class='ocrx_word' id='word_1_315' title='bbox 169 2012 248 2050; x_wconf 83' lang='lat' dir='ltr'><strong>quod</strong></span> <span class='ocrx_word' id='word_1_316' title='bbox 259 2011 286 2041; x_wconf 84' lang='lat' dir='ltr'><strong>si</strong></span> <span class='ocrx_word' id='word_1_317' title='bbox 301 2011 358 2043; x_wconf 76' lang='lat' dir='ltr'><strong>hoc</strong></span> <span class='ocrx_word' id='word_1_318' title='bbox 372 2013 579 2052; x_wconf 79' lang='lat' dir='ltr'><strong>polefuz&#39;sset.</strong></span> <span class='ocrx_word' id='word_1_319' title='bbox 626 2015 861 2054; x_wconf 78' lang='lat' dir='ltr'><strong>Repone‚&#39;Cuz&#39;</strong></span> <span class='ocrx_word' id='word_1_320' title='bbox 877 2015 978 2047; x_wconf 81' lang='lat' dir='ltr'><strong>minus</strong></span> <span class='ocrx_word' id='word_1_321' title='bbox 994 2017 1091 2047; x_wconf 81' lang='lat' dir='ltr'><strong>nihilo</strong></span> <span class='ocrx_word' id='word_1_322' title='bbox 1106 2015 1178 2048; x_wconf 77' lang='lat' dir='ltr'><strong>est?</strong></span> <span class='ocrx_word' id='word_1_323' title='bbox 1203 2018 1283 2057; x_wconf 85' lang='lat' dir='ltr'><strong>quod</strong></span> <span class='ocrx_word' id='word_1_324' title='bbox 1298 2018 1324 2048; x_wconf 74' lang='lat' dir='ltr'><strong>si</strong></span> <span class='ocrx_word' id='word_1_325' title='bbox 1347 2017 1418 2048; x_wconf 83' lang='lat' dir='ltr'><strong>hinc</strong></span> <span class='ocrx_word' id='word_1_326' title='bbox 1435 2021 1507 2058; x_wconf 78' lang='lat' dir='ltr'><strong>pote</strong></span> <span class='ocrx_word' id='word_1_327' title='bbox 1516 2019 1635 2057; x_wconf 78' lang='lat' dir='ltr'><strong>fuisset</strong></span> 
     </span>
     <span class='ocr_line' id='line_1_34' title="bbox 169 2054 1631 2097; baseline 0.005 -13"><span class='ocrx_word' id='word_1_328' title='bbox 169 2054 341 2097; x_wconf 68' lang='lat' dir='ltr'><strong>exorarier,</strong></span> <span class='ocrx_word' id='word_1_329' title='bbox 372 2055 520 2086; x_wconf 82' lang='lat' dir='ltr'><strong>Triduum</strong></span> <span class='ocrx_word' id='word_1_330' title='bbox 537 2056 604 2095; x_wconf 85' lang='lat' dir='ltr'><strong>hoc,</strong></span> <span class='ocrx_word' id='word_1_331' title='bbox 632 2058 816 2096; x_wconf 81' lang='lat' dir='ltr'><strong>promissum</strong></span> <span class='ocrx_word' id='word_1_332' title='bbox 833 2058 955 2096; x_wconf 78' lang='lat' dir='ltr'><strong>suerat.</strong></span> <span class='ocrx_word' id='word_1_333' title='bbox 1000 2059 1104 2090; x_wconf 90' lang='lat' dir='ltr'><strong>Bent.</strong></span> <span class='ocrx_word' id='word_1_334' title='bbox 1148 2059 1204 2090; x_wconf 90' lang='lat' dir='ltr'><strong>Ita</strong></span> <span class='ocrx_word' id='word_1_335' title='bbox 1230 2064 1265 2090; x_wconf 85' lang='lat' dir='ltr'><strong>et</strong></span> <span class='ocrx_word' id='word_1_336' title='bbox 1293 2059 1378 2091; x_wconf 86' lang='lat' dir='ltr'><strong>dant</strong></span> <span class='ocrx_word' id='word_1_337' title='bbox 1405 2061 1506 2091; x_wconf 89' lang='lat' dir='ltr'><strong>Both.</strong></span> <span class='ocrx_word' id='word_1_338' title='bbox 1537 2062 1631 2093; x_wconf 84' lang='lat' dir='ltr'><strong>Perl.</strong></span> 
     </span>
     <span class='ocr_line' id='line_1_35' title="bbox 168 2097 1635 2142; baseline 0.005 -15"><span class='ocrx_word' id='word_1_339' title='bbox 168 2100 403 2138; x_wconf 78' lang='lat' dir='ltr'><strong>praeterquam</strong></span> <span class='ocrx_word' id='word_1_340' title='bbox 428 2097 518 2138; x_wconf 88' lang='lat' dir='ltr'><strong>quod</strong></span> <span class='ocrx_word' id='word_1_341' title='bbox 535 2098 629 2129; x_wconf 84' lang='lat' dir='ltr'><strong>Perl.</strong></span> <span class='ocrx_word' id='word_1_342' title='bbox 654 2107 820 2131; x_wconf 83' lang='lat' dir='ltr'><strong>commate</strong></span> <span class='ocrx_word' id='word_1_343' title='bbox 845 2101 1026 2139; x_wconf 68' lang='lat' dir='ltr'><strong>distinguit</strong></span> <span class='ocrx_word' id='word_1_344' title='bbox 1055 2102 1145 2133; x_wconf 82' lang='lat' dir='ltr'><strong>inter</strong></span> <span class='ocrx_word' id='word_1_345' title='bbox 1166 2104 1246 2142; x_wconf 76' lang='lat' dir='ltr'><strong>quod</strong></span> <span class='ocrx_word' id='word_1_346' title='bbox 1272 2107 1307 2133; x_wconf 85' lang='lat' dir='ltr'><strong>et</strong></span> <span class='ocrx_word' id='word_1_347' title='bbox 1333 2103 1373 2134; x_wconf 78' lang='grc' dir='ltr'><strong>εἰ.</strong></span> <span class='ocrx_word' id='word_1_348' title='bbox 1420 2104 1511 2139; x_wconf 82' lang='lat' dir='ltr'><strong>Quod</strong></span> <span class='ocrx_word' id='word_1_349' title='bbox 1532 2105 1582 2134; x_wconf 80' lang='lat' dir='ltr'><strong>hic</strong></span> <span class='ocrx_word' id='word_1_350' title='bbox 1606 2105 1635 2135; x_wconf 84' lang='lat' dir='ltr'><strong>si</strong></span> 
     </span>
     <span class='ocr_line' id='line_1_36' title="bbox 164 2140 1634 2186; baseline 0.006 -17"><span class='ocrx_word' id='word_1_351' title='bbox 164 2140 315 2180; x_wconf 80' lang='lat' dir='ltr'><strong>potuisset</strong></span> <span class='ocrx_word' id='word_1_352' title='bbox 329 2150 412 2172; x_wconf 79' lang='lat' dir='ltr'><strong>nunc</strong></span> <span class='ocrx_word' id='word_1_353' title='bbox 426 2141 596 2181; x_wconf 76' lang='lat' dir='ltr'><strong>exorarier,</strong></span> <span class='ocrx_word' id='word_1_354' title='bbox 608 2142 760 2173; x_wconf 82' lang='lat' dir='ltr'><strong>Triduum</strong></span> <span class='ocrx_word' id='word_1_355' title='bbox 773 2143 826 2173; x_wconf 81' lang='lat' dir='ltr'><strong>hoc</strong></span> <span class='ocrx_word' id='word_1_356' title='bbox 838 2144 909 2184; x_wconf 86' lang='lat' dir='ltr'><strong>p.f.</strong></span> <span class='ocrx_word' id='word_1_357' title='bbox 934 2145 996 2175; x_wconf 74' lang='grc' dir='ltr'><strong>ΒΓ.</strong></span> <span class='ocrx_word' id='word_1_358' title='bbox 1044 2145 1146 2184; x_wconf 81' lang='lat' dir='ltr'><strong>Quod,</strong></span> <span class='ocrx_word' id='word_1_359' title='bbox 1158 2145 1208 2175; x_wconf 79' lang='lat' dir='ltr'><strong>hic</strong></span> <span class='ocrx_word' id='word_1_360' title='bbox 1223 2145 1250 2176; x_wconf 86' lang='lat' dir='ltr'><strong>si</strong></span> <span class='ocrx_word' id='word_1_361' title='bbox 1263 2146 1460 2186; x_wconf 61' lang='lat' dir='ltr'><strong>patefecisset</strong></span> <span class='ocrx_word' id='word_1_362' title='bbox 1474 2147 1634 2178; x_wconf 74' lang='lat' dir='ltr'><strong>exorarier</strong></span> 
     </span>
     <span class='ocr_line' id='line_1_37' title="bbox 172 2182 1634 2230; baseline 0.005 -17"><span class='ocrx_word' id='word_1_363' title='bbox 172 2182 322 2214; x_wconf 79' lang='lat' dir='ltr'><strong>Triduum</strong></span> <span class='ocrx_word' id='word_1_364' title='bbox 347 2183 416 2222; x_wconf 86' lang='lat' dir='ltr'><strong>hoc,</strong></span> <span class='ocrx_word' id='word_1_365' title='bbox 432 2193 464 2224; x_wconf 80' lang='lat' dir='ltr'><strong>p.</strong></span> <span class='ocrx_word' id='word_1_366' title='bbox 472 2183 504 2220; x_wconf 89' lang='lat' dir='ltr'><strong>f.</strong></span> <span class='ocrx_word' id='word_1_367' title='bbox 527 2184 606 2224; x_wconf 84' lang='lat' dir='ltr'><strong>Bip.</strong></span> <span class='ocrx_word' id='word_1_368' title='bbox 648 2185 738 2220; x_wconf 81' lang='lat' dir='ltr'><strong>Quod</strong></span> <span class='ocrx_word' id='word_1_369' title='bbox 751 2186 779 2216; x_wconf 88' lang='lat' dir='ltr'><strong>si</strong></span> <span class='ocrx_word' id='word_1_370' title='bbox 793 2186 843 2216; x_wconf 80' lang='lat' dir='ltr'><strong>ln‘c</strong></span> <span class='ocrx_word' id='word_1_371' title='bbox 861 2187 1057 2227; x_wconf 77' lang='lat' dir='ltr'><strong>potefuisset</strong></span> <span class='ocrx_word' id='word_1_372' title='bbox 1072 2198 1104 2219; x_wconf 83' lang='grc' dir='ltr'><strong>η.</strong></span> <span class='ocrx_word' id='word_1_373' title='bbox 1130 2187 1302 2227; x_wconf 80' lang='lat' dir='ltr'><strong>exorarier,</strong></span> <span class='ocrx_word' id='word_1_374' title='bbox 1320 2188 1472 2221; x_wconf 78' lang='lat' dir='ltr'><strong>Triduum</strong></span> <span class='ocrx_word' id='word_1_375' title='bbox 1493 2190 1547 2221; x_wconf 84' lang='lat' dir='ltr'><strong>hoc</strong></span> <span class='ocrx_word' id='word_1_376' title='bbox 1559 2200 1591 2230; x_wconf 80' lang='lat' dir='ltr'><strong>p.</strong></span> <span class='ocrx_word' id='word_1_377' title='bbox 1601 2190 1634 2228; x_wconf 87' lang='lat' dir='ltr'><strong>f.</strong></span> 
     </span>
     <span class='ocr_line' id='line_1_38' title="bbox 168 2223 1632 2270; baseline 0.005 -15"><span class='ocrx_word' id='word_1_378' title='bbox 168 2223 294 2266; x_wconf 82' lang='lat' dir='ltr'><strong>Delph.</strong></span> <span class='ocrx_word' id='word_1_379' title='bbox 341 2227 435 2257; x_wconf 84' lang='lat' dir='ltr'><strong>Nunc</strong></span> <span class='ocrx_word' id='word_1_380' title='bbox 450 2230 528 2257; x_wconf 89' lang='lat' dir='ltr'><strong>ante</strong></span> <span class='ocrx_word' id='word_1_381' title='bbox 544 2237 630 2258; x_wconf 80' lang='lat' dir='ltr'><strong>exor.</strong></span> <span class='ocrx_word' id='word_1_382' title='bbox 668 2228 785 2260; x_wconf 82' lang='lat' dir='ltr'><strong>Guelf.</strong></span> <span class='ocrx_word' id='word_1_383' title='bbox 802 2231 898 2260; x_wconf 83' lang='lat'>3.—4</span> <span class='ocrx_word' id='word_1_384' title='bbox 921 2229 1088 2269; x_wconf 58' lang='lat' dir='ltr'><strong>Atym-erit</strong></span> <span class='ocrx_word' id='word_1_385' title='bbox 1113 2229 1268 2263; x_wconf 77' lang='lat' dir='ltr'><strong>comiter?</strong></span> <span class='ocrx_word' id='word_1_386' title='bbox 1294 2231 1366 2263; x_wconf 87' lang='lat' dir='ltr'><strong>Nos</strong></span> <span class='ocrx_word' id='word_1_387' title='bbox 1387 2232 1524 2270; x_wconf 74' lang='lat' dir='ltr'><strong>adjuerit</strong></span> <span class='ocrx_word' id='word_1_388' title='bbox 1551 2233 1632 2263; x_wconf 87' lang='lat' dir='ltr'><strong>scri-</strong></span> 
     </span>
     <span class='ocr_line' id='line_1_39' title="bbox 168 2267 1634 2315; baseline 0.006 -17"><span class='ocrx_word' id='word_1_389' title='bbox 168 2267 279 2300; x_wconf 88' lang='lat' dir='ltr'><strong>bimus</strong></span> <span class='ocrx_word' id='word_1_390' title='bbox 296 2278 358 2309; x_wconf 86' lang='lat' dir='ltr'><strong>per</strong></span> <span class='ocrx_word' id='word_1_391' title='bbox 375 2269 642 2301; x_wconf 84' lang='lat' dir='ltr'><strong>subtractionem</strong></span> <span class='ocrx_word' id='word_1_392' title='bbox 660 2271 756 2301; x_wconf 89' lang='lat' dir='ltr'><strong>unius</strong></span> <span class='ocrx_word' id='word_1_393' title='bbox 787 2281 819 2310; x_wconf 88' lang='lat' dir='ltr'><strong>u,</strong></span> <span class='ocrx_word' id='word_1_394' title='bbox 844 2273 1112 2312; x_wconf 80' lang='lat' dir='ltr'><strong>antepenultima</strong></span> <span class='ocrx_word' id='word_1_395' title='bbox 1134 2274 1230 2314; x_wconf 80' lang='lat' dir='ltr'><strong>hujus</strong></span> <span class='ocrx_word' id='word_1_396' title='bbox 1255 2274 1352 2305; x_wconf 86' lang='lat' dir='ltr'><strong>verbi</strong></span> <span class='ocrx_word' id='word_1_397' title='bbox 1375 2281 1560 2315; x_wconf 75' lang='lat' dir='ltr'><strong>correpta3</strong></span> <span class='ocrx_word' id='word_1_398' title='bbox 1583 2276 1634 2307; x_wconf 91' lang='lat' dir='ltr'><strong>ita</strong></span> 
     </span>
     <span class='ocr_line' id='line_1_40' title="bbox 170 2312 1632 2357; baseline 0.005 -16"><span class='ocrx_word' id='word_1_399' title='bbox 170 2312 384 2353; x_wconf 25' lang='lat' dir='ltr'><strong>ete-xigente</strong></span> <span class='ocrx_word' id='word_1_400' title='bbox 403 2321 514 2351; x_wconf 85' lang='lat' dir='ltr'><strong>versu,</strong></span> <span class='ocrx_word' id='word_1_401' title='bbox 532 2319 567 2344; x_wconf 83' lang='lat' dir='ltr'><strong>et</strong></span> <span class='ocrx_word' id='word_1_402' title='bbox 585 2314 721 2354; x_wconf 86' lang='lat' dir='ltr'><strong>legente</strong></span> <span class='ocrx_word' id='word_1_403' title='bbox 737 2314 886 2350; x_wconf 87' lang='lat' dir='ltr'><strong>Donato,</strong></span> <span class='ocrx_word' id='word_1_404' title='bbox 909 2316 967 2355; x_wconf 85' lang='lat' dir='ltr'><strong>qni</strong></span> <span class='ocrx_word' id='word_1_405' title='bbox 984 2326 1087 2356; x_wconf 86' lang='lat' dir='ltr'><strong>super</strong></span> <span class='ocrx_word' id='word_1_406' title='bbox 1106 2316 1169 2347; x_wconf 85' lang='lat' dir='ltr'><strong>hoc</strong></span> <span class='ocrx_word' id='word_1_407' title='bbox 1185 2317 1291 2348; x_wconf 89' lang='lat' dir='ltr'><strong>verbo</strong></span> <span class='ocrx_word' id='word_1_408' title='bbox 1310 2317 1359 2348; x_wconf 82' lang='lat' dir='ltr'><strong>ita</strong></span> <span class='ocrx_word' id='word_1_409' title='bbox 1373 2317 1471 2357; x_wconf 83' lang='lat' dir='ltr'><strong>dicit,</strong></span> <span class='ocrx_word' id='word_1_410' title='bbox 1486 2319 1495 2334; x_wconf 91' lang='lat'>‘</span> <span class='ocrx_word' id='word_1_411' title='bbox 1511 2328 1632 2350; x_wconf 85' lang='lat' dir='ltr'><strong>secun-</strong></span> 
     </span>
     <span class='ocr_line' id='line_1_41' title="bbox 169 2353 1631 2402; baseline 0.005 -18"><span class='ocrx_word' id='word_1_412' title='bbox 169 2353 247 2384; x_wconf 87' lang='lat' dir='ltr'><strong>dum</strong></span> <span class='ocrx_word' id='word_1_413' title='bbox 264 2365 285 2385; x_wconf 84' lang='lat' dir='ltr'><strong>u</strong></span> <span class='ocrx_word' id='word_1_414' title='bbox 301 2355 514 2395; x_wconf 82' lang='lat' dir='ltr'><strong>pronuntiari</strong></span> <span class='ocrx_word' id='word_1_415' title='bbox 531 2355 633 2387; x_wconf 83' lang='lat' dir='ltr'><strong>debet</strong></span> <span class='ocrx_word' id='word_1_416' title='bbox 646 2356 667 2388; x_wconf 90' lang='lat'><strong>:&#39;</strong></span> <span class='ocrx_word' id='word_1_417' title='bbox 689 2366 732 2387; x_wconf 84' lang='lat' dir='ltr'><strong>ex</strong></span> <span class='ocrx_word' id='word_1_418' title='bbox 748 2356 788 2388; x_wconf 89' lang='lat' dir='ltr'><strong>iis</strong></span> <span class='ocrx_word' id='word_1_419' title='bbox 805 2357 934 2388; x_wconf 87' lang='lat' dir='ltr'><strong>Donati</strong></span> <span class='ocrx_word' id='word_1_420' title='bbox 951 2359 1065 2390; x_wconf 86' lang='lat' dir='ltr'><strong>verbis</strong></span> <span class='ocrx_word' id='word_1_421' title='bbox 1082 2359 1202 2400; x_wconf 88' lang='lat' dir='ltr'><strong>liquet,</strong></span> <span class='ocrx_word' id='word_1_422' title='bbox 1220 2359 1408 2391; x_wconf 86' lang='lat' dir='ltr'><strong>secundnm</strong></span> <span class='ocrx_word' id='word_1_423' title='bbox 1424 2370 1444 2391; x_wconf 85' lang='grc' dir='ltr'><strong>ιι</strong></span> <span class='ocrx_word' id='word_1_424' title='bbox 1466 2361 1631 2402; x_wconf 88' lang='lat' dir='ltr'><strong>scriptum</strong></span> 
     </span>
     <span class='ocr_line' id='line_1_42' title="bbox 166 2396 1630 2445; baseline 0.006 -18"><span class='ocrx_word' id='word_1_425' title='bbox 166 2405 234 2427; x_wconf 86' lang='lat' dir='ltr'><strong>nou</strong></span> <span class='ocrx_word' id='word_1_426' title='bbox 250 2396 368 2438; x_wconf 87' lang='lat' dir='ltr'><strong>fuisse,</strong></span> <span class='ocrx_word' id='word_1_427' title='bbox 384 2398 507 2439; x_wconf 76' lang='lat' dir='ltr'><strong>alioqui</strong></span> <span class='ocrx_word' id='word_1_428' title='bbox 533 2408 781 2438; x_wconf 85' lang='lat' dir='ltr'><strong>supervacuum</strong></span> <span class='ocrx_word' id='word_1_429' title='bbox 809 2399 931 2431; x_wconf 90' lang='lat' dir='ltr'><strong>fnisset</strong></span> <span class='ocrx_word' id='word_1_430' title='bbox 954 2400 997 2433; x_wconf 90' lang='lat' dir='ltr'><strong>de</strong></span> <span class='ocrx_word' id='word_1_431' title='bbox 1024 2402 1097 2442; x_wconf 89' lang='lat' dir='ltr'><strong>ejus</strong></span> <span class='ocrx_word' id='word_1_432' title='bbox 1126 2403 1406 2442; x_wconf 85' lang='lat' dir='ltr'><strong>pronuntiatione</strong></span> <span class='ocrx_word' id='word_1_433' title='bbox 1431 2404 1630 2445; x_wconf 76' lang='lat' dir='ltr'><strong>praecipere.</strong></span> 
     </span>
     <span class='ocr_line' id='line_1_43' title="bbox 168 2440 1630 2486; baseline 0.005 -16"><span class='ocrx_word' id='word_1_434' title='bbox 168 2440 228 2476; x_wconf 68' lang='lat' dir='ltr'><strong>Fa.</strong></span> <span class='ocrx_word' id='word_1_435' title='bbox 275 2440 383 2471; x_wconf 88' lang='lat' dir='ltr'><strong>Immo</strong></span> <span class='ocrx_word' id='word_1_436' title='bbox 414 2441 631 2472; x_wconf 86' lang='lat' dir='ltr'><strong>scribendum</strong></span> <span class='ocrx_word' id='word_1_437' title='bbox 661 2442 801 2481; x_wconf 78' lang='lat' dir='ltr'><strong>adjurit;</strong></span> <span class='ocrx_word' id='word_1_438' title='bbox 826 2447 864 2473; x_wconf 83' lang='lat' dir='ltr'><strong>ut</strong></span> <span class='ocrx_word' id='word_1_439' title='bbox 891 2444 1020 2476; x_wconf 84' lang='lat' dir='ltr'><strong>Ennius</strong></span> <span class='ocrx_word' id='word_1_440' title='bbox 1046 2446 1135 2485; x_wconf 83' lang='lat' dir='ltr'><strong>apud</strong></span> <span class='ocrx_word' id='word_1_441' title='bbox 1158 2445 1231 2476; x_wconf 87' lang='lat' dir='ltr'><strong>Cic.</strong></span> <span class='ocrx_word' id='word_1_442' title='bbox 1257 2446 1301 2476; x_wconf 88' lang='lat' dir='ltr'><strong>de</strong></span> <span class='ocrx_word' id='word_1_443' title='bbox 1327 2446 1541 2486; x_wconf 78' lang='lat' dir='ltr'><strong>Senectute3</strong></span> <span class='ocrx_word' id='word_1_444' title='bbox 1571 2448 1579 2463; x_wconf 84' lang='lat'><em>⁴</em></span> <span class='ocrx_word' id='word_1_445' title='bbox 1599 2447 1630 2478; x_wconf 85' lang='lat' dir='ltr'>O</span> 
     </span>
     <span class='ocr_line' id='line_1_44' title="bbox 166 2483 1632 2525; baseline 0.005 -12"><span class='ocrx_word' id='word_1_446' title='bbox 166 2483 256 2525; x_wconf 82' lang='lat' dir='ltr'><strong>Tite,</strong></span> <span class='ocrx_word' id='word_1_447' title='bbox 273 2483 384 2523; x_wconf 84' lang='lat' dir='ltr'><strong>siquid</strong></span> <span class='ocrx_word' id='word_1_448' title='bbox 410 2493 472 2522; x_wconf 69' lang='lat' dir='ltr'><strong>ego</strong></span> <span class='ocrx_word' id='word_1_449' title='bbox 490 2484 611 2525; x_wconf 84' lang='lat' dir='ltr'><strong>adjuro</strong></span> <span class='ocrx_word' id='word_1_450' title='bbox 642 2494 802 2516; x_wconf 85' lang='lat' dir='ltr'><strong>curamve</strong></span> <span class='ocrx_word' id='word_1_451' title='bbox 828 2486 960 2518; x_wconf 86' lang='lat' dir='ltr'><strong>levasso</strong></span> <span class='ocrx_word' id='word_1_452' title='bbox 975 2487 997 2518; x_wconf 90' lang='lat'><strong>:&#39;</strong></span> <span class='ocrx_word' id='word_1_453' title='bbox 1022 2492 1059 2519; x_wconf 93' lang='lat' dir='ltr'><strong>ut</strong></span> <span class='ocrx_word' id='word_1_454' title='bbox 1074 2491 1111 2518; x_wconf 85' lang='lat' dir='ltr'><strong>et</strong></span> <span class='ocrx_word' id='word_1_455' title='bbox 1134 2488 1291 2520; x_wconf 84' lang='lat' dir='ltr'><strong>Muretus</strong></span> <span class='ocrx_word' id='word_1_456' title='bbox 1309 2488 1407 2520; x_wconf 82' lang='lat' dir='ltr'><strong>vidit.</strong></span> <span class='ocrx_word' id='word_1_457' title='bbox 1431 2489 1529 2521; x_wconf 75' lang='lat' dir='ltr'><strong>Bent.</strong></span> <span class='ocrx_word' id='word_1_458' title='bbox 1572 2490 1632 2521; x_wconf 90' lang='lat' dir='ltr'><strong>Co-</strong></span> 
     </span>
     <span class='ocr_line' id='line_1_45' title="bbox 165 2526 1630 2570; baseline 0.003 -13"><span class='ocrx_word' id='word_1_459' title='bbox 165 2526 274 2563; x_wconf 76' lang='lat' dir='ltr'><strong>mitem</strong></span> <span class='ocrx_word' id='word_1_460' title='bbox 302 2527 362 2558; x_wconf 86' lang='lat' dir='ltr'><strong>Br.</strong></span> <span class='ocrx_word' id='word_1_461' title='bbox 408 2527 561 2558; x_wconf 69' lang='lat' dir='ltr'><strong>Ziliserum</strong></span> <span class='ocrx_word' id='word_1_462' title='bbox 578 2527 656 2568; x_wconf 85' lang='lat' dir='ltr'><strong>fieri</strong></span> <span class='ocrx_word' id='word_1_463' title='bbox 679 2550 687 2558; x_wconf 89' lang='lat'>.</span> <span class='ocrx_word' id='word_1_464' title='bbox 704 2549 732 2560; x_wconf 88' lang='lat'><strong>..</strong></span> <span class='ocrx_word' id='word_1_465' title='bbox 750 2528 869 2567; x_wconf 78' lang='lat' dir='ltr'><strong>adjurit</strong></span> <span class='ocrx_word' id='word_1_466' title='bbox 896 2530 1000 2561; x_wconf 82' lang='lat' dir='ltr'><strong>Both.</strong></span> <span class='ocrx_word' id='word_1_467' title='bbox 1045 2529 1176 2570; x_wconf 77' lang='lat' dir='ltr'><strong>Adjurit</strong></span> <span class='ocrx_word' id='word_1_468' title='bbox 1199 2531 1293 2562; x_wconf 66' lang='lat' dir='ltr'><strong>Per-1.</strong></span> <span class='ocrx_word' id='word_1_469' title='bbox 1337 2532 1485 2570; x_wconf 74' lang='lat' dir='ltr'><strong>Adjuerit</strong></span> <span class='ocrx_word' id='word_1_470' title='bbox 1512 2532 1630 2564; x_wconf 85' lang='lat' dir='ltr'><strong>Guelf.</strong></span> 
     </span>
     <span class='ocr_line' id='line_1_46' title="bbox 167 2570 1630 2614; baseline 0.005 -15"><span class='ocrx_word' id='word_1_471' title='bbox 167 2570 264 2601; x_wconf 85' lang='grc'><strong><em>2.-5</em></strong></span> <span class='ocrx_word' id='word_1_472' title='bbox 293 2570 378 2600; x_wconf 84' lang='lat' dir='ltr'><strong>Mss.</strong></span> <span class='ocrx_word' id='word_1_473' title='bbox 405 2570 505 2602; x_wconf 82' lang='lat' dir='ltr'><strong>Bodl.</strong></span> <span class='ocrx_word' id='word_1_474' title='bbox 539 2570 583 2602; x_wconf 87' lang='lat' dir='ltr'><strong>G.</strong></span> <span class='ocrx_word' id='word_1_475' title='bbox 610 2571 658 2602; x_wconf 92' lang='lat' dir='ltr'><strong>M.</strong></span> <span class='ocrx_word' id='word_1_476' title='bbox 686 2578 722 2602; x_wconf 86' lang='lat' dir='ltr'><strong>et</strong></span> <span class='ocrx_word' id='word_1_477' title='bbox 751 2572 824 2602; x_wconf 89' lang='grc' dir='ltr'><strong>ΕΡ.</strong></span> <span class='ocrx_word' id='word_1_478' title='bbox 854 2573 1062 2612; x_wconf 78' lang='lat' dir='ltr'><strong>experiamur.</strong></span> <span class='ocrx_word' id='word_1_479' title='bbox 1099 2573 1204 2605; x_wconf 88' lang='lat' dir='ltr'><strong>West.</strong></span> <span class='ocrx_word' id='word_1_480' title='bbox 1250 2575 1463 2614; x_wconf 63' lang='lat' dir='ltr'><strong>Experiamur</strong></span> <span class='ocrx_word' id='word_1_481' title='bbox 1490 2576 1630 2608; x_wconf 63' lang='lat' dir='ltr'><strong>rederere.</strong></span> 
     </span>
     <span class='ocr_line' id='line_1_47' title="bbox 169 2612 1628 2658; baseline 0.005 -16"><span class='ocrx_word' id='word_1_482' title='bbox 169 2612 267 2644; x_wconf 87' lang='lat' dir='ltr'><strong>Bem.</strong></span> <span class='ocrx_word' id='word_1_483' title='bbox 299 2612 519 2653; x_wconf 77' lang='lat' dir='ltr'><strong>experiemur:</strong></span> <span class='ocrx_word' id='word_1_484' title='bbox 552 2622 613 2644; x_wconf 90' lang='lat' dir='ltr'><strong>nos</strong></span> <span class='ocrx_word' id='word_1_485' title='bbox 637 2613 815 2654; x_wconf 75' lang='lat' dir='ltr'><strong>experimur</strong></span> <span class='ocrx_word' id='word_1_486' title='bbox 852 2615 1033 2655; x_wconf 86' lang='lat' dir='ltr'><strong>legendum</strong></span> <span class='ocrx_word' id='word_1_487' title='bbox 1059 2625 1135 2647; x_wconf 88' lang='lat' dir='ltr'><strong>esse</strong></span> <span class='ocrx_word' id='word_1_488' title='bbox 1165 2617 1378 2658; x_wconf 77' lang='lat' dir='ltr'><strong>conjicimus·</strong></span> <span class='ocrx_word' id='word_1_489' title='bbox 1404 2618 1462 2649; x_wconf 73' lang='lat' dir='ltr'><strong>Fa.</strong></span> <span class='ocrx_word' id='word_1_490' title='bbox 1510 2619 1628 2650; x_wconf 85' lang='lat' dir='ltr'><strong>Nostri</strong></span> 
     </span>
     <span class='ocr_line' id='line_1_48' title="bbox 167 2656 1628 2701; baseline 0.005 -17"><span class='ocrx_word' id='word_1_491' title='bbox 167 2663 283 2686; x_wconf 85' lang='lat' dir='ltr'><strong>omnes</strong></span> <span class='ocrx_word' id='word_1_492' title='bbox 300 2656 508 2695; x_wconf 70' lang='lat' dir='ltr'><strong>experiamur.</strong></span> <span class='ocrx_word' id='word_1_493' title='bbox 532 2656 634 2687; x_wconf 84' lang='lat' dir='ltr'><strong>Bent.</strong></span> <span class='ocrx_word' id='word_1_494' title='bbox 682 2657 804 2688; x_wconf 84' lang='lat' dir='ltr'><strong>Rursus</strong></span> <span class='ocrx_word' id='word_1_495' title='bbox 828 2657 857 2687; x_wconf 80' lang='lat' dir='ltr'><strong>ei</strong></span> <span class='ocrx_word' id='word_1_496' title='bbox 872 2659 1069 2699; x_wconf 65' lang='lat' dir='ltr'><strong>experiamur</strong></span> <span class='ocrx_word' id='word_1_497' title='bbox 1085 2659 1145 2690; x_wconf 68' lang='grc' dir='ltr'><strong>ΒΡ.</strong></span> <span class='ocrx_word' id='word_1_498' title='bbox 1194 2660 1234 2694; x_wconf 86' lang='lat' dir='ltr'><strong>Q.</strong></span> <span class='ocrx_word' id='word_1_499' title='bbox 1251 2670 1319 2691; x_wconf 83' lang='lat' dir='ltr'><strong>cum</strong></span> <span class='ocrx_word' id='word_1_500' title='bbox 1334 2670 1420 2701; x_wconf 79' lang='lat' dir='ltr'><strong>opus,</strong></span> <span class='ocrx_word' id='word_1_501' title='bbox 1436 2661 1460 2692; x_wconf 85' lang='lat' dir='ltr'><strong>b.</strong></span> <span class='ocrx_word' id='word_1_502' title='bbox 1478 2671 1504 2693; x_wconf 84' lang='lat' dir='ltr'><strong>e.</strong></span> <span class='ocrx_word' id='word_1_503' title='bbox 1521 2671 1628 2692; x_wconf 79' lang='lat' dir='ltr'><strong>rursus</strong></span> 
     </span>
     <span class='ocr_line' id='line_1_49' title="bbox 167 2698 1627 2745; baseline 0.003 -16"><span class='ocrx_word' id='word_1_504' title='bbox 167 2698 346 2737; x_wconf 70' lang='lat' dir='ltr'><strong>experimur</strong></span> <span class='ocrx_word' id='word_1_505' title='bbox 374 2708 401 2729; x_wconf 90' lang='lat' dir='ltr'><strong>r.</strong></span> <span class='ocrx_word' id='word_1_506' title='bbox 438 2698 538 2729; x_wconf 62' lang='lat' dir='ltr'><strong>notu</strong></span> <span class='ocrx_word' id='word_1_507' title='bbox 589 2699 796 2739; x_wconf 72' lang='lat' dir='ltr'><strong>Experiamur</strong></span> <span class='ocrx_word' id='word_1_508' title='bbox 826 2700 931 2732; x_wconf 80' lang='lat' dir='ltr'><strong>Z.—-6</strong></span> <span class='ocrx_word' id='word_1_509' title='bbox 962 2702 1108 2742; x_wconf 82' lang='lat' dir='ltr'><strong>AEquom.</strong></span> <span class='ocrx_word' id='word_1_510' title='bbox 1154 2702 1299 2734; x_wconf 85' lang='lat' dir='ltr'><strong>Codices</strong></span> <span class='ocrx_word' id='word_1_511' title='bbox 1331 2703 1492 2745; x_wconf 79' lang='lat' dir='ltr'><strong>quidam‚.</strong></span> <span class='ocrx_word' id='word_1_512' title='bbox 1511 2714 1627 2734; x_wconf 76' lang='lat' dir='ltr'><strong>rerum.</strong></span> 
     </span>
     <span class='ocr_line' id='line_1_50' title="bbox 167 2740 1627 2786; baseline 0.005 -17"><span class='ocrx_word' id='word_1_513' title='bbox 167 2740 277 2772; x_wconf 83' lang='lat' dir='ltr'><strong>West.</strong></span> <span class='ocrx_word' id='word_1_514' title='bbox 323 2742 475 2780; x_wconf 82' lang='lat' dir='ltr'><strong>Equidem</strong></span> <span class='ocrx_word' id='word_1_515' title='bbox 491 2750 606 2772; x_wconf 88' lang='lat' dir='ltr'><strong>omnes</strong></span> <span class='ocrx_word' id='word_1_516' title='bbox 629 2742 707 2772; x_wconf 83' lang='lat' dir='ltr'><strong>edd.</strong></span> <span class='ocrx_word' id='word_1_517' title='bbox 726 2751 828 2782; x_wconf 86' lang='lat' dir='ltr'><strong>penes</strong></span> <span class='ocrx_word' id='word_1_518' title='bbox 853 2752 922 2775; x_wconf 89' lang='lat' dir='ltr'><strong>nos.</strong></span> <span class='ocrx_word' id='word_1_519' title='bbox 971 2744 1102 2775; x_wconf 72' lang='lat' dir='ltr'><strong>Rectum</strong></span> <span class='ocrx_word' id='word_1_520' title='bbox 1127 2754 1188 2786; x_wconf 87' lang='lat' dir='ltr'><strong>pro</strong></span> <span class='ocrx_word' id='word_1_521' title='bbox 1215 2756 1333 2786; x_wconf 80' lang='lat' dir='ltr'><strong>aequom</strong></span> <span class='ocrx_word' id='word_1_522' title='bbox 1356 2746 1472 2779; x_wconf 85' lang='lat' dir='ltr'><strong>Guelf.</strong></span> <span class='ocrx_word' id='word_1_523' title='bbox 1489 2750 1520 2778; x_wconf 81' lang='lat'><strong>3.</strong></span> <span class='ocrx_word' id='word_1_524' title='bbox 1545 2747 1627 2778; x_wconf 80' lang='lat' dir='ltr'><strong>ibid.</strong></span> 
     </span>
     <span class='ocr_line' id='line_1_51' title="bbox 167 2785 1624 2824; baseline 0.004 -11"><span class='ocrx_word' id='word_1_525' title='bbox 167 2791 222 2822; x_wconf 70' lang='lat' dir='ltr'><strong>ego</strong></span> <span class='ocrx_word' id='word_1_526' title='bbox 240 2792 299 2824; x_wconf 87' lang='lat' dir='ltr'><strong>pro</strong></span> <span class='ocrx_word' id='word_1_527' title='bbox 327 2793 410 2815; x_wconf 75' lang='lat' dir='ltr'><strong>vero.</strong></span> <span class='ocrx_word' id='word_1_528' title='bbox 436 2787 468 2815; x_wconf 83' lang='lat'><strong>2.</strong></span> <span class='ocrx_word' id='word_1_529' title='bbox 494 2787 644 2823; x_wconf 63' lang='lat' dir='ltr'><strong>erga—7</strong></span> <span class='ocrx_word' id='word_1_530' title='bbox 670 2785 755 2816; x_wconf 89' lang='lat' dir='ltr'><strong>Wit.</strong></span> <span class='ocrx_word' id='word_1_531' title='bbox 784 2785 877 2818; x_wconf 87' lang='lat' dir='ltr'><strong>Mur.</strong></span> <span class='ocrx_word' id='word_1_532' title='bbox 924 2786 1132 2820; x_wconf 69' lang='lat' dir='ltr'><strong>Inveniemus,</strong></span> <span class='ocrx_word' id='word_1_533' title='bbox 1179 2788 1297 2820; x_wconf 85' lang='lat' dir='ltr'><strong>Gueif.</strong></span> <span class='ocrx_word' id='word_1_534' title='bbox 1323 2792 1353 2820; x_wconf 87' lang='grc'><strong>3.</strong></span> <span class='ocrx_word' id='word_1_535' title='bbox 1404 2790 1447 2821; x_wconf 75' lang='lat' dir='ltr'><strong>Ut</strong></span> <span class='ocrx_word' id='word_1_536' title='bbox 1477 2791 1624 2821; x_wconf 75' lang='lat' dir='ltr'><strong>invenias.</strong></span> 
     </span>
    </p>
   </div>
  </div>
 </body>
</html>
