<?xml version="1.0" encoding="UTF-8"?>
<!DOCTYPE html PUBLIC "-//W3C//DTD XHTML 1.0 Transitional//EN"
    "http://www.w3.org/TR/xhtml1/DTD/xhtml1-transitional.dtd">
<html xmlns="http://www.w3.org/1999/xhtml" xml:lang="en" lang="en">
 <head>
  <title>
</title>
<meta http-equiv="Content-Type" content="text/html;charset=utf-8" />
  <meta name='ocr-system' content='tesseract 3.04.00' />
  <meta name='ocr-capabilities' content='ocr_page ocr_carea ocr_par ocr_line ocrx_word'/>
</head>
<body>
  <div class='ocr_page' id='page_1' title='image "./pubterentiiafric02tereuoft/pubterentiiafric02tereuoft_0107.png"; bbox 0 0 1966 3302; ppageno 0'>
   <div class='ocr_carea' id='block_1_1' title="bbox 437 197 1583 238">
    <p class='ocr_par' dir='ltr' id='par_1_1' title="bbox 437 197 1583 238">
     <span class='ocr_line' id='line_1_1' title="bbox 437 197 1583 238; baseline -0.001 0"><span class='ocrx_word' id='word_1_1' title='bbox 437 207 853 238; x_wconf 71' lang='lat' dir='ltr'>HEAUTONTmoR.</span> <span class='ocrx_word' id='word_1_2' title='bbox 888 208 996 237; x_wconf 74' lang='lat' dir='ltr'>Aer.</span> <span class='ocrx_word' id='word_1_3' title='bbox 1029 208 1100 237; x_wconf 92' lang='grc' dir='ltr'>ιιι.</span> <span class='ocrx_word' id='word_1_4' title='bbox 1136 207 1204 238; x_wconf 80' lang='lat' dir='ltr'>sc,</span> <span class='ocrx_word' id='word_1_5' title='bbox 1239 207 1292 237; x_wconf 92' lang='lat'>11.</span> <span class='ocrx_word' id='word_1_6' title='bbox 1500 197 1583 237; x_wconf 74' lang='lat'>597</span> 
     </span>
    </p>
   </div>
   <div class='ocr_carea' id='block_1_2' title="bbox 131 302 1585 1098">
    <p class='ocr_par' dir='ltr' id='par_1_2' title="bbox 135 302 1235 356">
     <span class='ocr_line' id='line_1_2' title="bbox 135 302 1235 356; baseline -0.002 -12"><span class='ocrx_word' id='word_1_7' title='bbox 135 302 399 356; x_wconf 82' lang='lat' dir='ltr'><strong>Argentum:</strong></span> <span class='ocrx_word' id='word_1_8' title='bbox 430 304 697 345; x_wconf 83' lang='lat' dir='ltr'>intendenda</span> <span class='ocrx_word' id='word_1_9' title='bbox 717 305 760 345; x_wconf 91' lang='lat' dir='ltr'>in</span> <span class='ocrx_word' id='word_1_10' title='bbox 782 317 931 345; x_wconf 89' lang='lat' dir='ltr'>senem</span> <span class='ocrx_word' id='word_1_11' title='bbox 953 308 1020 345; x_wconf 90' lang='lat' dir='ltr'>est</span> <span class='ocrx_word' id='word_1_12' title='bbox 1038 303 1235 344; x_wconf 79' lang='lat' dir='ltr'>fallacia.</span> 
     </span>
    </p>

    <p class='ocr_par' dir='ltr' id='par_1_3' title="bbox 136 370 1323 421">
     <span class='ocr_line' id='line_1_3' title="bbox 136 370 1323 421; baseline -0.001 -10"><span class='ocrx_word' id='word_1_13' title='bbox 136 370 228 412; x_wconf 86' lang='lat' dir='ltr'>CH.</span> <span class='ocrx_word' id='word_1_14' title='bbox 260 371 378 412; x_wconf 93' lang='lat' dir='ltr'>Num</span> <span class='ocrx_word' id='word_1_15' title='bbox 400 386 468 413; x_wconf 89' lang='lat' dir='ltr'>me</span> <span class='ocrx_word' id='word_1_16' title='bbox 487 373 655 421; x_wconf 85' lang='lat' dir='ltr'>fefellit,</span> <span class='ocrx_word' id='word_1_17' title='bbox 674 373 805 413; x_wconf 88' lang='lat' dir='ltr'>hosce</span> <span class='ocrx_word' id='word_1_18' title='bbox 825 372 869 411; x_wconf 89' lang='lat' dir='ltr'>id</span> <span class='ocrx_word' id='word_1_19' title='bbox 891 372 1088 412; x_wconf 70' lang='lat' dir='ltr'>struere?</span> <span class='ocrx_word' id='word_1_20' title='bbox 1121 370 1323 411; x_wconf 87' lang='lat' dir='ltr'>videlicet</span> 
     </span>
    </p>

    <p class='ocr_par' dir='ltr' id='par_1_4' title="bbox 135 437 1001 480">
     <span class='ocr_line' id='line_1_4' title="bbox 135 437 1001 480; baseline 0 -2"><span class='ocrx_word' id='word_1_21' title='bbox 135 437 219 478; x_wconf 89' lang='lat' dir='ltr'>Ille</span> <span class='ocrx_word' id='word_1_22' title='bbox 242 437 401 479; x_wconf 86' lang='lat' dir='ltr'>Cliniae</span> <span class='ocrx_word' id='word_1_23' title='bbox 424 452 574 480; x_wconf 89' lang='lat' dir='ltr'>servus</span> <span class='ocrx_word' id='word_1_24' title='bbox 593 439 889 480; x_wconf 83' lang='lat' dir='ltr'>tardiusculus</span> <span class='ocrx_word' id='word_1_25' title='bbox 911 444 1001 479; x_wconf 88' lang='lat' dir='ltr'>est:</span> 
     </span>
    </p>

    <p class='ocr_par' dir='ltr' id='par_1_5' title="bbox 133 505 1585 559">
     <span class='ocr_line' id='line_1_5' title="bbox 133 505 1585 559; baseline -0.001 -13"><span class='ocrx_word' id='word_1_26' title='bbox 133 505 312 547; x_wconf 88' lang='lat' dir='ltr'>Idcirco</span> <span class='ocrx_word' id='word_1_27' title='bbox 333 506 434 547; x_wconf 91' lang='lat' dir='ltr'>huic</span> <span class='ocrx_word' id='word_1_28' title='bbox 455 510 605 548; x_wconf 87' lang='lat' dir='ltr'>nostro</span> <span class='ocrx_word' id='word_1_29' title='bbox 624 507 785 547; x_wconf 83' lang='lat' dir='ltr'>tradita</span> <span class='ocrx_word' id='word_1_30' title='bbox 802 505 855 547; x_wconf 87' lang='lat' dir='ltr'>&#39;st</span> <span class='ocrx_word' id='word_1_31' title='bbox 876 506 1120 559; x_wconf 83' lang='lat' dir='ltr'>provincia.</span> <span class='ocrx_word' id='word_1_32' title='bbox 1557 506 1585 545; x_wconf 83' lang='lat'><strong><em>5</em></strong></span> 
     </span>
    </p>

    <p class='ocr_par' dir='ltr' id='par_1_6' title="bbox 133 572 1584 695">
     <span class='ocr_line' id='line_1_6' title="bbox 133 572 1584 628; baseline -0.001 -15"><span class='ocrx_word' id='word_1_33' title='bbox 133 573 220 614; x_wconf 77' lang='lat' dir='ltr'>SY.</span> <span class='ocrx_word' id='word_1_34' title='bbox 266 574 380 624; x_wconf 84' lang='lat' dir='ltr'>Quis</span> <span class='ocrx_word' id='word_1_35' title='bbox 420 574 493 615; x_wconf 90' lang='lat' dir='ltr'>hic</span> <span class='ocrx_word' id='word_1_36' title='bbox 527 575 754 628; x_wconf 71' lang='lat' dir='ltr'>loquitur?</span> <span class='ocrx_word' id='word_1_37' title='bbox 812 575 946 628; x_wconf 83' lang='lat' dir='ltr'>perii!</span> <span class='ocrx_word' id='word_1_38' title='bbox 988 587 1197 615; x_wconf 83' lang='lat' dir='ltr'>numnam</span> <span class='ocrx_word' id='word_1_39' title='bbox 1238 573 1334 614; x_wconf 88' lang='lat' dir='ltr'>haec</span> <span class='ocrx_word' id='word_1_40' title='bbox 1383 572 1584 614; x_wconf 68' lang='lat' dir='ltr'>audivit?</span> 
     </span>
     <span class='ocr_line' id='line_1_7' title="bbox 305 641 864 695; baseline 0.004 -13"><span class='ocrx_word' id='word_1_41' title='bbox 305 641 393 682; x_wconf 86' lang='lat' dir='ltr'>CH.</span> <span class='ocrx_word' id='word_1_42' title='bbox 424 641 543 695; x_wconf 85' lang='lat' dir='ltr'><strong>Syre.</strong></span> <span class='ocrx_word' id='word_1_43' title='bbox 602 642 686 684; x_wconf 85' lang='lat' dir='ltr'>SY.</span> <span class='ocrx_word' id='word_1_44' title='bbox 719 642 864 684; x_wconf 85' lang='lat' dir='ltr'>Hem!</span> 
     </span>
    </p>

    <p class='ocr_par' dir='ltr' id='par_1_7' title="bbox 134 707 1585 826">
     <span class='ocr_line' id='line_1_8' title="bbox 134 707 1585 763; baseline 0.001 -14"><span class='ocrx_word' id='word_1_45' title='bbox 134 707 224 749; x_wconf 77' lang='lat' dir='ltr'>CH.</span> <span class='ocrx_word' id='word_1_46' title='bbox 254 707 380 760; x_wconf 85' lang='lat' dir='ltr'>Quid</span> <span class='ocrx_word' id='word_1_47' title='bbox 412 713 458 749; x_wconf 88' lang='lat' dir='ltr'>tu</span> <span class='ocrx_word' id='word_1_48' title='bbox 491 709 625 750; x_wconf 75' lang='lat' dir='ltr'>istic?</span> <span class='ocrx_word' id='word_1_49' title='bbox 685 710 768 751; x_wconf 83' lang='lat' dir='ltr'>SY.</span> <span class='ocrx_word' id='word_1_50' title='bbox 801 710 942 750; x_wconf 81' lang='lat' dir='ltr'>Recte</span> <span class='ocrx_word' id='word_1_51' title='bbox 978 709 1204 763; x_wconf 84' lang='lat' dir='ltr'>equidem:</span> <span class='ocrx_word' id='word_1_52' title='bbox 1249 709 1327 750; x_wconf 90' lang='lat' dir='ltr'>sed</span> <span class='ocrx_word' id='word_1_53' title='bbox 1361 714 1405 750; x_wconf 89' lang='lat' dir='ltr'>te</span> <span class='ocrx_word' id='word_1_54' title='bbox 1440 710 1585 759; x_wconf 89' lang='lat' dir='ltr'>miror,</span> 
     </span>
     <span class='ocr_line' id='line_1_9' title="bbox 305 776 506 826; baseline 0 -9"><span class='ocrx_word' id='word_1_55' title='bbox 305 776 506 826; x_wconf 88' lang='lat' dir='ltr'>Chreme,</span> 
     </span>
    </p>

    <p class='ocr_par' dir='ltr' id='par_1_8' title="bbox 132 843 1486 899">
     <span class='ocr_line' id='line_1_10' title="bbox 132 843 1486 899; baseline 0 -14"><span class='ocrx_word' id='word_1_56' title='bbox 132 843 244 885; x_wconf 88' lang='lat' dir='ltr'>Tam</span> <span class='ocrx_word' id='word_1_57' title='bbox 266 857 410 894; x_wconf 81' lang='lat' dir='ltr'>mane,</span> <span class='ocrx_word' id='word_1_58' title='bbox 429 845 521 886; x_wconf 89' lang='lat' dir='ltr'>heri</span> <span class='ocrx_word' id='word_1_59' title='bbox 543 845 619 899; x_wconf 91' lang='lat' dir='ltr'>qui</span> <span class='ocrx_word' id='word_1_60' title='bbox 639 849 803 887; x_wconf 87' lang='lat' dir='ltr'>tantum</span> <span class='ocrx_word' id='word_1_61' title='bbox 828 845 1010 886; x_wconf 84' lang='lat' dir='ltr'>biberis.</span> <span class='ocrx_word' id='word_1_62' title='bbox 1070 844 1160 886; x_wconf 87' lang='lat' dir='ltr'>CH.</span> <span class='ocrx_word' id='word_1_63' title='bbox 1193 843 1319 885; x_wconf 83' lang='lat' dir='ltr'>Nihil</span> <span class='ocrx_word' id='word_1_64' title='bbox 1340 844 1486 885; x_wconf 82' lang='lat' dir='ltr'>nimis.</span> 
     </span>
    </p>

    <p class='ocr_par' dir='ltr' id='par_1_9' title="bbox 132 911 1326 966">
     <span class='ocr_line' id='line_1_11' title="bbox 132 911 1326 966; baseline 0.001 -14"><span class='ocrx_word' id='word_1_65' title='bbox 132 911 217 952; x_wconf 81' lang='lat' dir='ltr'>SY.</span> <span class='ocrx_word' id='word_1_66' title='bbox 249 911 388 962; x_wconf 91' lang='lat' dir='ltr'>Nihil,</span> <span class='ocrx_word' id='word_1_67' title='bbox 408 914 592 954; x_wconf 73' lang='lat' dir='ltr'>narras?</span> <span class='ocrx_word' id='word_1_68' title='bbox 627 914 720 953; x_wconf 80' lang='lat' dir='ltr'>visa</span> <span class='ocrx_word' id='word_1_69' title='bbox 739 926 844 954; x_wconf 91' lang='lat' dir='ltr'>vero</span> <span class='ocrx_word' id='word_1_70' title='bbox 863 913 933 962; x_wconf 88' lang='lat' dir='ltr'>&#39;st‚</span> <span class='ocrx_word' id='word_1_71' title='bbox 956 913 1070 966; x_wconf 89' lang='lat' dir='ltr'>quod</span> <span class='ocrx_word' id='word_1_72' title='bbox 1093 912 1181 953; x_wconf 87' lang='lat' dir='ltr'>dici</span> <span class='ocrx_word' id='word_1_73' title='bbox 1200 912 1326 962; x_wconf 83' lang='lat' dir='ltr'>solet,</span> 
     </span>
    </p>

    <p class='ocr_par' dir='ltr' id='par_1_10' title="bbox 131 978 1584 1033">
     <span class='ocr_line' id='line_1_12' title="bbox 131 978 1584 1033; baseline 0.002 -14"><span class='ocrx_word' id='word_1_74' title='bbox 131 978 312 1033; x_wconf 86' lang='lat' dir='ltr'>Aquilae</span> <span class='ocrx_word' id='word_1_75' title='bbox 331 984 547 1020; x_wconf 83' lang='lat' dir='ltr'>senectus.</span> <span class='ocrx_word' id='word_1_76' title='bbox 598 979 686 1022; x_wconf 86' lang='lat' dir='ltr'>CH.</span> <span class='ocrx_word' id='word_1_77' title='bbox 717 981 825 1021; x_wconf 80' lang='lat' dir='ltr'>Eia!</span> <span class='ocrx_word' id='word_1_78' title='bbox 878 980 962 1022; x_wconf 85' lang='lat' dir='ltr'>SY.</span> <span class='ocrx_word' id='word_1_79' title='bbox 995 979 1156 1020; x_wconf 82' lang='lat' dir='ltr'>Mulier</span> <span class='ocrx_word' id='word_1_80' title='bbox 1177 979 1427 1028; x_wconf 82' lang='lat' dir='ltr'>commoda,</span> <span class='ocrx_word' id='word_1_81' title='bbox 1449 986 1491 1022; x_wconf 88' lang='lat' dir='ltr'>et</span> <span class='ocrx_word' id='word_1_82' title='bbox 1528 981 1584 1022; x_wconf 86' lang='lat'>10</span> 
     </span>
    </p>

    <p class='ocr_par' dir='ltr' id='par_1_11' title="bbox 133 1047 1458 1098">
     <span class='ocr_line' id='line_1_13' title="bbox 133 1047 1458 1098; baseline 0 -10"><span class='ocrx_word' id='word_1_83' title='bbox 133 1047 313 1097; x_wconf 79' lang='lat' dir='ltr'>Faceta,</span> <span class='ocrx_word' id='word_1_84' title='bbox 332 1048 429 1089; x_wconf 88' lang='lat' dir='ltr'>haec</span> <span class='ocrx_word' id='word_1_85' title='bbox 449 1048 668 1089; x_wconf 84' lang='lat' dir='ltr'>meretrix.</span> <span class='ocrx_word' id='word_1_86' title='bbox 729 1047 816 1089; x_wconf 86' lang='lat' dir='ltr'>CH.</span> <span class='ocrx_word' id='word_1_87' title='bbox 851 1048 984 1098; x_wconf 84' lang='lat' dir='ltr'>Sane,</span> <span class='ocrx_word' id='word_1_88' title='bbox 1007 1049 1124 1089; x_wconf 90' lang='lat' dir='ltr'>idem</span> <span class='ocrx_word' id='word_1_89' title='bbox 1145 1048 1241 1089; x_wconf 82' lang='lat' dir='ltr'>visa</span> <span class='ocrx_word' id='word_1_90' title='bbox 1259 1047 1317 1088; x_wconf 85' lang='lat' dir='ltr'>&#39;st</span> <span class='ocrx_word' id='word_1_91' title='bbox 1337 1047 1458 1088; x_wconf 88' lang='lat' dir='ltr'>mihi.</span> 
     </span>
    </p>
   </div>
   <div class='ocr_carea' id='block_1_3' title="bbox 118 1167 1585 1296">
    <p class='ocr_par' dir='ltr' id='par_1_12' title="bbox 118 1167 1585 1296">
     <span class='ocr_line' id='line_1_14' title="bbox 129 1167 1583 1207; baseline 0.001 -11"><span class='ocrx_word' id='word_1_92' title='bbox 129 1167 225 1198; x_wconf 74' lang='lat' dir='ltr'>tanda</span> <span class='ocrx_word' id='word_1_93' title='bbox 241 1172 285 1199; x_wconf 83' lang='lat' dir='ltr'>est</span> <span class='ocrx_word' id='word_1_94' title='bbox 299 1169 332 1199; x_wconf 82' lang='lat' dir='ltr'>in</span> <span class='ocrx_word' id='word_1_95' title='bbox 351 1169 552 1201; x_wconf 83' lang='lat' dir='ltr'>Chremetem.</span> <span class='ocrx_word' id='word_1_96' title='bbox 598 1170 666 1201; x_wconf 76' lang='lat' dir='ltr'>CH.</span> <span class='ocrx_word' id='word_1_97' title='bbox 695 1169 777 1200; x_wconf 86' lang='lat' dir='ltr'>Num</span> <span class='ocrx_word' id='word_1_98' title='bbox 793 1179 839 1200; x_wconf 85' lang='lat' dir='ltr'>me</span> <span class='ocrx_word' id='word_1_99' title='bbox 855 1169 949 1200; x_wconf 75' lang='lat' dir='ltr'>latuit</span> <span class='ocrx_word' id='word_1_100' title='bbox 967 1169 1055 1200; x_wconf 86' lang='lat' dir='ltr'>hosce</span> <span class='ocrx_word' id='word_1_101' title='bbox 1068 1180 1183 1207; x_wconf 75' lang='lat' dir='ltr'>sertas,</span> <span class='ocrx_word' id='word_1_102' title='bbox 1200 1172 1230 1200; x_wconf 80' lang='lat' dir='ltr'>et</span> <span class='ocrx_word' id='word_1_103' title='bbox 1243 1170 1447 1200; x_wconf 75' lang='lat' dir='ltr'>adolescentes</span> <span class='ocrx_word' id='word_1_104' title='bbox 1463 1171 1583 1199; x_wconf 70' lang='lat' dir='ltr'>nectere</span> 
     </span>
     <span class='ocr_line' id='line_1_15' title="bbox 118 1209 1585 1252; baseline 0.001 -13"><span class='ocrx_word' id='word_1_105' title='bbox 118 1209 283 1246; x_wconf 79' lang='lat' dir='ltr'>fallaciam</span> <span class='ocrx_word' id='word_1_106' title='bbox 305 1212 339 1242; x_wconf 82' lang='lat' dir='ltr'>in</span> <span class='ocrx_word' id='word_1_107' title='bbox 360 1210 598 1244; x_wconf 74' lang='lat' dir='ltr'>Menedemum?</span> <span class='ocrx_word' id='word_1_108' title='bbox 622 1213 784 1243; x_wconf 80' lang='lat' dir='ltr'>Nimirum</span> <span class='ocrx_word' id='word_1_109' title='bbox 808 1213 858 1243; x_wconf 87' lang='lat' dir='ltr'>ille</span> <span class='ocrx_word' id='word_1_110' title='bbox 879 1222 985 1243; x_wconf 78' lang='lat' dir='ltr'>servus</span> <span class='ocrx_word' id='word_1_111' title='bbox 1013 1213 1126 1243; x_wconf 78' lang='lat' dir='ltr'>cliniae</span> <span class='ocrx_word' id='word_1_112' title='bbox 1143 1213 1261 1243; x_wconf 90' lang='lat' dir='ltr'>Dromo</span> <span class='ocrx_word' id='word_1_113' title='bbox 1285 1213 1441 1252; x_wconf 77' lang='lat' dir='ltr'>aliquanto</span> <span class='ocrx_word' id='word_1_114' title='bbox 1471 1212 1585 1243; x_wconf 81' lang='lat' dir='ltr'>lentior</span> 
     </span>
     <span class='ocr_line' id='line_1_16' title="bbox 128 1253 1584 1296; baseline 0.001 -13"><span class='ocrx_word' id='word_1_115' title='bbox 128 1255 188 1290; x_wconf 76' lang='lat' dir='ltr'>est,</span> <span class='ocrx_word' id='word_1_116' title='bbox 204 1253 271 1284; x_wconf 84' lang='lat' dir='ltr'>ideo</span> <span class='ocrx_word' id='word_1_117' title='bbox 286 1255 444 1294; x_wconf 75' lang='lat' dir='ltr'>negotium</span> <span class='ocrx_word' id='word_1_118' title='bbox 456 1256 625 1295; x_wconf 79' lang='lat' dir='ltr'>qucerendae</span> <span class='ocrx_word' id='word_1_119' title='bbox 639 1256 777 1295; x_wconf 80' lang='lat' dir='ltr'>pecuniae</span> <span class='ocrx_word' id='word_1_120' title='bbox 792 1257 897 1286; x_wconf 79' lang='lat' dir='ltr'>datum</span> <span class='ocrx_word' id='word_1_121' title='bbox 913 1259 959 1286; x_wconf 82' lang='lat' dir='ltr'>est</span> <span class='ocrx_word' id='word_1_122' title='bbox 975 1255 1045 1285; x_wconf 78' lang='lat' dir='ltr'>huic</span> <span class='ocrx_word' id='word_1_123' title='bbox 1060 1265 1146 1286; x_wconf 81' lang='lat' dir='ltr'>servo</span> <span class='ocrx_word' id='word_1_124' title='bbox 1161 1260 1266 1287; x_wconf 80' lang='lat' dir='ltr'>nostro</span> <span class='ocrx_word' id='word_1_125' title='bbox 1284 1256 1377 1296; x_wconf 77' lang='lat' dir='ltr'>Syro.</span> <span class='ocrx_word' id='word_1_126' title='bbox 1423 1256 1484 1286; x_wconf 74' lang='lat' dir='ltr'>SY.</span> <span class='ocrx_word' id='word_1_127' title='bbox 1504 1254 1584 1288; x_wconf 78' lang='lat' dir='ltr'>Quis</span> 
     </span>
    </p>
   </div>
   <div class='ocr_carea' id='block_1_4' title="bbox 128 1295 1635 1341">
    <p class='ocr_par' dir='ltr' id='par_1_13' title="bbox 128 1295 1635 1341">
     <span class='ocr_line' id='line_1_17' title="bbox 128 1295 1635 1341; baseline 0.001 -16"><span class='ocrx_word' id='word_1_128' title='bbox 128 1295 263 1334; x_wconf 78' lang='lat' dir='ltr'>loquitur</span> <span class='ocrx_word' id='word_1_129' title='bbox 277 1297 340 1336; x_wconf 90' lang='lat' dir='ltr'>hic,</span> <span class='ocrx_word' id='word_1_130' title='bbox 355 1299 456 1328; x_wconf 74' lang='lat' dir='ltr'>nullus</span> <span class='ocrx_word' id='word_1_131' title='bbox 470 1308 546 1329; x_wconf 87' lang='lat' dir='ltr'>sum.</span> <span class='ocrx_word' id='word_1_132' title='bbox 594 1299 678 1329; x_wconf 83' lang='lat' dir='ltr'>Num</span> <span class='ocrx_word' id='word_1_133' title='bbox 698 1298 843 1329; x_wconf 81' lang='lat' dir='ltr'>Chremes</span> <span class='ocrx_word' id='word_1_134' title='bbox 858 1299 974 1328; x_wconf 80' lang='lat' dir='ltr'>audivit</span> <span class='ocrx_word' id='word_1_135' title='bbox 992 1299 1068 1337; x_wconf 80' lang='lat' dir='ltr'>haec,</span> <span class='ocrx_word' id='word_1_136' title='bbox 1082 1309 1150 1339; x_wconf 81' lang='lat' dir='ltr'>quoe</span> <span class='ocrx_word' id='word_1_137' title='bbox 1165 1299 1256 1329; x_wconf 72' lang='lat' dir='ltr'>dixi?</span> <span class='ocrx_word' id='word_1_138' title='bbox 1301 1299 1368 1329; x_wconf 85' lang='lat' dir='ltr'>CH.</span> <span class='ocrx_word' id='word_1_139' title='bbox 1394 1297 1485 1338; x_wconf 84' lang='lat' dir='ltr'>Syre.</span> <span class='ocrx_word' id='word_1_140' title='bbox 1521 1297 1582 1328; x_wconf 73' lang='grc' dir='ltr'>ΒΥ.</span> <span class='ocrx_word' id='word_1_141' title='bbox 1632 1338 1635 1341; x_wconf 26' lang='grc' dir='ltr'>ι</span> 
     </span>
    </p>
   </div>
   <div class='ocr_carea' id='block_1_5' title="bbox 106 1335 1583 1552">
    <p class='ocr_par' dir='ltr' id='par_1_14' title="bbox 106 1335 1583 1552">
     <span class='ocr_line' id='line_1_18' title="bbox 132 1335 1583 1380; baseline 0.002 -13"><span class='ocrx_word' id='word_1_142' title='bbox 132 1335 226 1368; x_wconf 80' lang='lat' dir='ltr'>Hem.</span> <span class='ocrx_word' id='word_1_143' title='bbox 273 1340 339 1371; x_wconf 74' lang='lat' dir='ltr'>CH.</span> <span class='ocrx_word' id='word_1_144' title='bbox 366 1341 452 1376; x_wconf 86' lang='lat' dir='ltr'>Quid</span> <span class='ocrx_word' id='word_1_145' title='bbox 466 1344 499 1372; x_wconf 82' lang='lat' dir='ltr'>tu</span> <span class='ocrx_word' id='word_1_146' title='bbox 515 1341 700 1379; x_wconf 79' lang='lat' dir='ltr'>isticfacis?</span> <span class='ocrx_word' id='word_1_147' title='bbox 744 1342 804 1372; x_wconf 79' lang='lat' dir='ltr'>SY.</span> <span class='ocrx_word' id='word_1_148' title='bbox 832 1341 924 1371; x_wconf 87' lang='lat' dir='ltr'>Nihil</span> <span class='ocrx_word' id='word_1_149' title='bbox 940 1341 1079 1380; x_wconf 77' lang='lat' dir='ltr'>quidem5</span> <span class='ocrx_word' id='word_1_150' title='bbox 1095 1342 1161 1379; x_wconf 88' lang='lat' dir='ltr'>sed,</span> <span class='ocrx_word' id='word_1_151' title='bbox 1179 1342 1321 1377; x_wconf 78' lang='lat' dir='ltr'>Chreme,</span> <span class='ocrx_word' id='word_1_152' title='bbox 1336 1341 1424 1371; x_wconf 74' lang='lat' dir='ltr'>valde</span> <span class='ocrx_word' id='word_1_153' title='bbox 1440 1341 1535 1371; x_wconf 87' lang='lat' dir='ltr'>miror</span> <span class='ocrx_word' id='word_1_154' title='bbox 1551 1343 1583 1370; x_wconf 69' lang='lat' dir='ltr'>te</span> 
     </span>
     <span class='ocr_line' id='line_1_19' title="bbox 106 1382 1580 1424; baseline 0.002 -14"><span class='ocrx_word' id='word_1_155' title='bbox 106 1418 111 1423; x_wconf 19' lang='grc' dir='ltr'><strong>ἱ</strong></span> <span class='ocrx_word' id='word_1_156' title='bbox 126 1382 299 1413; x_wconf 77' lang='lat' dir='ltr'>surrexisse</span> <span class='ocrx_word' id='word_1_157' title='bbox 315 1386 377 1413; x_wconf 77' lang='lat' dir='ltr'>tam</span> <span class='ocrx_word' id='word_1_158' title='bbox 393 1394 493 1421; x_wconf 86' lang='lat' dir='ltr'>mane,</span> <span class='ocrx_word' id='word_1_159' title='bbox 508 1384 562 1424; x_wconf 82' lang='lat' dir='ltr'>qni</span> <span class='ocrx_word' id='word_1_160' title='bbox 577 1384 718 1415; x_wconf 74' lang='lat' dir='ltr'>hesterna</span> <span class='ocrx_word' id='word_1_161' title='bbox 735 1383 785 1414; x_wconf 83' lang='lat' dir='ltr'>die</span> <span class='ocrx_word' id='word_1_162' title='bbox 801 1387 922 1414; x_wconf 79' lang='lat' dir='ltr'>tantum.</span> <span class='ocrx_word' id='word_1_163' title='bbox 938 1384 1061 1414; x_wconf 83' lang='lat' dir='ltr'>biberis.</span> <span class='ocrx_word' id='word_1_164' title='bbox 1109 1384 1178 1415; x_wconf 79' lang='lat' dir='ltr'>CH.</span> <span class='ocrx_word' id='word_1_165' title='bbox 1205 1384 1277 1415; x_wconf 80' lang='lat' dir='ltr'>Non</span> <span class='ocrx_word' id='word_1_166' title='bbox 1292 1386 1361 1424; x_wconf 81' lang='lat' dir='ltr'>plus</span> <span class='ocrx_word' id='word_1_167' title='bbox 1376 1394 1471 1424; x_wconf 82' lang='lat' dir='ltr'>aequo.</span> <span class='ocrx_word' id='word_1_168' title='bbox 1518 1383 1580 1413; x_wconf 79' lang='lat' dir='ltr'>SY.</span> 
     </span>
     <span class='ocr_line' id='line_1_20' title="bbox 129 1422 1583 1467; baseline 0.002 -13"><span class='ocrx_word' id='word_1_169' title='bbox 129 1422 203 1453; x_wconf 83' lang='lat' dir='ltr'>Non</span> <span class='ocrx_word' id='word_1_170' title='bbox 216 1426 286 1464; x_wconf 80' lang='lat' dir='ltr'>plus</span> <span class='ocrx_word' id='word_1_171' title='bbox 300 1436 386 1466; x_wconf 73' lang='lat' dir='ltr'>(equo</span> <span class='ocrx_word' id='word_1_172' title='bbox 400 1426 471 1458; x_wconf 76' lang='lat' dir='ltr'>ais?</span> <span class='ocrx_word' id='word_1_173' title='bbox 493 1426 637 1457; x_wconf 78' lang='lat' dir='ltr'>Senectus</span> <span class='ocrx_word' id='word_1_174' title='bbox 652 1426 764 1467; x_wconf 81' lang='lat' dir='ltr'>aquilae</span> <span class='ocrx_word' id='word_1_175' title='bbox 777 1426 843 1457; x_wconf 73' lang='lat' dir='ltr'>visa</span> <span class='ocrx_word' id='word_1_176' title='bbox 855 1430 899 1457; x_wconf 85' lang='lat' dir='ltr'>est</span> <span class='ocrx_word' id='word_1_177' title='bbox 914 1427 947 1457; x_wconf 83' lang='lat' dir='ltr'>in</span> <span class='ocrx_word' id='word_1_178' title='bbox 964 1430 1005 1465; x_wconf 80' lang='lat' dir='ltr'>te,</span> <span class='ocrx_word' id='word_1_179' title='bbox 1021 1431 1055 1458; x_wconf 76' lang='lat' dir='ltr'>ut</span> <span class='ocrx_word' id='word_1_180' title='bbox 1068 1428 1137 1467; x_wconf 86' lang='lat' dir='ltr'>plus</span> <span class='ocrx_word' id='word_1_181' title='bbox 1152 1427 1276 1464; x_wconf 83' lang='lat' dir='ltr'>biberis,</span> <span class='ocrx_word' id='word_1_182' title='bbox 1293 1437 1381 1467; x_wconf 77' lang='lat' dir='ltr'>quam</span> <span class='ocrx_word' id='word_1_183' title='bbox 1397 1426 1562 1457; x_wconf 81' lang='lat' dir='ltr'>comederis</span> <span class='ocrx_word' id='word_1_184' title='bbox 1572 1436 1583 1457; x_wconf 72' lang='grc' dir='ltr'><em>ε</em></span> 
     </span>
     <span class='ocr_line' id='line_1_21' title="bbox 126 1467 1582 1509; baseline 0.001 -13"><span class='ocrx_word' id='word_1_185' title='bbox 126 1467 412 1507; x_wconf 79' lang='lat' dir='ltr'>quodproverbium</span> <span class='ocrx_word' id='word_1_186' title='bbox 429 1470 461 1500; x_wconf 89' lang='lat' dir='ltr'>in</span> <span class='ocrx_word' id='word_1_187' title='bbox 474 1479 525 1500; x_wconf 90' lang='lat' dir='ltr'>ore</span> <span class='ocrx_word' id='word_1_188' title='bbox 536 1471 642 1509; x_wconf 79' lang='lat' dir='ltr'>populi</span> <span class='ocrx_word' id='word_1_189' title='bbox 658 1469 796 1500; x_wconf 76' lang='lat' dir='ltr'>habetur.</span> <span class='ocrx_word' id='word_1_190' title='bbox 843 1469 910 1500; x_wconf 80' lang='lat' dir='ltr'>CH.</span> <span class='ocrx_word' id='word_1_191' title='bbox 936 1470 999 1500; x_wconf 80' lang='lat' dir='ltr'>Eia</span> <span class='ocrx_word' id='word_1_192' title='bbox 1019 1470 1126 1501; x_wconf 87' lang='lat' dir='ltr'>dehoc</span> <span class='ocrx_word' id='word_1_193' title='bbox 1147 1471 1224 1500; x_wconf 79' lang='lat' dir='ltr'>satis</span> <span class='ocrx_word' id='word_1_194' title='bbox 1246 1471 1373 1501; x_wconf 75' lang='lat' dir='ltr'>dictum.</span> <span class='ocrx_word' id='word_1_195' title='bbox 1418 1469 1480 1500; x_wconf 76' lang='lat' dir='ltr'>SY.</span> <span class='ocrx_word' id='word_1_196' title='bbox 1501 1468 1582 1498; x_wconf 77' lang='lat' dir='ltr'>Haec</span> 
     </span>
     <span class='ocr_line' id='line_1_22' title="bbox 127 1511 1582 1552; baseline 0.002 -13"><span class='ocrx_word' id='word_1_197' title='bbox 127 1511 281 1542; x_wconf 69' lang='lat' dir='ltr'>meretrix</span> <span class='ocrx_word' id='word_1_198' title='bbox 303 1521 371 1552; x_wconf 81' lang='lat' dir='ltr'>quoe</span> <span class='ocrx_word' id='word_1_199' title='bbox 393 1516 439 1544; x_wconf 78' lang='lat' dir='ltr'>est</span> <span class='ocrx_word' id='word_1_200' title='bbox 461 1522 529 1543; x_wconf 84' lang='lat' dir='ltr'>cum</span> <span class='ocrx_word' id='word_1_201' title='bbox 555 1512 672 1552; x_wconf 80' lang='lat' dir='ltr'>Clinia,</span> <span class='ocrx_word' id='word_1_202' title='bbox 695 1515 742 1544; x_wconf 81' lang='lat' dir='ltr'>est</span> <span class='ocrx_word' id='word_1_203' title='bbox 765 1512 874 1543; x_wconf 77' lang='lat' dir='ltr'>mulier</span> <span class='ocrx_word' id='word_1_204' title='bbox 897 1513 1020 1552; x_wconf 83' lang='lat' dir='ltr'>elegans</span> <span class='ocrx_word' id='word_1_205' title='bbox 1038 1516 1069 1544; x_wconf 84' lang='lat' dir='ltr'>et</span> <span class='ocrx_word' id='word_1_206' title='bbox 1081 1512 1212 1550; x_wconf 74' lang='lat' dir='ltr'>festiva.</span> <span class='ocrx_word' id='word_1_207' title='bbox 1259 1513 1327 1544; x_wconf 83' lang='lat' dir='ltr'>CH.</span> <span class='ocrx_word' id='word_1_208' title='bbox 1351 1512 1432 1544; x_wconf 81' lang='lat' dir='ltr'>Sane</span> <span class='ocrx_word' id='word_1_209' title='bbox 1446 1513 1513 1543; x_wconf 69' lang='lat' dir='ltr'>visa</span> <span class='ocrx_word' id='word_1_210' title='bbox 1535 1514 1582 1543; x_wconf 77' lang='lat' dir='ltr'>est</span> 
     </span>
    </p>
   </div>
   <div class='ocr_carea' id='block_1_6' title="bbox 732 1604 970 1617">
    <p class='ocr_par' dir='ltr' id='par_1_15' title="bbox 732 1604 970 1617">
     <span class='ocr_line' id='line_1_23' title="bbox 732 1604 970 1617; baseline 0.008 -2"><span class='ocrx_word' id='word_1_211' title='bbox 732 1604 970 1617; x_wconf 60' lang='lat' dir='ltr'>eeeeeeeeeeee</span> 
     </span>
    </p>
   </div>
   <div class='ocr_carea' id='block_1_7' title="bbox 119 1671 1581 2444">
    <p class='ocr_par' dir='ltr' id='par_1_16' title="bbox 119 1671 1581 2444">
     <span class='ocr_line' id='line_1_24' title="bbox 126 1671 1580 1713; baseline 0.003 -11"><span class='ocrx_word' id='word_1_212' title='bbox 126 1671 250 1703; x_wconf 80' lang='lat' dir='ltr'>coloris</span> <span class='ocrx_word' id='word_1_213' title='bbox 265 1671 336 1702; x_wconf 88' lang='lat' dir='ltr'>sani</span> <span class='ocrx_word' id='word_1_214' title='bbox 354 1676 389 1703; x_wconf 87' lang='lat' dir='ltr'>et</span> <span class='ocrx_word' id='word_1_215' title='bbox 405 1672 614 1704; x_wconf 83' lang='lat' dir='ltr'>Terentiani.</span> <span class='ocrx_word' id='word_1_216' title='bbox 660 1673 803 1713; x_wconf 84' lang='lat' dir='ltr'>Repone</span> <span class='ocrx_word' id='word_1_217' title='bbox 830 1673 879 1706; x_wconf 90' lang='lat' dir='ltr'>H.</span> <span class='ocrx_word' id='word_1_218' title='bbox 899 1674 923 1705; x_wconf 82' lang='lat' dir='ltr'>i.</span> <span class='ocrx_word' id='word_1_219' title='bbox 948 1685 975 1704; x_wconf 80' lang='lat' dir='ltr'>c.</span> <span class='ocrx_word' id='word_1_220' title='bbox 991 1673 1202 1704; x_wconf 73' lang='lat' dir='ltr'>inveniendum</span> <span class='ocrx_word' id='word_1_221' title='bbox 1218 1683 1250 1705; x_wconf 71' lang='lat' dir='ltr'>es</span> <span class='ocrx_word' id='word_1_222' title='bbox 1265 1677 1383 1712; x_wconf 75' lang='lat' dir='ltr'>tamen,</span> <span class='ocrx_word' id='word_1_223' title='bbox 1396 1673 1453 1705; x_wconf 86' lang='lat' dir='ltr'>A.’</span> <span class='ocrx_word' id='word_1_224' title='bbox 1476 1674 1580 1706; x_wconf 82' lang='lat' dir='ltr'>Bent.</span> 
     </span>
     <span class='ocr_line' id='line_1_25' title="bbox 126 1715 1579 1756; baseline 0.002 -10"><span class='ocrx_word' id='word_1_225' title='bbox 126 1715 182 1746; x_wconf 85' lang='lat' dir='ltr'>Ita</span> <span class='ocrx_word' id='word_1_226' title='bbox 195 1724 329 1756; x_wconf 86' lang='lat' dir='ltr'>quoque</span> <span class='ocrx_word' id='word_1_227' title='bbox 345 1715 425 1754; x_wconf 85' lang='lat' dir='ltr'>Bip.</span> <span class='ocrx_word' id='word_1_228' title='bbox 443 1715 606 1747; x_wconf 60' lang='lat' dir='ltr'>Boiu—3</span> <span class='ocrx_word' id='word_1_229' title='bbox 631 1716 682 1747; x_wconf 89' lang='lat' dir='ltr'>M.</span> <span class='ocrx_word' id='word_1_230' title='bbox 701 1716 822 1747; x_wconf 79' lang='lat' dir='ltr'>Boend.</span> <span class='ocrx_word' id='word_1_231' title='bbox 839 1722 875 1747; x_wconf 86' lang='lat' dir='ltr'>et</span> <span class='ocrx_word' id='word_1_232' title='bbox 891 1717 1010 1748; x_wconf 86' lang='lat' dir='ltr'>Leidd.</span> <span class='ocrx_word' id='word_1_233' title='bbox 1027 1721 1110 1756; x_wconf 86' lang='lat' dir='ltr'>tres,</span> <span class='ocrx_word' id='word_1_234' title='bbox 1130 1727 1204 1748; x_wconf 86' lang='lat' dir='ltr'>cum</span> <span class='ocrx_word' id='word_1_235' title='bbox 1221 1717 1294 1748; x_wconf 75' lang='lat' dir='ltr'>EA.</span> <span class='ocrx_word' id='word_1_236' title='bbox 1307 1718 1381 1748; x_wconf 83' lang='lat' dir='ltr'>Non</span> <span class='ocrx_word' id='word_1_237' title='bbox 1402 1717 1484 1755; x_wconf 80' lang='lat' dir='ltr'>m.f.</span> <span class='ocrx_word' id='word_1_238' title='bbox 1521 1718 1579 1749; x_wconf 91' lang='lat' dir='ltr'>Tr.</span> 
     </span>
     <span class='ocr_line' id='line_1_26' title="bbox 127 1757 1580 1800; baseline 0.003 -13"><span class='ocrx_word' id='word_1_239' title='bbox 127 1757 204 1788; x_wconf 74' lang='lat' dir='ltr'>Non</span> <span class='ocrx_word' id='word_1_240' title='bbox 220 1758 303 1796; x_wconf 83' lang='lat' dir='ltr'>mef.</span> <span class='ocrx_word' id='word_1_241' title='bbox 326 1758 415 1788; x_wconf 79' lang='lat' dir='ltr'>hosce</span> <span class='ocrx_word' id='word_1_242' title='bbox 428 1758 594 1789; x_wconf 77' lang='lat' dir='ltr'>instruere.</span> <span class='ocrx_word' id='word_1_243' title='bbox 610 1759 718 1790; x_wconf 84' lang='lat' dir='ltr'>West.</span> <span class='ocrx_word' id='word_1_244' title='bbox 757 1760 916 1791; x_wconf 76' lang='lat' dir='ltr'>Instruere</span> <span class='ocrx_word' id='word_1_245' title='bbox 931 1759 1048 1791; x_wconf 81' lang='lat' dir='ltr'>Guelf.</span> <span class='ocrx_word' id='word_1_246' title='bbox 1066 1762 1163 1791; x_wconf 82' lang='grc'><strong>3.--4</strong></span> <span class='ocrx_word' id='word_1_247' title='bbox 1186 1761 1313 1790; x_wconf 80' lang='lat' dir='ltr'>Versus</span> <span class='ocrx_word' id='word_1_248' title='bbox 1329 1760 1438 1799; x_wconf 73' lang='lat' dir='ltr'>gratia</span> <span class='ocrx_word' id='word_1_249' title='bbox 1455 1760 1580 1800; x_wconf 81' lang='lat' dir='ltr'>scribe,</span> 
     </span>
     <span class='ocr_line' id='line_1_27' title="bbox 126 1800 1581 1842; baseline 0.002 -11"><span class='ocrx_word' id='word_1_250' title='bbox 126 1800 187 1831; x_wconf 77' lang='lat' dir='ltr'>Ille</span> <span class='ocrx_word' id='word_1_251' title='bbox 201 1800 323 1832; x_wconf 76' lang='lat' dir='ltr'>Clinia&#39;z&#39;</span> <span class='ocrx_word' id='word_1_252' title='bbox 336 1810 440 1831; x_wconf 76' lang='lat' dir='ltr'>servos</span> <span class='ocrx_word' id='word_1_253' title='bbox 453 1802 684 1832; x_wconf 78' lang='lat' dir='ltr'>tardiusculust.</span> <span class='ocrx_word' id='word_1_254' title='bbox 727 1802 784 1832; x_wconf 87' lang='lat' dir='ltr'>Sic</span> <span class='ocrx_word' id='word_1_255' title='bbox 797 1803 877 1833; x_wconf 80' lang='lat' dir='ltr'>alibi</span> <span class='ocrx_word' id='word_1_256' title='bbox 906 1803 915 1820; x_wconf 86' lang='lat'>‘</span> <span class='ocrx_word' id='word_1_257' title='bbox 927 1802 1101 1842; x_wconf 45' lang='lat' dir='ltr'>hospitat?</span> <span class='ocrx_word' id='word_1_258' title='bbox 1139 1804 1148 1820; x_wconf 93' lang='lat'>‘</span> <span class='ocrx_word' id='word_1_259' title='bbox 1163 1802 1360 1834; x_wconf 59' lang='lat' dir='ltr'>Phaedriaiss</span> <span class='ocrx_word' id='word_1_260' title='bbox 1382 1803 1477 1834; x_wconf 82' lang='lat' dir='ltr'>Lind.</span> <span class='ocrx_word' id='word_1_261' title='bbox 1524 1803 1581 1834; x_wconf 85' lang='lat' dir='ltr'>Ita</span> 
     </span>
     <span class='ocr_line' id='line_1_28' title="bbox 126 1843 1581 1882; baseline 0.003 -9"><span class='ocrx_word' id='word_1_262' title='bbox 126 1847 163 1874; x_wconf 84' lang='lat' dir='ltr'>et</span> <span class='ocrx_word' id='word_1_263' title='bbox 189 1843 248 1875; x_wconf 84' lang='lat' dir='ltr'>Fa.</span> <span class='ocrx_word' id='word_1_264' title='bbox 282 1844 386 1874; x_wconf 87' lang='lat' dir='ltr'>Beut.</span> <span class='ocrx_word' id='word_1_265' title='bbox 425 1844 569 1875; x_wconf 86' lang='lat' dir='ltr'>Bothius</span> <span class='ocrx_word' id='word_1_266' title='bbox 599 1844 696 1882; x_wconf 81' lang='lat' dir='ltr'>legit,</span> <span class='ocrx_word' id='word_1_267' title='bbox 734 1845 795 1876; x_wconf 79' lang='lat' dir='ltr'>Est</span> <span class='ocrx_word' id='word_1_268' title='bbox 827 1846 942 1877; x_wconf 76' lang='lat' dir='ltr'>Clinioe</span> <span class='ocrx_word' id='word_1_269' title='bbox 975 1846 1027 1876; x_wconf 83' lang='lat' dir='ltr'>ille</span> <span class='ocrx_word' id='word_1_270' title='bbox 1057 1855 1159 1876; x_wconf 72' lang='lat' dir='ltr'>servos</span> <span class='ocrx_word' id='word_1_271' title='bbox 1193 1846 1409 1877; x_wconf 80' lang='lat' dir='ltr'>tardiusculus.</span> <span class='ocrx_word' id='word_1_272' title='bbox 1463 1846 1520 1876; x_wconf 85' lang='lat' dir='ltr'>Ita</span> <span class='ocrx_word' id='word_1_273' title='bbox 1544 1851 1581 1878; x_wconf 87' lang='lat' dir='ltr'>et</span> 
     </span>
     <span class='ocr_line' id='line_1_29' title="bbox 125 1885 1579 1929; baseline 0.002 -13"><span class='ocrx_word' id='word_1_274' title='bbox 125 1885 318 1926; x_wconf 83' lang='lat' dir='ltr'>Delph.—6</span> <span class='ocrx_word' id='word_1_275' title='bbox 351 1886 453 1926; x_wconf 79' lang='lat' dir='ltr'>Vulg.</span> <span class='ocrx_word' id='word_1_276' title='bbox 489 1887 554 1917; x_wconf 83' lang='lat' dir='ltr'>haec</span> <span class='ocrx_word' id='word_1_277' title='bbox 589 1887 723 1926; x_wconf 78' lang='lat' dir='ltr'>audivit,</span> <span class='ocrx_word' id='word_1_278' title='bbox 770 1887 905 1928; x_wconf 86' lang='lat' dir='ltr'>frigide.</span> <span class='ocrx_word' id='word_1_279' title='bbox 950 1888 1102 1927; x_wconf 73' lang='lat' dir='ltr'>Bothius,</span> <span class='ocrx_word' id='word_1_280' title='bbox 1137 1889 1194 1928; x_wconf 82' lang='lat' dir='ltr'>qui</span> <span class='ocrx_word' id='word_1_281' title='bbox 1231 1890 1315 1927; x_wconf 84' lang='lat' dir='ltr'>legit</span> <span class='ocrx_word' id='word_1_282' title='bbox 1353 1889 1412 1919; x_wconf 85' lang='lat' dir='ltr'>hic.</span> <span class='ocrx_word' id='word_1_283' title='bbox 1448 1889 1579 1929; x_wconf 88' lang='lat' dir='ltr'>Delph.</span> 
     </span>
     <span class='ocr_line' id='line_1_30' title="bbox 122 1928 1579 1972; baseline 0.002 -13"><span class='ocrx_word' id='word_1_284' title='bbox 122 1929 289 1960; x_wconf 53' lang='lat' dir='ltr'>anaia—7</span> <span class='ocrx_word' id='word_1_285' title='bbox 315 1928 369 1959; x_wconf 89' lang='lat' dir='ltr'>Sic</span> <span class='ocrx_word' id='word_1_286' title='bbox 392 1930 450 1960; x_wconf 87' lang='lat' dir='ltr'>Fa.</span> <span class='ocrx_word' id='word_1_287' title='bbox 473 1939 515 1960; x_wconf 82' lang='lat' dir='ltr'>ex</span> <span class='ocrx_word' id='word_1_288' title='bbox 539 1930 636 1962; x_wconf 88' lang='lat' dir='ltr'>Bem.</span> <span class='ocrx_word' id='word_1_289' title='bbox 661 1930 780 1961; x_wconf 83' lang='lat' dir='ltr'>dedit:</span> <span class='ocrx_word' id='word_1_290' title='bbox 818 1932 925 1962; x_wconf 84' lang='lat' dir='ltr'>nostri</span> <span class='ocrx_word' id='word_1_291' title='bbox 949 1941 1076 1969; x_wconf 84' lang='lat' dir='ltr'>omnes,</span> <span class='ocrx_word' id='word_1_292' title='bbox 1114 1931 1209 1962; x_wconf 81' lang='lat' dir='ltr'>Recte</span> <span class='ocrx_word' id='word_1_293' title='bbox 1234 1932 1356 1972; x_wconf 85' lang='lat' dir='ltr'>quidem</span> <span class='ocrx_word' id='word_1_294' title='bbox 1379 1935 1410 1962; x_wconf 80' lang='lat' dir='ltr'>te</span> <span class='ocrx_word' id='word_1_295' title='bbox 1432 1933 1579 1972; x_wconf 76' lang='lat' dir='ltr'>demiror,</span> 
     </span>
     <span class='ocr_line' id='line_1_31' title="bbox 126 1971 1579 2014; baseline 0.003 -13"><span class='ocrx_word' id='word_1_296' title='bbox 126 1971 280 2002; x_wconf 79' lang='lat' dir='ltr'>Chreme:</span> <span class='ocrx_word' id='word_1_297' title='bbox 301 1971 367 2002; x_wconf 90' lang='lat' dir='ltr'>nisi</span> <span class='ocrx_word' id='word_1_298' title='bbox 392 1971 482 2013; x_wconf 88' lang='lat' dir='ltr'>qnod</span> <span class='ocrx_word' id='word_1_299' title='bbox 505 1972 571 2003; x_wconf 89' lang='lat' dir='ltr'>duo</span> <span class='ocrx_word' id='word_1_300' title='bbox 591 1982 633 2003; x_wconf 88' lang='lat' dir='ltr'>ex</span> <span class='ocrx_word' id='word_1_301' title='bbox 656 1974 857 2011; x_wconf 84' lang='lat' dir='ltr'>veterrimis,</span> <span class='ocrx_word' id='word_1_302' title='bbox 873 1975 1020 2014; x_wconf 80' lang='lat' dir='ltr'>equidem.</span> <span class='ocrx_word' id='word_1_303' title='bbox 1066 1975 1155 2013; x_wconf 75' lang='lat' dir='ltr'>Lege</span> <span class='ocrx_word' id='word_1_304' title='bbox 1173 1978 1207 2004; x_wconf 90' lang='lat' dir='ltr'>et</span> <span class='ocrx_word' id='word_1_305' title='bbox 1223 1975 1416 2013; x_wconf 84' lang='lat' dir='ltr'>distingue:</span> <span class='ocrx_word' id='word_1_306' title='bbox 1443 1975 1528 2010; x_wconf 83' lang='lat' dir='ltr'>Quid</span> <span class='ocrx_word' id='word_1_307' title='bbox 1543 1979 1579 2006; x_wconf 73' lang='lat' dir='ltr'>tu</span> 
     </span>
     <span class='ocr_line' id='line_1_32' title="bbox 122 2014 1575 2058; baseline 0.003 -14"><span class='ocrx_word' id='word_1_308' title='bbox 122 2014 217 2045; x_wconf 75' lang='lat' dir='ltr'>istic?</span> <span class='ocrx_word' id='word_1_309' title='bbox 260 2014 378 2046; x_wconf 72' lang='lat' dir='ltr'>Recte.-</span> <span class='ocrx_word' id='word_1_310' title='bbox 398 2015 537 2055; x_wconf 79' lang='lat' dir='ltr'>equidem</span> <span class='ocrx_word' id='word_1_311' title='bbox 559 2019 589 2046; x_wconf 81' lang='lat' dir='ltr'>te</span> <span class='ocrx_word' id='word_1_312' title='bbox 604 2017 750 2056; x_wconf 81' lang='lat' dir='ltr'>demiror,</span> <span class='ocrx_word' id='word_1_313' title='bbox 770 2017 913 2055; x_wconf 84' lang='lat' dir='ltr'>Chreme,</span> <span class='ocrx_word' id='word_1_314' title='bbox 931 2017 965 2047; x_wconf 88' lang='lat' dir='ltr'>T.</span> <span class='ocrx_word' id='word_1_315' title='bbox 983 2027 1023 2048; x_wconf 89' lang='lat' dir='ltr'>m.</span> <span class='ocrx_word' id='word_1_316' title='bbox 1049 2017 1152 2048; x_wconf 77' lang='lat' dir='ltr'>Bent.</span> <span class='ocrx_word' id='word_1_317' title='bbox 1200 2017 1255 2048; x_wconf 91' lang='lat' dir='ltr'>Ita</span> <span class='ocrx_word' id='word_1_318' title='bbox 1271 2023 1305 2048; x_wconf 91' lang='lat' dir='ltr'>et</span> <span class='ocrx_word' id='word_1_319' title='bbox 1324 2017 1448 2058; x_wconf 86' lang='lat' dir='ltr'>Delph.</span> <span class='ocrx_word' id='word_1_320' title='bbox 1490 2017 1575 2050; x_wconf 88' lang='lat' dir='ltr'>GM.</span> 
     </span>
     <span class='ocr_line' id='line_1_33' title="bbox 121 2056 1577 2100; baseline 0.003 -13"><span class='ocrx_word' id='word_1_321' title='bbox 121 2057 256 2095; x_wconf 81' lang='lat' dir='ltr'>quidem.</span> <span class='ocrx_word' id='word_1_322' title='bbox 288 2056 405 2088; x_wconf 84' lang='lat' dir='ltr'>Guelf.</span> <span class='ocrx_word' id='word_1_323' title='bbox 424 2061 453 2089; x_wconf 88' lang='lat'>1.</span> <span class='ocrx_word' id='word_1_324' title='bbox 474 2058 620 2089; x_wconf 83' lang='lat' dir='ltr'>demiror.</span> <span class='ocrx_word' id='word_1_325' title='bbox 652 2061 683 2090; x_wconf 83' lang='lat'>2.</span> <span class='ocrx_word' id='word_1_326' title='bbox 700 2062 732 2090; x_wconf 85' lang='lat' dir='ltr'>te</span> <span class='ocrx_word' id='word_1_327' title='bbox 745 2059 878 2090; x_wconf 85' lang='lat' dir='ltr'>demiror</span> <span class='ocrx_word' id='word_1_328' title='bbox 895 2059 1021 2100; x_wconf 82' lang='lat' dir='ltr'>absque</span> <span class='ocrx_word' id='word_1_329' title='bbox 1037 2061 1100 2090; x_wconf 85' lang='lat' dir='ltr'>sed.</span> <span class='ocrx_word' id='word_1_330' title='bbox 1119 2060 1217 2091; x_wconf 82' lang='lat' dir='ltr'>Both.</span> <span class='ocrx_word' id='word_1_331' title='bbox 1245 2060 1339 2091; x_wconf 78' lang='lat' dir='ltr'>Recte</span> <span class='ocrx_word' id='word_1_332' title='bbox 1352 2071 1362 2091; x_wconf 91' lang='lat'>:</span> <span class='ocrx_word' id='word_1_333' title='bbox 1382 2062 1436 2091; x_wconf 83' lang='lat' dir='ltr'>sed</span> <span class='ocrx_word' id='word_1_334' title='bbox 1452 2063 1482 2091; x_wconf 79' lang='lat' dir='ltr'>te</span> <span class='ocrx_word' id='word_1_335' title='bbox 1497 2063 1577 2093; x_wconf 83' lang='lat' dir='ltr'>dem.</span> 
     </span>
     <span class='ocr_line' id='line_1_34' title="bbox 123 2099 1578 2143; baseline 0.003 -14"><span class='ocrx_word' id='word_1_336' title='bbox 123 2099 183 2129; x_wconf 64' lang='grc' dir='ltr'>ΒΓ.</span> <span class='ocrx_word' id='word_1_337' title='bbox 230 2099 325 2130; x_wconf 83' lang='lat' dir='ltr'>Recte</span> <span class='ocrx_word' id='word_1_338' title='bbox 345 2100 500 2139; x_wconf 82' lang='lat' dir='ltr'>equidem.-</span> <span class='ocrx_word' id='word_1_339' title='bbox 520 2104 553 2131; x_wconf 72' lang='lat' dir='ltr'>le</span> <span class='ocrx_word' id='word_1_340' title='bbox 574 2103 720 2133; x_wconf 65' lang='lat' dir='ltr'>dem—8</span> <span class='ocrx_word' id='word_1_341' title='bbox 744 2102 869 2142; x_wconf 85' lang='lat' dir='ltr'>Delph.</span> <span class='ocrx_word' id='word_1_342' title='bbox 892 2103 945 2143; x_wconf 82' lang='lat' dir='ltr'>qui</span> <span class='ocrx_word' id='word_1_343' title='bbox 961 2103 1068 2133; x_wconf 80' lang='lat' dir='ltr'>heret.</span> <span class='ocrx_word' id='word_1_344' title='bbox 1085 2102 1113 2133; x_wconf 86' lang='lat' dir='ltr'>b.</span> <span class='ocrx_word' id='word_1_345' title='bbox 1156 2103 1230 2134; x_wconf 91' lang='grc' dir='ltr'>ΕΡ.</span> <span class='ocrx_word' id='word_1_346' title='bbox 1255 2103 1384 2134; x_wconf 81' lang='lat' dir='ltr'>biberas.</span> <span class='ocrx_word' id='word_1_347' title='bbox 1432 2103 1516 2135; x_wconf 81' lang='lat' dir='ltr'>Post</span> <span class='ocrx_word' id='word_1_348' title='bbox 1532 2105 1578 2134; x_wconf 85' lang='lat' dir='ltr'>bi-</span> 
     </span>
     <span class='ocr_line' id='line_1_35' title="bbox 123 2141 1576 2188; baseline 0.003 -17"><span class='ocrx_word' id='word_1_349' title='bbox 123 2141 206 2172; x_wconf 80' lang='lat' dir='ltr'>beris</span> <span class='ocrx_word' id='word_1_350' title='bbox 223 2141 413 2182; x_wconf 80' lang='lat' dir='ltr'>interrogat</span> <span class='ocrx_word' id='word_1_351' title='bbox 438 2143 496 2173; x_wconf 90' lang='lat' dir='ltr'>Br.</span> <span class='ocrx_word' id='word_1_352' title='bbox 537 2144 578 2174; x_wconf 84' lang='lat' dir='ltr'>Te</span> <span class='ocrx_word' id='word_1_353' title='bbox 599 2145 736 2183; x_wconf 83' lang='lat' dir='ltr'>potuisse</span> <span class='ocrx_word' id='word_1_354' title='bbox 756 2154 884 2183; x_wconf 82' lang='lat' dir='ltr'>surgere</span> <span class='ocrx_word' id='word_1_355' title='bbox 910 2150 986 2184; x_wconf 80' lang='lat' dir='ltr'>post</span> <span class='ocrx_word' id='word_1_356' title='bbox 1013 2145 1072 2175; x_wconf 86' lang='lat' dir='ltr'>bib.</span> <span class='ocrx_word' id='word_1_357' title='bbox 1098 2145 1214 2176; x_wconf 80' lang='lat' dir='ltr'>Guelf.</span> <span class='ocrx_word' id='word_1_358' title='bbox 1234 2148 1265 2176; x_wconf 86' lang='lat'>3.</span> <span class='ocrx_word' id='word_1_359' title='bbox 1311 2145 1453 2177; x_wconf 83' lang='lat' dir='ltr'>Botbius</span> <span class='ocrx_word' id='word_1_360' title='bbox 1478 2147 1576 2188; x_wconf 79' lang='lat' dir='ltr'>legit,</span> 
     </span>
     <span class='ocr_line' id='line_1_36' title="bbox 121 2184 1576 2228; baseline 0.005 -14"><span class='ocrx_word' id='word_1_361' title='bbox 121 2184 169 2215; x_wconf 77' lang='lat' dir='ltr'>nil</span> <span class='ocrx_word' id='word_1_362' title='bbox 197 2185 375 2216; x_wconf 55' lang='lat' dir='ltr'>minua—9</span> <span class='ocrx_word' id='word_1_363' title='bbox 412 2186 516 2216; x_wconf 89' lang='lat' dir='ltr'>Bent.</span> <span class='ocrx_word' id='word_1_364' title='bbox 551 2186 642 2216; x_wconf 78' lang='lat' dir='ltr'>Peri.</span> <span class='ocrx_word' id='word_1_365' title='bbox 668 2187 771 2218; x_wconf 83' lang='lat' dir='ltr'>Both.</span> <span class='ocrx_word' id='word_1_366' title='bbox 800 2188 878 2228; x_wconf 89' lang='lat' dir='ltr'>Bip.</span> <span class='ocrx_word' id='word_1_367' title='bbox 908 2188 1032 2228; x_wconf 83' lang='lat' dir='ltr'>Delph.</span> <span class='ocrx_word' id='word_1_368' title='bbox 1084 2188 1154 2226; x_wconf 77' lang='lat' dir='ltr'>Nil,</span> <span class='ocrx_word' id='word_1_369' title='bbox 1185 2192 1403 2219; x_wconf 81' lang='lat' dir='ltr'>narras?——ll</span> <span class='ocrx_word' id='word_1_370' title='bbox 1428 2189 1514 2221; x_wconf 84' lang='lat' dir='ltr'>Mss.</span> <span class='ocrx_word' id='word_1_371' title='bbox 1539 2196 1576 2221; x_wconf 91' lang='lat' dir='ltr'>et</span> 
     </span>
     <span class='ocr_line' id='line_1_37' title="bbox 122 2227 1574 2268; baseline 0.004 -11"><span class='ocrx_word' id='word_1_372' title='bbox 122 2227 206 2258; x_wconf 86' lang='lat' dir='ltr'>editi</span> <span class='ocrx_word' id='word_1_373' title='bbox 221 2227 374 2268; x_wconf 80' lang='lat' dir='ltr'>quidam:</span> <span class='ocrx_word' id='word_1_374' title='bbox 402 2228 517 2259; x_wconf 70' lang='lat' dir='ltr'>Faceta</span> <span class='ocrx_word' id='word_1_375' title='bbox 533 2229 597 2259; x_wconf 76' lang='lat' dir='ltr'>haec</span> <span class='ocrx_word' id='word_1_376' title='bbox 612 2235 657 2260; x_wconf 78' lang='lat' dir='ltr'>esc</span> <span class='ocrx_word' id='word_1_377' title='bbox 672 2240 712 2260; x_wconf 88' lang='lat' dir='ltr'>m.</span> <span class='ocrx_word' id='word_1_378' title='bbox 735 2231 842 2261; x_wconf 80' lang='lat' dir='ltr'>west.</span> <span class='ocrx_word' id='word_1_379' title='bbox 888 2230 897 2246; x_wconf 93' lang='lat'>‘</span> <span class='ocrx_word' id='word_1_380' title='bbox 914 2230 1007 2267; x_wconf 78' lang='lat' dir='ltr'>Sane,</span> <span class='ocrx_word' id='word_1_381' title='bbox 1023 2231 1104 2261; x_wconf 82' lang='lat' dir='ltr'>idem</span> <span class='ocrx_word' id='word_1_382' title='bbox 1119 2231 1184 2261; x_wconf 80' lang='lat' dir='ltr'>visa</span> <span class='ocrx_word' id='word_1_383' title='bbox 1201 2230 1242 2261; x_wconf 84' lang='lat' dir='ltr'>&#39;st</span> <span class='ocrx_word' id='word_1_384' title='bbox 1256 2232 1344 2262; x_wconf 86' lang='lat' dir='ltr'>mihi.</span> <span class='ocrx_word' id='word_1_385' title='bbox 1382 2232 1485 2262; x_wconf 73' lang='lat' dir='ltr'>Varie</span> <span class='ocrx_word' id='word_1_386' title='bbox 1502 2233 1574 2264; x_wconf 78' lang='lat' dir='ltr'>liaee</span> 
     </span>
     <span class='ocr_line' id='line_1_38' title="bbox 121 2270 1575 2310; baseline 0.005 -10"><span class='ocrx_word' id='word_1_387' title='bbox 121 2270 292 2310; x_wconf 83' lang='lat' dir='ltr'>leguntur.</span> <span class='ocrx_word' id='word_1_388' title='bbox 336 2271 500 2310; x_wconf 85' lang='lat' dir='ltr'>Expressi</span> <span class='ocrx_word' id='word_1_389' title='bbox 529 2277 641 2302; x_wconf 84' lang='lat' dir='ltr'>autem</span> <span class='ocrx_word' id='word_1_390' title='bbox 667 2272 832 2303; x_wconf 87' lang='lat' dir='ltr'>editiones</span> <span class='ocrx_word' id='word_1_391' title='bbox 852 2273 903 2304; x_wconf 88' lang='lat' dir='ltr'>St.</span> <span class='ocrx_word' id='word_1_392' title='bbox 925 2278 962 2304; x_wconf 82' lang='lat' dir='ltr'>et</span> <span class='ocrx_word' id='word_1_393' title='bbox 978 2273 1057 2304; x_wconf 89' lang='lat' dir='ltr'>Ald.</span> <span class='ocrx_word' id='word_1_394' title='bbox 1076 2283 1152 2303; x_wconf 87' lang='lat' dir='ltr'>cum</span> <span class='ocrx_word' id='word_1_395' title='bbox 1170 2273 1243 2304; x_wconf 80' lang='lat' dir='ltr'>EA.</span> <span class='ocrx_word' id='word_1_396' title='bbox 1258 2274 1355 2306; x_wconf 88' lang='lat' dir='ltr'>Junt.</span> <span class='ocrx_word' id='word_1_397' title='bbox 1403 2275 1470 2306; x_wconf 77' lang='lat' dir='ltr'>CH.</span> <span class='ocrx_word' id='word_1_398' title='bbox 1493 2275 1575 2307; x_wconf 81' lang='lat' dir='ltr'>Sane</span> 
     </span>
     <span class='ocr_line' id='line_1_39' title="bbox 121 2313 1575 2357; baseline 0.005 -14"><span class='ocrx_word' id='word_1_399' title='bbox 121 2314 202 2343; x_wconf 77' lang='lat' dir='ltr'>idem</span> <span class='ocrx_word' id='word_1_400' title='bbox 216 2313 283 2344; x_wconf 78' lang='lat' dir='ltr'>visa</span> <span class='ocrx_word' id='word_1_401' title='bbox 298 2317 344 2344; x_wconf 82' lang='lat' dir='ltr'>est</span> <span class='ocrx_word' id='word_1_402' title='bbox 365 2313 434 2344; x_wconf 79' lang='lat' dir='ltr'>tibi.</span> <span class='ocrx_word' id='word_1_403' title='bbox 481 2313 580 2353; x_wconf 79' lang='lat' dir='ltr'>Aliae,</span> <span class='ocrx_word' id='word_1_404' title='bbox 609 2316 677 2346; x_wconf 80' lang='lat' dir='ltr'>CH.</span> <span class='ocrx_word' id='word_1_405' title='bbox 705 2315 798 2346; x_wconf 75' lang='lat' dir='ltr'>Sane.</span> <span class='ocrx_word' id='word_1_406' title='bbox 843 2315 907 2346; x_wconf 74' lang='lat' dir='ltr'>SY.</span> <span class='ocrx_word' id='word_1_407' title='bbox 931 2316 1019 2347; x_wconf 85' lang='lat' dir='ltr'>Idem</span> <span class='ocrx_word' id='word_1_408' title='bbox 1044 2317 1111 2346; x_wconf 82' lang='lat' dir='ltr'>visa</span> <span class='ocrx_word' id='word_1_409' title='bbox 1136 2321 1182 2346; x_wconf 84' lang='lat' dir='ltr'>est</span> <span class='ocrx_word' id='word_1_410' title='bbox 1203 2316 1286 2347; x_wconf 83' lang='lat' dir='ltr'>tibi?</span> <span class='ocrx_word' id='word_1_411' title='bbox 1330 2317 1414 2348; x_wconf 87' lang='lat' dir='ltr'>Mss.</span> <span class='ocrx_word' id='word_1_412' title='bbox 1441 2319 1575 2357; x_wconf 85' lang='lat' dir='ltr'>plurimi</span> 
     </span>
     <span class='ocr_line' id='line_1_40' title="bbox 121 2354 1575 2400; baseline 0.004 -15"><span class='ocrx_word' id='word_1_413' title='bbox 121 2354 256 2386; x_wconf 84' lang='lat' dir='ltr'>firmant</span> <span class='ocrx_word' id='word_1_414' title='bbox 270 2356 467 2395; x_wconf 85' lang='lat' dir='ltr'>lectionem,</span> <span class='ocrx_word' id='word_1_415' title='bbox 492 2367 590 2397; x_wconf 85' lang='lat' dir='ltr'>qnam</span> <span class='ocrx_word' id='word_1_416' title='bbox 608 2357 763 2388; x_wconf 80' lang='lat' dir='ltr'>exhibeo.</span> <span class='ocrx_word' id='word_1_417' title='bbox 811 2358 948 2389; x_wconf 82' lang='lat' dir='ltr'>Praeter</span> <span class='ocrx_word' id='word_1_418' title='bbox 964 2359 1129 2389; x_wconf 77' lang='lat' dir='ltr'>rationem</span> <span class='ocrx_word' id='word_1_419' title='bbox 1148 2364 1259 2390; x_wconf 84' lang='lat' dir='ltr'>autem</span> <span class='ocrx_word' id='word_1_420' title='bbox 1278 2359 1434 2400; x_wconf 88' lang='lat' dir='ltr'>Guyetus</span> <span class='ocrx_word' id='word_1_421' title='bbox 1449 2360 1487 2390; x_wconf 79' lang='grc' dir='ltr'>τὸ</span> <span class='ocrx_word' id='word_1_422' title='bbox 1502 2371 1575 2392; x_wconf 76' lang='lat' dir='ltr'>saue</span> 
     </span>
     <span class='ocr_line' id='line_1_41' title="bbox 119 2399 1573 2444; baseline 0.005 -15"><span class='ocrx_word' id='word_1_423' title='bbox 119 2407 189 2429; x_wconf 89' lang='lat' dir='ltr'>non</span> <span class='ocrx_word' id='word_1_424' title='bbox 205 2399 380 2430; x_wconf 86' lang='lat' dir='ltr'>Chremeti</span> <span class='ocrx_word' id='word_1_425' title='bbox 397 2399 528 2440; x_wconf 83' lang='lat' dir='ltr'>tribuit,</span> <span class='ocrx_word' id='word_1_426' title='bbox 551 2400 610 2431; x_wconf 89' lang='lat' dir='ltr'>sed</span> <span class='ocrx_word' id='word_1_427' title='bbox 636 2401 734 2442; x_wconf 83' lang='lat' dir='ltr'>Syro.</span> <span class='ocrx_word' id='word_1_428' title='bbox 782 2401 883 2432; x_wconf 90' lang='lat' dir='ltr'>Licet</span> <span class='ocrx_word' id='word_1_429' title='bbox 910 2402 996 2432; x_wconf 87' lang='lat' dir='ltr'>enim</span> <span class='ocrx_word' id='word_1_430' title='bbox 1023 2401 1164 2432; x_wconf 78' lang='lat' dir='ltr'>formam</span> <span class='ocrx_word' id='word_1_431' title='bbox 1188 2403 1307 2443; x_wconf 85' lang='lat' dir='ltr'>minus,</span> <span class='ocrx_word' id='word_1_432' title='bbox 1324 2408 1419 2434; x_wconf 85' lang='lat' dir='ltr'>certe</span> <span class='ocrx_word' id='word_1_433' title='bbox 1435 2404 1573 2444; x_wconf 84' lang='lat' dir='ltr'>quidem</span> 
     </span>
    </p>
   </div>
   <div class='ocr_carea' id='block_1_8' title="bbox 774 2509 917 2542">
    <p class='ocr_par' dir='ltr' id='par_1_17' title="bbox 774 2509 917 2542">
     <span class='ocr_line' id='line_1_42' title="bbox 774 2509 917 2542; baseline 0.007 -1"><span class='ocrx_word' id='word_1_434' title='bbox 774 2509 917 2542; x_wconf 87' lang='lat' dir='ltr'>NOTAE</span> 
     </span>
    </p>
   </div>
   <div class='ocr_carea' id='block_1_9' title="bbox 119 2570 1574 2817">
    <p class='ocr_par' dir='ltr' id='par_1_18' title="bbox 119 2570 1574 2817">
     <span class='ocr_line' id='line_1_43' title="bbox 164 2570 1573 2618; baseline 0.006 -16"><span class='ocrx_word' id='word_1_435' title='bbox 164 2574 205 2603; x_wconf 90' lang='grc'>10</span> <span class='ocrx_word' id='word_1_436' title='bbox 226 2570 351 2612; x_wconf 69' lang='lat' dir='ltr'>Aquila?</span> <span class='ocrx_word' id='word_1_437' title='bbox 364 2572 516 2613; x_wconf 77' lang='lat' dir='ltr'>senectus]</span> <span class='ocrx_word' id='word_1_438' title='bbox 539 2574 766 2606; x_wconf 85' lang='lat' dir='ltr'>Proverbium</span> <span class='ocrx_word' id='word_1_439' title='bbox 784 2576 818 2607; x_wconf 91' lang='lat' dir='ltr'>in</span> <span class='ocrx_word' id='word_1_440' title='bbox 874 2585 940 2607; x_wconf 88' lang='lat' dir='ltr'>non</span> <span class='ocrx_word' id='word_1_441' title='bbox 967 2580 1092 2617; x_wconf 86' lang='lat' dir='ltr'>queat;</span> <span class='ocrx_word' id='word_1_442' title='bbox 1117 2585 1226 2617; x_wconf 81' lang='lat' dir='ltr'>eoque</span> <span class='ocrx_word' id='word_1_443' title='bbox 1251 2575 1408 2618; x_wconf 83' lang='lat' dir='ltr'>Aquilam</span> <span class='ocrx_word' id='word_1_444' title='bbox 1439 2582 1573 2612; x_wconf 86' lang='lat' dir='ltr'>tantum</span> 
     </span>
     <span class='ocr_line' id='line_1_44' title="bbox 120 2621 1574 2668; baseline 0.006 -16"><span class='ocrx_word' id='word_1_445' title='bbox 120 2631 230 2659; x_wconf 86' lang='lat' dir='ltr'>senes,</span> <span class='ocrx_word' id='word_1_446' title='bbox 245 2621 301 2663; x_wconf 82' lang='lat' dir='ltr'>qui</span> <span class='ocrx_word' id='word_1_447' title='bbox 327 2622 400 2661; x_wconf 80' lang='lat' dir='ltr'>plus</span> <span class='ocrx_word' id='word_1_448' title='bbox 417 2622 551 2663; x_wconf 88' lang='lat' dir='ltr'>bibunt,</span> <span class='ocrx_word' id='word_1_449' title='bbox 577 2634 675 2665; x_wconf 86' lang='lat' dir='ltr'>quam</span> <span class='ocrx_word' id='word_1_450' title='bbox 699 2625 817 2657; x_wconf 90' lang='lat' dir='ltr'>edunt.</span> <span class='ocrx_word' id='word_1_451' title='bbox 874 2626 908 2656; x_wconf 92' lang='lat' dir='ltr'>in</span> <span class='ocrx_word' id='word_1_452' title='bbox 925 2632 1067 2657; x_wconf 85' lang='lat' dir='ltr'>senecta</span> <span class='ocrx_word' id='word_1_453' title='bbox 1082 2626 1211 2666; x_wconf 86' lang='lat' dir='ltr'>bibere,</span> <span class='ocrx_word' id='word_1_454' title='bbox 1235 2632 1293 2658; x_wconf 88' lang='lat' dir='ltr'>aut</span> <span class='ocrx_word' id='word_1_455' title='bbox 1309 2627 1351 2658; x_wconf 91' lang='lat' dir='ltr'>de</span> <span class='ocrx_word' id='word_1_456' title='bbox 1369 2629 1484 2668; x_wconf 83' lang='lat' dir='ltr'>praeda</span> <span class='ocrx_word' id='word_1_457' title='bbox 1501 2640 1574 2661; x_wconf 89' lang='lat' dir='ltr'>san-</span> 
     </span>
     <span class='ocr_line' id='line_1_45' title="bbox 120 2671 1571 2722; baseline 0.007 -20"><span class='ocrx_word' id='word_1_458' title='bbox 120 2671 241 2704; x_wconf 85' lang='lat' dir='ltr'>Refert</span> <span class='ocrx_word' id='word_1_459' title='bbox 267 2672 355 2703; x_wconf 87' lang='lat' dir='ltr'>enim</span> <span class='ocrx_word' id='word_1_460' title='bbox 383 2672 516 2704; x_wconf 83' lang='lat' dir='ltr'>Plinius</span> <span class='ocrx_word' id='word_1_461' title='bbox 546 2674 604 2705; x_wconf 91' lang='lat' dir='ltr'>lib.</span> <span class='ocrx_word' id='word_1_462' title='bbox 631 2684 666 2705; x_wconf 89' lang='lat' dir='ltr'>x.</span> <span class='ocrx_word' id='word_1_463' title='bbox 693 2684 770 2715; x_wconf 90' lang='lat' dir='ltr'>cap.</span> <span class='ocrx_word' id='word_1_464' title='bbox 787 2678 817 2707; x_wconf 84' lang='lat'>3.</span> <span class='ocrx_word' id='word_1_465' title='bbox 872 2676 1006 2716; x_wconf 80' lang='lat' dir='ltr'>guinem</span> <span class='ocrx_word' id='word_1_466' title='bbox 1023 2687 1153 2718; x_wconf 85' lang='lat' dir='ltr'>sugere,</span> <span class='ocrx_word' id='word_1_467' title='bbox 1170 2677 1258 2708; x_wconf 88' lang='lat' dir='ltr'>unde</span> <span class='ocrx_word' id='word_1_468' title='bbox 1283 2678 1357 2719; x_wconf 87' lang='lat' dir='ltr'>plus</span> <span class='ocrx_word' id='word_1_469' title='bbox 1375 2678 1459 2711; x_wconf 81' lang='lat' dir='ltr'>bibit</span> <span class='ocrx_word' id='word_1_470' title='bbox 1472 2690 1571 2722; x_wconf 82' lang='lat' dir='ltr'>quam</span> 
     </span>
     <span class='ocr_line' id='line_1_46' title="bbox 120 2723 1031 2765; baseline 0.004 -12"><span class='ocrx_word' id='word_1_471' title='bbox 120 2723 215 2755; x_wconf 89' lang='lat' dir='ltr'>Hist.</span> <span class='ocrx_word' id='word_1_472' title='bbox 229 2723 374 2764; x_wconf 81' lang='lat' dir='ltr'>aquilam</span> <span class='ocrx_word' id='word_1_473' title='bbox 391 2723 481 2755; x_wconf 79' lang='lat' dir='ltr'>fame</span> <span class='ocrx_word' id='word_1_474' title='bbox 496 2726 594 2764; x_wconf 85' lang='lat' dir='ltr'>mori,</span> <span class='ocrx_word' id='word_1_475' title='bbox 611 2725 697 2756; x_wconf 82' lang='lat' dir='ltr'>adeo</span> <span class='ocrx_word' id='word_1_476' title='bbox 713 2735 814 2765; x_wconf 88' lang='lat' dir='ltr'>supe·</span> <span class='ocrx_word' id='word_1_477' title='bbox 872 2727 1031 2759; x_wconf 86' lang='lat' dir='ltr'>comedit.</span> 
     </span>
     <span class='ocr_line' id='line_1_47' title="bbox 119 2774 814 2817; baseline 0.003 -12"><span class='ocrx_word' id='word_1_478' title='bbox 119 2774 208 2806; x_wconf 83' lang='lat' dir='ltr'>riore</span> <span class='ocrx_word' id='word_1_479' title='bbox 233 2779 452 2806; x_wconf 83' lang='lat' dir='ltr'>accrescente</span> <span class='ocrx_word' id='word_1_480' title='bbox 480 2781 601 2816; x_wconf 80' lang='lat' dir='ltr'>rostro,</span> <span class='ocrx_word' id='word_1_481' title='bbox 627 2781 664 2807; x_wconf 86' lang='lat' dir='ltr'>ut</span> <span class='ocrx_word' id='word_1_482' title='bbox 689 2776 814 2817; x_wconf 82' lang='lat' dir='ltr'>aperiri</span> 
     </span>
    </p>
   </div>
  </div>
 </body>
</html>
