1966 3302
310 198 396 242 938
791 209 830 239 P.
863 207 1108 239 'rEREN'ru
1147 208 1174 238 A
1185 208 1266 239 rm

309 305 450 347 Hem!
482 305 598 346 istuc
619 316 774 355 serva3
806 309 850 345 et
868 304 1047 346 verbum
1076 304 1227 353 verbo,
1255 315 1338 357 par
1369 302 1466 356 pari
1497 305 1546 344 ut
1579 313 1762 355 respon-

481 373 602 421 deas,
1709 370 1767 410 35

310 439 383 480 Ne
404 443 447 480 te
470 440 607 479 iratus
627 438 721 477 suis
744 436 969 478 saevidicis
990 437 1121 478 dictis
1141 437 1341 490 protelet.
1400 435 1497 477 AN.
1527 436 1650 477 Scio.

311 506 403 547 GE,
436 505 494 546 Vi
513 510 719 546 coactum
739 508 781 544 te
802 516 904 544 esse
926 504 1128 553 invitum,
1151 503 1265 555 lege,
1279 501 1482 556 judicio:
1513 506 1634 543 tenes
1652 502 1672 542 'l

311 572 398 613 Sed
422 571 523 625 quis
544 572 614 612 hic
635 576 706 612 est
727 583 880 621 seneX,
902 583 1034 624 quem
1055 569 1186 611 video
1207 570 1252 610 in
1271 569 1430 610 ultima
1447 569 1595 623 platea
1608 571 1627 610 ’ἒ
1669 567 1765 610 ΑΝ.

481 639 616 692 Ipsus
637 642 705 680 est
722 652 732 679 :

312 706 417 747 Non
437 719 621 759 possum
644 705 821 747 adesse.
880 704 970 747 GE.
1000 703 1101 747 Ah!
1132 704 1241 759 quid
1262 704 1395 757 agis?
1427 717 1516 758 quo
1538 704 1652 755 abis,
1675 704 1768 746 An-

485 774 636 827 tipho?
668 786 809 823 mane,
1677 824 1680 825 ⁷

313 841 464 890 Mane,
485 840 680 893 inquam.
732 841 826 880 AN.
848 839 1037 892 Egomet
1056 852 1126 880 me
1144 839 1266 888 novi,
1283 842 1327 879 et
1342 842 1576 892 peccatum
1596 851 1765 880 meum:

311 908 459 950 Vobis
482 906 746 948 commendo
771 906 1008 957 Phanium,
1028 911 1072 948 et
1092 907 1227 948 vitam
1247 919 1405 948 meam.
1710 905 1768 946 41

311 976 449 1017 PHAE.
482 975 612 1026 Geta,
635 975 742 1028 quid
761 988 880 1016 nunc
903 975 1012 1016 fiet‘l
1073 975 1163 1016 GE.
1193 974 1262 1016 Tu
1277 974 1372 1028 jam
1390 973 1493 1015 lites
1512 973 1696 1015 audies:

308 1044 402 1096 Ego
421 1043 589 1096 plectar
611 1043 822 1096 pendens,
859 1042 946 1084 nisi
968 1042 1076 1097 quid
1095 1055 1165 1085 me
1184 1042 1404 1084 fefellerit.

310 1111 402 1152 Sed
430 1111 548 1165 quod
570 1111 704 1152 modo
726 1111 797 1152 hic
817 1123 899 1152 nos
918 1109 1227 1164 Antiphonem
1246 1109 1511 1160 monuimus,

310 1179 364 1219 Id
386 1183 559 1219 nosmet
578 1179 703 1232 ipsos
724 1178 872 1220 facere
894 1183 1084 1233 oportet,
1104 1178 1332 1221 Phaedria.
1712 1177 1770 1218 45

310 1245 447 1287 PHAE.
481 1245 617 1286 Auser
635 1246 740 1286 mihi
758 1259 770 1298 ;
804 1251 1012 1300 oportet:
1034 1247 1143 1300 quin
1162 1249 1225 1295 tu,
1243 1245 1364 1300 quod
1386 1244 1567 1295 faciam,
1585 1244 1770 1300 impera.

309 1384 340 1412 et
355 1381 574 1414 vehementium
588 1381 690 1422 patris
715 1381 748 1412 z'n
772 1390 923 1420 sermone,
939 1381 1011 1421 pari
1026 1382 1215 1413 vehementia
1230 1381 1366 1420 imitare,
1380 1384 1411 1412 et
1425 1379 1542 1412 similia
1555 1379 1648 1411 verba
1661 1379 1773 1410 simili-

313 1424 366 1454 bus
381 1425 507 1464 subjice,
523 1436 560 1456 ne
576 1429 604 1455 te
619 1425 668 1455 ira
683 1424 833 1455 incitatus
846 1424 1001 1455 atrocibus
1016 1428 1046 1455 et
1061 1424 1177 1464 aspevis
1190 1424 1256 1455 suis
1270 1424 1364 1455 dictis
1376 1423 1544 1464 perturbet.
1579 1422 1650 1454 AN.
1673 1423 1773 1453 Intel-

307 1467 351 1505 lig
358 1478 385 1499 o.
411 1468 479 1499 GE.
504 1469 708 1508 Respondete
720 1467 752 1498 vi
766 1467 954 1507 compulsum
966 1477 985 1498 a
999 1466 1257 1506 lege,judicibus‚
1269 1469 1298 1498 et
1311 1469 1427 1506 proeter
1440 1466 1631 1497 voluntatem
1644 1475 1772 1496 uxorem

311 1510 445 1541 duxisse.
491 1510 545 1541 An
571 1509 745 1548 intelligis?
773 1509 900 1549 Veram,
923 1510 991 1549 quis
1015 1509 1065 1540 hic
1086 1519 1181 1540 senex
1210 1514 1268 1549 est,
1294 1518 1383 1549 quem
1403 1508 1555 1548 conspicio
1576 1507 1610 1539 in
1632 1511 1773 1538 extrema

308 1552 420 1591 platece
432 1551 547 1593 parte?
591 1552 657 1583 AN.
681 1552 782 1583 Pater
804 1552 869 1591 ipse
890 1556 948 1591 est,
970 1562 1031 1582 non
1051 1561 1174 1591 possum
1195 1552 1246 1583 hi«,-
1266 1561 1403 1592 praesens
1425 1559 1557 1581 manere.
1601 1550 1670 1581 GE.
1696 1548 1773 1580 Ah!

311 1596 386 1633 quid
402 1595 492 1633 agis?
515 1605 572 1636 quo
597 1595 676 1634 abis,
707 1594 866 1635 Antipho?
888 1604 989 1634 mane,
1014 1603 1116 1634 mane,
1141 1595 1276 1635 inquam.
1321 1592 1392 1625 AN.
1419 1594 1552 1632 Egomet
1572 1602 1621 1624 me
1641 1592 1726 1629 novi,
1742 1595 1773 1623 et

311 1639 431 1678 culpam
446 1648 543 1668 meam
555 1649 566 1674 ;
589 1647 658 1678 quat
672 1638 731 1668 duo
745 1647 792 1668 me
807 1637 951 1668 timidum
958 1637 1098 1675 faciunt.
1146 1637 1239 1669 Vobis
1253 1637 1426 1667 commendo
1440 1635 1609 1671 Phanium,
1629 1638 1660 1666 et
1675 1635 1773 1666 vitam

312 1690 420 1711 meum.
456 1681 524 1711 PH.
551 1681 645 1715 Geta,
662 1679 736 1720 quid
751 1689 830 1711 nunc
845 1679 999 1721 nobisfiet
1011 1679 1027 1711 ’.θ
1066 1679 1134 1711 GE.
1161 1679 1286 1718 Tujam
1300 1679 1401 1709 verbis
1415 1677 1534 1709 acerbis
1548 1677 1776 1716 objurgaberis‚

313 1732 370 1760 ego
383 1725 519 1762 pendens
534 1724 634 1762 virgis
657 1722 849 1762 verbm-abor,
874 1722 937 1753 nisi
961 1732 1008 1754 me
1027 1723 1115 1753 valde
1122 1722 1214 1760 fallit
1230 1721 1334 1762 opinio
1351 1732 1361 1752 .·
1384 1722 1438 1751 sed
1460 1730 1527 1760 quae
1550 1721 1637 1751 modo
1652 1720 1702 1750 hic
1717 1730 1773 1750 nos

312 1765 487 1805 Antiphoni
511 1766 722 1806 praecepimus,
751 1774 788 1796 ea
815 1765 1017 1805 nosmetipsos
1045 1765 1156 1806 exequi
1183 1768 1313 1805 oportet.
1359 1763 1430 1794 ΡΗ.
1456 1763 1554 1794 Mitte
1569 1763 1624 1793 hoc
1639 1762 1774 1798 verbum,

313 1812 452 1847 oporte&
471 1808 575 1850 potius
600 1818 686 1840 mone
708 1808 787 1849 quod
811 1807 887 1839 mihi
899 1808 1083 1847 faciendum
1098 1818 1162 1840 esse
1177 1817 1303 1839 censes.-
1325 1816 1397 1838 nam
1417 1809 1523 1847 sponte
1546 1808 1576 1836 et
1591 1805 1722 1837 libenter
1736 1814 1774 1836 ea

933 1904 1171 1918 Ommn

313 1981 359 2012 sic
373 1979 387 2012 3
411 1980 470 2011 Sat
485 1980 553 2012 est!
576 1980 682 2012 Satin’
698 1985 744 2013 est
760 1981 828 2013 sic?
851 1981 944 2014 Perl.
988 1981 1100 2014 Satine
1114 1983 1160 2014 sic
1175 1986 1244 2014 est?
1268 2005 1276 2014 .
1290 2002 1299 2011 .
1312 2003 1320 2012 .
1343 1979 1580 2020 Propemodum.
1607 1977 1692 2013 Quid
1705 1977 1774 2009 sic?

315 2024 476 2062 Βὴλ-35
502 2024 623 2055 Mallet
638 2025 728 2065 Guy.
742 2029 776 2055 ut
794 2025 920 2056 verbum
935 2025 1038 2064 verbo,
1056 2035 1117 2066 par
1128 2028 1200 2067 pari
1214 2029 1249 2056 ut
1264 2024 1458 2065 respondeas.
1503 2021 1590 2052 Edd.
1606 2021 1773 2062 probatis-

315 2067 409 2096 simae
427 2067 521 2106 quasi
539 2077 639 2097 unum
653 2067 840 2098 membrum
858 2067 1036 2108 exhibent,
1062 2070 1183 2100 omisso
1204 2067 1359 2106 κόμματος
1375 2066 1483 2106 signo,
1509 2068 1628 2095 contra
1646 2063 1775 2095 Donati

315 2110 530 2148 sententiam,
546 2119 645 2150 quam
663 2115 800 2141 secutus
817 2120 904 2141 sum.
926 2110 1026 2142 West.
1071 2111 1151 2142 Sine
1167 2115 1335 2142 commate
1351 2109 1436 2149 legit
1448 2109 1597 2138 Br.—36
1612 2106 1702 2137 Mire
1718 2116 1774 2138 va-

316 2152 405 2181 riant
432 2151 523 2191 libri,
544 2152 699 2183 soevidicis
723 2152 829 2191 dictis,
855 2152 947 2183 saevz's
959 2154 1065 2192 dictis,
1080 2153 1262 2192 scevidictis,
1277 2151 1426 2183 senidicis
1439 2149 1533 2181 dictis
1557 2148 1774 2182 exhibentes.

322 2193 424 2224 lVest.
472 2195 520 2225 Ne
536 2197 565 2225 te
580 2195 681 2225 iratus
695 2196 760 2226 suis
774 2196 864 2227 soevz's
878 2196 984 2227 dictis.
1030 2195 1073 2226 In
1094 2196 1248 2228 omnibus
1274 2193 1421 2234 antiquis
1446 2192 1556 2231 libris,
1583 2195 1620 2222 et
1644 2191 1775 2232 aliquot

318 2237 529 2271 recentibus,
555 2237 637 2268 item
656 2237 746 2278 apud
770 2239 839 2269 Do.
868 2238 1003 2279 legitur,
1026 2239 1092 2270 suis
1114 2239 1269 2270 soevidicis
1289 2237 1405 2268 dictis.-
1429 2240 1468 2267 ut
1489 2240 1524 2266 et
1548 2233 1635 2265 ratio
1657 2243 1774 2266 versus

316 2279 486 2318 exposcit.
509 2279 568 2310 Fa.
614 2280 735 2311 Nostri
751 2290 888 2322 quoque
902 2281 1067 2312 soevidz'cis.
1084 2282 1186 2313 Bent.
1233 2281 1334 2312 Soevis
1349 2279 1452 2310 dictis.
1479 2287 1521 2308 ex
1547 2278 1614 2308 Do.
1639 2280 1675 2308 et
1689 2277 1775 2309 Mss.

317 2321 496 2360 legendum
515 2327 567 2352 est
580 2322 761 2353 soevidictis.
776 2323 819 2355 R.
834 2325 882 2355 D.
927 2323 1093 2355 Saeviaicz's
1107 2325 1238 2364 protelet
1264 2323 1356 2353 Perl.
1402 2319 1566 2351 Soevidicis
1580 2318 1675 2350 dictis
1687 2319 1775 2351 GM.

319 2363 369 2394 Ne
385 2365 449 2394 suis
460 2367 491 2395 te
503 2364 604 2395 iratus
616 2365 787 2397 saevidictis
800 2376 830 2406 p.
848 2366 974 2406 Delph.
997 2366 1006 2383 ‘
1022 2366 1120 2397 Alias
1134 2366 1290 2397 saevidicis
1304 2364 1406 2396 verbis
1426 2373 1458 2403 p.
1477 2367 1512 2393 et
1526 2361 1682 2393 saevidicis
1696 2371 1774 2402 pos—

317 2406 406 2436 tulat
423 2406 583 2437 carmen!
612 2408 759 2439 lim—37
783 2408 901 2440 Guelf.
916 2411 948 2439 2.
965 2418 1032 2440 non
1053 2409 1157 2440 habet
1173 2418 1237 2440 esse
1259 2407 1402 2438 ‘int-itum.
1446 2405 1487 2436 In
1504 2407 1536 2435 3.
1551 2406 1775 2436 tenesne.-39

319 2449 368 2478 M.
385 2447 483 2488 quid?
505 2449 602 2488 quid?
625 2450 702 2489 abis,
716 2450 883 2490 Antipho?
927 2451 1008 2482 Wit.
1032 2451 1097 2489 Ah,
1113 2451 1187 2492 quid
1201 2452 1272 2482 ais?
1294 2459 1351 2489 quo
1365 2448 1443 2485 abis,
1463 2447 1604 2486 Antipho
1615 2450 1628 2477 ?
1671 2446 1773 2477 Prius

316 2500 405 2521 mane
421 2491 519 2522 abest
533 2501 552 2522 a
569 2492 612 2523 G.
639 2493 740 2524 West.
788 2494 857 2529 Quo
871 2493 939 2524 abis
953 2493 1116 2534 Antipho?
1142 2493 1245 2533 mane]
1266 2492 1308 2522 Τὸ
1334 2501 1422 2522 mane
1448 2491 1480 2521 in
1505 2489 1573 2520 fine
1590 2489 1688 2529 hujus
1700 2498 1775 2520 ver-

318 2543 373 2562 sus
391 2533 542 2565 delemus
558 2544 601 2565 ex
619 2536 822 2566 auctoritate
839 2535 915 2566 libri
933 2536 1091 2567 Bembini
1109 2540 1144 2566 et
1159 2535 1340 2567 Vaticani:
1359 2535 1537 2574 ipsumque
1554 2541 1687 2562 versum
1703 2541 1774 2562 sus-

319 2580 500 2611 tentamus,
519 2580 556 2607 ut
571 2577 606 2607 in
622 2588 679 2617 qao
694 2578 762 2608 abis
777 2588 841 2608 non
856 2578 915 2609 fiat
930 2579 1139 2619 synaloepha.
1163 2579 1224 2610 Fa.
1270 2577 1301 2608 A
1318 2577 1448 2607 duobus
1465 2575 1590 2605 nostris
1607 2574 1775 2614 primariis

320 2617 416 2648 abest
438 2628 536 2649 mane.
562 2619 665 2650 Bent.
712 2621 808 2651 Mane
824 2620 918 2651 abest
941 2621 1042 2652 Both.
1089 2621 1174 2656 Quid
1189 2621 1237 2652 ais
1252 2620 1400 2650 Bia—42
1425 2618 1492 2649 Ms.
1510 2617 1601 2656 Lips.
1635 2615 1682 2647 Tu
1695 2626 1776 2647 nunc

309 2659 382 2697 jum
397 2660 467 2690 lites
482 2661 598 2692 audies.
615 2663 813 2693 νήει-44
841 2663 941 2694 Bodl.
959 2663 1018 2693 Br.
1036 2673 1092 2703 quo
1109 2664 1206 2694 modo.
1251 2662 1308 2693 Ita
1325 2667 1360 2692 et
1377 2660 1460 2692 GM.
1477 2667 1671 2700 perperam,
1696 2667 1776 2689 cen—

319 2705 415 2731 sente
433 2703 611 2734 Fert—46
626 2704 721 2735 Bem.
739 2708 774 2735 et
788 2704 842 2735 Vi.
856 2705 1070 2744 qnidsaciam.
1088 2706 1147 2737 Fa.
1185 2706 1342 2738 Quatuor
1358 2702 1466 2734 nostri
1480 2701 1564 2743 quid·
1580 2700 1683 2732 Bent.
1719 2701 1776 2732 Ita

320 2748 356 2774 et
372 2744 473 2775 Both.
491 2745 570 2786 ssip.
586 2746 679 2778 Perl.
725 2747 811 2779 Post
828 2746 928 2786 Auser
944 2747 1123 2789 distinguit
1138 2748 1196 2780 ΒΓ.
1221 2746 1336 2788 Auser,
1351 2745 1429 2777 mihi
1443 2754 1472 2777 ο.
1505 2742 1623 2776 Guelf.
1639 2745 1671 2776 3.
1688 2746 1775 2776 tuum
