1966 3302
550 212 765 243 HnoYRAE
799 213 908 243 Aer.
941 213 1005 242 1v.
1039 212 1108 244 so.
1142 214 1205 244 lv.
1509 203 1593 244 879

142 308 296 350 Nosne
317 307 586 348 hoccelatos
607 311 695 348 tam
715 307 792 347 diu
808 308 827 347 ’ἱ
859 321 1030 362 nequeo
1053 309 1176 358 satis,

143 375 290 426 Quam
312 375 396 416 hoc
416 374 523 415 mihi
542 373 712 414 videtur
730 374 896 415 factum
918 388 1067 428 prave,
1089 376 1306 430 proloqui.

141 443 289 484 PHID.
322 443 426 484 Non
447 442 528 483 tibi
548 442 658 482 illud
678 442 844 483 factum
864 444 1008 483 minus
1031 444 1195 497 placet,
1209 457 1341 498 quam
1363 443 1485 493 mihi,
1505 441 1594 483 La-

313 509 437 551 ches.
1537 510 1595 550 25

141 578 270 620 PAM.
300 576 485 618 Etiamsi
504 577 670 618 dudum
691 577 834 619 fuerat
860 578 1114 631 ambiguum
1135 579 1219 620 hoc
1241 579 1362 630 mihi,

142 644 276 685 Nunc
297 657 382 685 non
402 649 486 694 est,
508 658 608 685 cum
628 658 724 686 eam
746 646 1026 699 consequitur
1049 647 1218 687 alienus
1241 660 1365 701 puer.

142 712 233 753 LA.
264 711 404 753 Nulla
425 713 518 762 tibi,
540 712 789 766 Pamphile,
809 713 880 754 hic
896 713 991 767 jam
1013 715 1280 756 consultatio
1300 715 1366 756 'st.

143 780 271 822 PAM.
303 780 452 822 Perii!
512 779 599 821 LA.
631 780 764 821 Hunc
788 781 933 822 videre
954 795 1077 835 saepe
1099 783 1364 836 optabamus
1381 783 1512 833 diem,

144 849 255 890 Cum
277 862 335 889 ex
355 853 397 890 te
416 852 534 889 esset
555 848 734 902 aliquis,
756 849 831 901 qui
853 853 896 890 te
918 850 1162 903 appellaret
1184 855 1370 903 patrem.
1539 850 1598 891 30

143 917 326 959 Evenit:
357 916 500 958 habeo
521 917 708 969 gratiam
728 916 828 958 Dis.
887 917 1015 958 PAM.
1050 917 1217 959 Nullus
1241 920 1367 960 sum!

145 985 230 1027 LA.
262 984 418 1026 Reduc
439 997 640 1034 uxorem,
663 998 716 1026 ac
737 985 827 1026 noli
847 986 1077 1028 advorsari
1097 986 1220 1027 mihi.

142 1140 366 1176 prcegnantem,
381 1140 468 1168 tanto
483 1139 618 1178 tempore
633 1138 785 1168 occultare
799 1135 928 1168 debuit?
952 1138 1022 1168 Non
1035 1147 1161 1177 possum
1177 1137 1256 1168 satis
1269 1138 1372 1178 ampla
1387 1137 1526 1168 oratione
1547 1147 1603 1168 ex-

142 1180 286 1218 primere,
300 1189 391 1220 quam
404 1180 592 1216 indecenter,
606 1184 635 1210 ct
647 1189 793 1220 perverse
806 1181 838 1211 id
845 1180 970 1218 factum
984 1181 1059 1210 mihi
1075 1181 1208 1212 videtur.
1257 1181 1329 1211 PH.
1356 1181 1427 1211 Non
1443 1180 1503 1211 tibi
1523 1180 1602 1210 illud

133 1222 261 1259 factum
275 1223 376 1262 magis
390 1223 543 1263 displicet,
556 1233 644 1263 qnam
662 1223 751 1262 mihi,
772 1223 902 1254 Laches.
946 1224 1011 1254 ΡΑ.
1034 1224 1109 1254 Etsi
1121 1227 1211 1255 antea
1222 1225 1258 1254 de
1274 1224 1457 1262 reducenda,
1472 1224 1518 1253 cel
1530 1233 1605 1260 non,

142 1265 367 1308 uxore-dubius
379 1267 478 1296 animi
484 1265 632 1306 fuissem,
648 1266 723 1306 quid
734 1268 930 1297 statuendum
945 1267 1023 1296 mihi
1035 1271 1126 1306 esset,
1150 1277 1228 1297 nnnc
1239 1277 1298 1297 non
1315 1277 1381 1297 snm
1394 1276 1406 1303 ‚·
1421 1270 1539 1297 certum
1556 1269 1603 1296 est

143 1317 205 1338 non
219 1308 375 1346 reducere,
388 1318 480 1349 quum
496 1318 562 1340 eam
578 1313 707 1340 matrem
721 1309 812 1340 habet
827 1319 902 1349 puer
915 1309 952 1340 ab
967 1310 1041 1348 alio,
1052 1319 1110 1340 non
1126 1320 1143 1339 a
1159 1319 1205 1340 me
1218 1311 1354 1349 genitus.
1400 1310 1462 1340 LA.
1487 1308 1604 1339 Nullus

144 1351 204 1381 tibi
225 1361 317 1390 nunc,
343 1351 519 1392 Pamphile,
543 1353 580 1382 ‹Ie
601 1352 770 1390 rejicienda
786 1362 881 1383 uxore
895 1352 988 1383 locus.
1033 1353 1100 1383 ΡΑ.
1127 1353 1275 1383 Pei-ditas
1297 1363 1374 1383 sam.
1420 1352 1481 1383 LA.
1506 1352 1604 1382 Hunc

145 1393 244 1425 lucere
258 1404 339 1434 soepe
359 1395 442 1435 votis
460 1394 542 1425 diem
563 1395 798 1434 postulavimus,
821 1406 878 1436 quo
893 1405 933 1426 ex
948 1399 979 1426 te
993 1398 1172 1426 nasceretur
1191 1405 1270 1435 puer
1292 1396 1416 1436 aliquis
1432 1395 1485 1435 qui
1503 1398 1532 1425 te
1546 1405 1603 1434 pa-

146 1440 224 1466 trem
253 1440 393 1468 vocaret:
417 1441 541 1469 eventus
569 1438 650 1469 votis
676 1438 846 1478 respondit,
870 1438 964 1469 liabeo
983 1439 1123 1477 gratiam
1147 1439 1232 1469 Diis.
1278 1439 1344 1470 ΡΑ.
1368 1439 1494 1469 Interii.
1540 1438 1605 1468 LA.

147 1478 254 1510 Reduc
273 1489 415 1522 uxorem,
436 1484 469 1512 et
489 1480 554 1512 noli
575 1480 653 1512 milei
673 1490 856 1521 repugnare.
901 1481 970 1512 ΡΑ.
997 1482 1108 1520 Pater,
1129 1482 1157 1512 si
1181 1481 1368 1512 Philumena
1389 1482 1481 1512 vellet
1496 1480 1607 1512 habere

757 1585 998 1597 ooooooooooo

147 1666 178 1694 et
191 1662 347 1695 EP.—23
370 1662 438 1694 Hic
451 1661 621 1694 GM.——25
644 1661 701 1693 Sic
717 1662 881 1702 Faernus,
895 1662 993 1693 etsie
1007 1662 1112 1693 Libri.
1157 1662 1402 1700 Donatus,hae
1419 1672 1526 1703 prava
1540 1663 1608 1694 lec-

147 1707 241 1736 tione
257 1706 426 1745 irretitus,
441 1715 481 1736 eo
501 1706 606 1744 venit,
625 1710 662 1735 ut
678 1705 783 1745 dicat,
800 1706 910 1737 Placet
925 1715 982 1746 pro
999 1706 1154 1745 Displicet
1171 1706 1392 1745 intelligamus.
1438 1706 1530 1738 Quid
1545 1712 1610 1746 est,

148 1749 175 1779 si
194 1748 258 1780 hoc
274 1758 341 1780 non
364 1754 417 1780 est
441 1747 501 1779 ἄνω
522 1748 689 1786 ποταμῶνὲ
724 1749 893 1779 Nimirum
909 1749 999 1779 alind
1018 1749 1128 1778 innuit
1144 1750 1332 1787 sententia,
1348 1749 1438 1779 alind
1458 1749 1609 1780 tinniunt

147 1792 263 1822 verba.
307 1791 379 1823 Par
395 1792 490 1823 locus
512 1797 565 1822 est
591 1801 694 1831 supra
710 1800 762 1822 1v.
779 1794 810 1822 2.
833 1794 885 1822 30.
911 1794 920 1809 ‘
942 1792 1028 1822 Haee
1044 1801 1096 1822 res
1113 1801 1177 1822 non
1191 1793 1299 1822 minus
1317 1803 1368 1822 me
1385 1793 1473 1823 male
1490 1791 1609 1831 habet,

149 1844 249 1876 quam
265 1834 325 1866 te.'
369 1833 423 1865 Ad
440 1835 537 1865 istam
554 1834 657 1871 igitur
671 1833 793 1865 faciem
810 1835 864 1866 liic
884 1834 1062 1873 legendum
1087 1835 1166 1873 erit,
1188 1836 1262 1865 Non
1286 1835 1361 1866 nzilii
1388 1836 1466 1865 illud
1483 1835 1610 1872 factum

147 1876 248 1908 &ninus
259 1879 354 1917 dolet,
368 1887 458 1918 quam
472 1877 542 1917 tibi,
558 1877 662 1908 Lache
674 1887 684 1907 .·
716 1878 725 1894 ‘
743 1878 848 1908 Dolet
872 1877 976 1916 mihi,'
1001 1880 1010 1894 ‘
1029 1886 1120 1917 aegre
1138 1884 1189 1908 est
1206 1878 1310 1917 mihis
1331 1881 1340 1895 ‘
1358 1879 1444 1908 male
1469 1888 1523 1909 me
1550 1879 1609 1908 ha-

149 1920 233 1959 bet‚’
256 1920 374 1951 eodem
391 1921 503 1951 omnia
518 1930 628 1950 sensu.
651 1920 747 1951 Bent.
792 1921 879 1951 Haec
896 1926 1025 1951 temere
1043 1922 1185 1950 inventa
1203 1921 1290 1951 dicit
1305 1922 1386 1961 ssip.
1411 1931 1450 1952 ea
1475 1931 1610 1962 quoque

149 1963 243 1994 Perl.
258 1964 448 2004 improbat3
473 1963 638 2003 atjudice
660 1963 700 1993 R.
719 1964 763 1993 D.
787 1964 796 1980 ‘
812 1964 922 1994 nullus
941 1964 972 1994 in
991 1963 1139 2003 vulgatis
1158 1964 1269 1994 verbis
1285 1973 1403 1995 sensus
1416 1970 1480 1995 est.
1505 1965 1609 1995 Bent.

150 2015 192 2036 ex
217 2006 250 2037 vi
275 2007 455 2037 sententiae
480 2005 663 2036 emendat?
708 2006 810 2037 Both.
839 2006 1102 2047 interpretatur,
1125 2008 1133 2022 ‘
1153 2016 1251 2047 aeque
1276 2007 1355 2037 milii
1383 2007 1545 2047 displicet
1571 2016 1610 2038 ac

150 2048 324 2080 ti1›i.’—26
346 2050 430 2080 Mss.
448 2049 661 2080 Leidensium
680 2059 778 2087 unus,
796 2059 872 2080 cnm
891 2049 1012 2081 Boend.
1032 2055 1067 2080 et
1090 2050 1178 2080 bona
1196 2057 1294 2090 parte
1312 2050 1499 2080 editionum
1517 2056 1611 2080 vete-

150 2101 238 2130 rum,
255 2091 405 2131 Etsijam
417 2093 542 2123 dudum.
565 2092 619 2122 Tr.
634 2092 709 2122 Etsi
724 2092 867 2129 idsuerit
878 2093 1057 2131 ambiguum
1072 2092 1128 2122 hoc
1142 2093 1219 2123 mihi
1230 2104 1240 2123 .·
1256 2103 1336 2123 nnnc
1349 2103 1409 2123 non
1425 2096 1480 2123 est.
1502 2093 1610 2123 West.

151 2133 270 2175 Aliqui
287 2135 363 2165 libri
381 2135 502 2174 scripti
518 2140 553 2165 et
570 2135 603 2164 in
620 2134 661 2164 iis
676 2136 900 2166 vetustissimi
915 2137 1010 2166 etiam
1025 2136 1064 2165 si.
1081 2136 1140 2167 Fa.
1173 2137 1230 2166 Sic
1246 2137 1351 2167 nostri
1364 2145 1493 2167 omnes.
1511 2136 1610 2167 Bent.

150 2177 457 2216 Ambiguumfuerat
474 2178 574 2208 Both.
599 2177 718 2215 tacite,
735 2182 769 2208 et
785 2178 941 2208 similiter
958 2179 990 2208 in
1006 2181 1059 2209 24.
1084 2188 1181 2218 praee
1194 2179 1415 2216 sactum—27
1444 2179 1535 2210 Nunc
1551 2189 1614 2210 non

151 2225 210 2260 est,
225 2230 292 2251 cum
307 2230 375 2251 eam
392 2221 462 2260 jam
476 2222 672 2260 consequitur
694 2221 814 2250 alienus
835 2221 927 2261 puer]
952 2220 1164 2251 Adverbium
1181 2221 1253 2259 jam
1279 2222 1390 2252 nullus
1407 2222 1509 2253 habet
1525 2222 1614 2253 liber

153 2265 314 2303 scriptus,
331 2272 395 2294 nec
417 2265 598 2301 Donatus3
631 2272 694 2294 nec
721 2263 755 2293 id
780 2263 934 2294 admittit
958 2264 1044 2293 ratio
1070 2273 1201 2294 versus.
1234 2264 1294 2295 Fa.
1350 2265 1424 2295 dam
1442 2266 1551 2295 nullus
1569 2274 1614 2295 ex

152 2307 277 2338 nostris
292 2306 406 2338 habet.
451 2306 519 2337 Sed
538 2307 605 2336 dno
622 2306 682 2346 sic,
699 2306 791 2337 Nunc
805 2316 865 2337 non
881 2309 939 2344 est,
960 2316 1029 2336 cuni
1043 2316 1108 2336 eam
1124 2308 1264 2346 seqnitur
1279 2308 1399 2338 alienus
1409 2317 1498 2349 puer.
1547 2309 1613 2338 Con

152 2349 186 2380 in
204 2349 451 2390 compositione
468 2349 612 2380 nonnisi
630 2358 694 2379 una
708 2349 823 2379 littera
839 2355 891 2379 est
907 2352 916 2366 ‘
934 2349 1083 2388 inversa,
1097 2349 1130 2379 in
1146 2349 1241 2380 libris
1256 2351 1413 2387 vetustis.
1453 2352 1531 2381 Cum
1548 2360 1614 2381 eam

152 2392 186 2422 in
205 2402 303 2423 unam
320 2393 485 2432 syllabam
501 2392 703 2432 constringi,
719 2392 829 2422 minus
844 2393 969 2432 placet.
986 2392 1084 2423 Bent.
1110 2396 1147 2422 et
1162 2393 1210 2423 sic
1227 2392 1319 2423 Perl.
1344 2403 1410 2424 eam
1427 2393 1521 2424 delet
1533 2394 1613 2433 Bip.

152 2444 219 2465 eam
241 2445 310 2466 cum
333 2435 473 2475 sequitur
486 2435 588 2466 Both.
619 2434 758 2474 sequitur
774 2435 901 2465 C.—2s
928 2435 1102 2465 Consolatio
1128 2438 1172 2465 est
1191 2435 1234 2466 V.
1252 2436 1291 2466 C.
1318 2435 1502 2466 Lina—29
1525 2437 1613 2466 Sem-

150 2487 207 2518 per
229 2487 312 2510 unus
328 2488 347 2510 e
363 2479 471 2510 Boecl.
495 2483 531 2509 et
557 2479 604 2509 sic
626 2481 635 2494 ⁶
652 2478 739 2509 Mss.
767 2482 803 2508 et
825 2477 980 2519 impressi
1003 2478 1139 2519 quidam
1158 2484 1242 2510 vett.
1260 2488 1337 2510 mox
1355 2479 1461 2510 Codd.
1479 2479 1615 2519 quidam

807 2585 951 2617 NOTAE

200 2663 242 2692 26
265 2660 530 2700 Etsijamdudum
543 2660 738 2700 ambignum]
769 2660 857 2693 Haec
913 2660 1077 2691 ditionem
1101 2661 1219 2691 matris
1251 2662 1427 2702 sequitur3
1446 2671 1489 2694 ex
1510 2663 1615 2703 justis

160 2711 271 2742 omnia
286 2721 401 2743 secum
420 2712 629 2752 Pamphilus.
912 2712 1040 2751 nuptiis
1057 2712 1163 2742 creati
1181 2718 1369 2753 sequuntur
1383 2719 1528 2753 patrem.

202 2763 241 2790 27
278 2760 370 2791 Hanc
396 2761 592 2801 consequitur
619 2760 737 2792 alienas
767 2762 859 2801 puer]
956 2764 997 2791 29
1030 2761 1136 2802 Perii]
1162 2762 1238 2793 Hoc
1261 2763 1323 2793 sibi
1348 2763 1547 2804 Pamphilus
1568 2763 1616 2793 ‹li-

159 2811 210 2841 Ex
239 2811 366 2851 injusta
388 2811 627 2851 conjunctione
649 2818 760 2851 natus,
778 2821 856 2842 con-
913 2814 973 2844 cit.
