1966 3302
302 238 389 280 720
709 260 710 263 =
794 251 833 281 P.
865 250 1104 281 TERENTH
1139 252 1255 282 AFRI

303 345 360 385 Et
379 346 522 399 elamo
545 358 692 400 saepe:
715 345 994 387 Salsamenta
1013 346 1124 397 haec,
1146 347 1405 401 Stephanio,

303 412 397 454 Fac
417 417 689 463 macerentur
710 413 887 466 pulchre
907 414 916 455 Σ
979 415 1065 455 DE.
1098 415 1157 455 Di
1180 418 1368 456 vostram
1401 415 1527 457 fidem
1547 416 1556 457 !

301 480 459 521 Utrum
481 481 683 522 studione
699 480 748 539 {d
770 481 854 522 sibi
873 482 1018 532 habet,
1040 495 1094 523 an
1114 483 1239 525 laudi
1259 488 1391 537 putat

301 548 427 599 Fore,
450 549 487 589 si
509 536 977 602 perdiderif'gnatum‘e
1010 562 1079 591 vae
1101 547 1265 590 misero
1286 551 1420 592 mihi!

298 616 463 657 Videre
483 615 631 656 videor
643 615 738 669 jam
761 615 876 656 diem
896 616 1033 666 illum,
1056 629 1154 657 cum
1173 616 1274 657 hinc
1295 630 1427 670 egens
1691 621 1748 663 30

298 683 532 736 Profugiet
549 682 697 736 aliquo
718 683 972 725 militatum.
1033 683 1117 725 SY.
1149 683 1188 724 Ο
1214 684 1406 726 Demea!
1527 683 1531 686 ’

299 752 423 793 Istuc
441 755 507 791 est
528 763 697 804 sapere,
719 763 819 801 non,
841 751 960 805 quod
982 756 1083 792 ante
1104 752 1238 806 pedes
1261 753 1391 795 modo
1413 753 1467 795 'st

296 819 477 868 Videre,
499 818 577 859 sed
599 819 730 859 etiam
752 818 846 868 illa,
869 830 969 872 quae
993 818 1139 859 futura
1161 823 1274 870 sunt,

297 886 571 940 Prospioere.
643 885 734 926 DE.
764 884 916 935 Quid?
960 885 1119 927 isthaec
1147 885 1245 940 jam
1276 899 1409 940 penes
1445 900 1527 929 vos
1559 883 1746 943 psalffia

467 953 552 994 ’ΞΗ

296 1024 378 1065 ΞΥ.
409 1021 554 1062 Ellam
575 1020 708 1061 intus.
768 1020 862 1062 DE.
894 1019 1006 1071 Eho,
1028 1033 1083 1061 an
1105 1021 1224 1063 domi
1258 1025 1324 1063 est
1342 1022 1600 1065 habiturus?
1661 1024 1745 1066 ΞΥ.

458 1081 581 1130 Ὁῖθᾱ
589 1101 630 1137 0,·
642 1091 697 1144 με
714 1093 785 1129 est
1688 1092 1746 1134 35

296 1157 539 1201 Dementia.
598 1143 935 1197 DE.'Haeocine
955 1155 1076 1198 fieri!
1135 1156 1219 1197 ΞΥ.
1249 1156 1406 1210 Inepta
1424 1157 1583 1200 lenitas

293 1292 424 1325 debent?
467 1294 528 1324 ΞΥ.
552 1293 637 1324 Mihi
653 1295 773 1334 quidem
788 1294 966 1334 displicent,
981 1297 1011 1325 et
1025 1294 1185 1325 clamitare
1199 1296 1290 1326 soleo.
1336 1295 1418 1326 Hoec
1432 1296 1495 1326 sale
1509 1296 1631 1327 condita
1641 1295 1744 1327 edulia

293 1336 370 1375 elue,
388 1340 418 1366 et
432 1338 531 1367 emolli
553 1337 732 1375 diligenter,
749 1337 929 1378 Stephanio.
976 1337 1044 1367 DE.
1069 1337 1129 1368 Dii
1152 1342 1286 1368 vestram
1295 1338 1397 1379 fidem
1422 1339 1539 1378 inroco,
1553 1342 1696 1370 utrumne
1711 1338 1745 1368 id

292 1388 360 1408 cum
376 1380 576 1410 delectatione
590 1380 692 1410 studet
697 1380 816 1419 facere,
830 1383 885 1410 aut
900 1380 934 1410 z'n
948 1380 1003 1410 hoc
1018 1389 1048 1409 se
1064 1381 1251 1411 laudandum
1263 1390 1329 1411 esse
1345 1381 1515 1419 existimat,
1546 1383 1573 1412 si
1602 1390 1748 1421 corrupe-

291 1422 336 1451 rit
342 1421 460 1462 filium.
508 1422 561 1453 Vae
577 1422 685 1453 misero
700 1422 801 1454 mihi!
830 1422 942 1453 Videre
956 1422 1059 1453 videor
1081 1424 1162 1453 diem
1183 1424 1282 1462 illum,
1303 1433 1370 1454 cum
1385 1424 1456 1454 hinc
1471 1423 1604 1455 omnium
1620 1424 1744 1463 indigus

293 1464 390 1495 abibit
406 1466 446 1495 ad
461 1464 614 1496 militiam.
659 1466 719 1496 SY.
746 1466 775 1496 Ο
792 1464 932 1496 Demea!
953 1465 1008 1495 hoc
1023 1468 1069 1495 est
1082 1467 1249 1505 sapientem
1265 1475 1339 1504 esse,
1363 1476 1424 1497 non
1446 1467 1526 1506 quod
1544 1466 1666 1497 obvium
1686 1469 1745 1505 est,

292 1511 323 1536 et
338 1507 374 1536 ob
389 1508 490 1537 oculos
510 1508 606 1538 solum
625 1511 764 1538 versatur
784 1508 886 1539 videre
897 1518 909 1545 ;
933 1509 985 1538 sed
1002 1508 1094 1538 etiam
1116 1519 1183 1548 quoe
1204 1512 1334 1539 ventura
1355 1512 1427 1540 sunt
1447 1509 1631 1549 praevidere.
1676 1508 1744 1540 DE.

295 1550 380 1585 Quid
396 1551 495 1581 istane
507 1550 634 1587 fidicina
650 1551 682 1581 in
698 1551 809 1581 vestris
824 1554 869 1581 est
884 1548 1023 1581 cedibus?
1087 1551 1148 1582 ΞΥ.
1177 1552 1251 1582 Ecce
1266 1552 1352 1582 illam
1375 1552 1472 1583 intus.
1517 1551 1581 1582 DE.
1605 1551 1686 1590 Eho,
1701 1560 1743 1581 an

290 1591 372 1622 domi
387 1603 454 1624 eam
469 1594 636 1623 AEschinus
660 1592 800 1624 tenebit?
844 1594 904 1624 ΞΥ.
932 1594 1043 1629 Credo,
1065 1603 1132 1632 quoe
1156 1603 1258 1624 eorum
1283 1594 1404 1625 insania
1420 1598 1476 1625 est.
1523 1595 1592 1625 DE.
1615 1594 1742 1625 Adeone

282 1635 441 1676 flagitiosi
462 1640 545 1676 sunt,
571 1639 603 1666 ut
631 1637 695 1666 laec
720 1635 936 1667 committant?
971 1636 1033 1667 ΞΥ.
1057 1636 1163 1667 Stulta
1180 1637 1329 1668 Minonis
1351 1638 1560 1677 mansuetudo,
1584 1640 1612 1668 et
1641 1636 1742 1667 indul·

898 1742 1134 1754 eeeeeeeeeeee

291 1818 404 1859 aliquo
420 1817 571 1850 abiturus
589 1824 679 1849 esset
705 1819 831 1859 Syrus3
857 1818 944 1860 quod
965 1828 1028 1849 non
1053 1818 1103 1850 fir.
1130 1819 1225 1850 Bene.
1271 1818 1390 1850 Faerni
1420 1820 1499 1850 lect.
1526 1819 1610 1850 dant
1636 1819 1739 1852 Both.

290 1860 456 1901 'Bm—25
481 1862 563 1893 Mss.
581 1862 715 1902 quidam
734 1862 881 1892 Hoeccine
896 1861 1124 1903 fieriflagz'tz'a.
1151 1862 1254 1892 West.
1302 1863 1409 1893 Nobis
1424 1862 1544 1902 quidem
1560 1862 1590 1892 h.
1606 1862 1627 1892 l.
1645 1862 1740 1894 addi-

290 1908 360 1934 tum
379 1904 513 1934 videtur
530 1915 550 1935 a
567 1906 679 1936 sciolis
696 1905 842 1935 librariis
858 1915 867 1942 ;
892 1910 929 1936 ut
945 1906 1079 1944 passim.
1128 1905 1256 1934 Demto
1274 1904 1330 1935 ilio
1348 1914 1463 1935 versus
1489 1910 1634 1935 constat.
1660 1905 1739 1945 Rip.

291 1947 443 1986 Equidem
459 1947 574 1978 Guelf.
592 1950 707 1978 2.—27
738 1948 779 1978 Ut
809 1954 886 1987 post
913 1948 979 1978 Fue
1004 1947 1201 1978 Idem—28
1225 1947 1475 1978 Hottnmannus
1492 1947 1533 1977 ad
1551 1947 1622 1978 Cic.
1638 1947 1740 1979 Verr.

290 1997 342 2019 lv.
361 1993 388 2020 1.
404 1990 488 2028 legit
503 2000 543 2020 on
559 1990 640 2020 tanti
653 1994 756 2030 putat.
781 1991 889 2021 West.
937 1989 989 2020 ΑΙ.
1005 1990 1127 2027 liabent,
1144 1990 1242 2019 male.
1266 1990 1351 2021 Perl.
1398 1990 1456 2021 ΒΥ.
1469 1989 1571 2020 studio
1586 1999 1624 2021 ne
1642 1999 1740 2030 sepa-

290 2032 400 2063 ratim.
435 2033 537 2072 Vuig.
565 2033 676 2064 Utrum
691 2033 832 2064 studione
845 2033 879 2063 id
892 2032 964 2071 sibi,
977 2033 1030 2071 ὅγε.
1047 2033 1108 2062 sed
1127 2033 1192 2062 Do.
1209 2033 1328 2072 legisse
1345 2032 1480 2063 videtur
1493 2042 1617 2063 verum.-
1641 2033 1740 2064 unice

291 2074 451 2105 convenit
466 2085 549 2114 vero,
566 2075 654 2116 quod
673 2076 819 2114 reposui.
844 2075 939 2106 Both.
967 2075 1024 2115 qui
1040 2076 1142 2105 etiam
1160 2075 1296 2105 ordinat
1313 2075 1462 2106 studione
1478 2076 1594 2105 veroid
1610 2074 1671 2105 sihi
1686 2075 1740 2107 ha-

290 2116 350 2147 bet.
394 2117 490 2148 Hunc
517 2124 591 2158 post
619 2118 680 2148 sibi
705 2117 821 2149 Guelf.
848 2120 965 2148 2.-29
988 2118 1085 2154 Fore,
1109 2121 1241 2157 gnatum
1267 2118 1294 2148 si
1317 2119 1405 2158 perd.
1432 2118 1620 2148 Both.-30
1644 2117 1738 2150 Peri.

289 2170 357 2190 cum
371 2161 442 2190 huic
457 2171 559 2199 egens.
596 2161 653 2191 ΒΓ.
672 2161 772 2191 Both.
786 2171 855 2191 cum
869 2161 918 2191 hic
933 2163 1045 2191 e.—34
1071 2160 1255 2190 Distinctio
1272 2161 1319 2191 sic
1336 2166 1388 2190 est
1404 2160 1436 2190 in
1454 2159 1571 2191 Guelf.
1588 2163 1617 2191 3.
1654 2160 1740 2195 Quid
1793 2201 1795 2204 ι

288 2202 402 2234 ἰδίως.)
416 2202 496 2240 jam.
542 2204 600 2233 Br.
619 2203 714 2243 Quid,
730 2204 816 2234 istoec
832 2203 999 2242 jam—35
1026 2203 1130 2233 Ellam
1145 2202 1244 2242 intus]
1269 2203 1335 2235 Qui
1351 2203 1399 2234 ita
1415 2202 1608 2240 ediderunt,
1624 2206 1739 2234 aucto-

291 2246 393 2275 ritate
411 2246 534 2276 Donati
558 2246 721 2276 nituntur.
764 2246 831 2277 Sed
855 2246 1021 2276 editiones
1050 2246 1287 2276 vetustissima».
1316 2249 1351 2276 et
1378 2245 1583 2285 probissima}
1610 2246 1739 2285 legunt,

290 2287 350 2318 Est
360 2288 429 2326 jam
445 2288 539 2318 intus.
563 2288 677 2329 Atque
693 2289 741 2319 ita
754 2290 864 2329 reperi
884 2290 916 2318 in
930 2288 974 2320 G.
991 2293 1027 2319 et
1043 2294 1188 2327 quatuor
1206 2289 1287 2318 Mss.
1305 2288 1539 2325 Lefflensibus,
1553 2297 1651 2328 quani
1668 2288 1737 2318 lec-

291 2330 415 2360 tionem
432 2330 590 2361 Dacieria
606 2331 792 2362 revocavit.
839 2331 879 2362 In
896 2332 1015 2372 quinto
1032 2332 1098 2362 Ms.
1116 2330 1287 2369 Leidensi,
1305 2330 1425 2361 Boend.
1441 2336 1476 2361 et
1504 2330 1602 2361 Bodl.
1629 2331 1738 2361 Etiam

289 2372 386 2404 intus.
431 2372 470 2402 In
496 2374 585 2414 Lips.
606 2375 664 2404 Est
680 2374 774 2405 etiam
789 2375 883 2405 inlus.
918 2374 1003 2404 Mss.
1031 2374 1180 2404 Boecleri
1208 2375 1310 2409 varie,
1339 2374 1396 2404 Est
1416 2374 1510 2404 etiam
1534 2372 1630 2403 intus.
1679 2373 1738 2403 Est

290 2415 431 2454 Ieoecjam
446 2415 543 2446 intus.
591 2417 772 2448 Quomodo
788 2422 822 2447 et
839 2416 913 2448 EA.
931 2416 1001 2447 ΕΤ.
1019 2422 1054 2446 et
1072 2417 1154 2447 ΕΜ.
1178 2416 1350 2447 exhibent.
1377 2416 1471 2447 West.
1515 2415 1577 2447 ΞΥ.
1604 2415 1738 2452 Estjnm

290 2458 392 2498 intus]
412 2458 522 2497 Super
537 2459 586 2489 his
604 2459 715 2490 verbis
732 2460 885 2491 Donatus
903 2459 974 2489 haec
991 2459 1094 2490 dicit:
1120 2459 1129 2476 ‘
1143 2459 1202 2489 Est
1213 2459 1282 2497 jam
1297 2460 1403 2489 intus.-
1428 2466 1476 2498 ut,
1492 2458 1617 2496 Elium,
1635 2457 1737 2489 confi-

291 2500 387 2540 dens,
401 2503 523 2531 catus.’
544 2511 583 2531 ex
602 2502 640 2532 iis
657 2502 781 2533 Donati
798 2502 907 2532 verbis
932 2500 1080 2532 adducor
1106 2505 1143 2532 ut
1168 2502 1320 2540 credam,
1346 2507 1448 2542 atque
1464 2501 1548 2531 adeo
1563 2509 1624 2541 pro
1639 2506 1736 2532 certo

291 2547 438 2581 teneam,
462 2543 641 2583 legendum
659 2554 744 2583 esse,
770 2546 873 2576 Ellam
894 2544 998 2574 intus.-
1022 2544 1121 2574 aliter
1146 2554 1221 2584 quae
1247 2554 1290 2575 ex
1316 2543 1447 2575 Andria
1473 2543 1536 2574 huc
1551 2543 1646 2582 citat,
1668 2552 1736 2573 nou

291 2586 472 2626 quadrant.
499 2587 557 2616 Fu.
606 2587 721 2618 Nostri
738 2597 867 2624 omnes,
883 2587 1039 2623 Estjam:
1056 2587 1114 2618 sed
1133 2591 1228 2617 recte
1245 2588 1348 2617 Ellam
1364 2596 1406 2617 ex
1422 2587 1580 2624 Donat03
1597 2589 1632 2616 et
1648 2595 1734 2625 prae-

291 2633 385 2659 terea
402 2637 462 2668 pro
480 2629 561 2667 Eho,
575 2637 614 2659 an
631 2630 712 2659 domi
727 2634 773 2660 est
788 2627 973 2660 habiturus?
997 2630 1071 2666 lege
1097 2629 1177 2668 Eho,
1200 2640 1241 2660 an
1262 2633 1309 2659 est
1327 2629 1410 2660 domi
1424 2626 1610 2660 habiturus?
1632 2628 1734 2659 Bent.

292 2671 400 2700 Etiam
416 2671 500 2700 inlus
514 2670 573 2701 Br.
621 2671 701 2709 Eho,
726 2672 840 2702 dorrain'
855 2671 1040 2704 habiturus?
1064 2673 1163 2703 Both.
1207 2674 1216 2690 ⁴
1230 2672 1306 2702 Par.
1323 2672 1390 2702 Ms.
1406 2672 1467 2702 Est
1480 2671 1622 2709 laaecjam
1636 2671 1733 2702 intus.

292 2713 377 2745 Quae
401 2713 535 2753 quidem
562 2713 799 2754 interpretatio
828 2715 907 2744 mihi
923 2714 1059 2745 videtur
1076 2715 1165 2745 vocis
1191 2715 1340 2745 ‘Ellam'
1366 2714 1474 2744 minus
1491 2713 1624 2745 obviae.’
1648 2713 1733 2744 Per-l.

293 2755 400 2785 Etiam
426 2757 510 2785 intus
533 2755 647 2786 Guelf.
677 2758 705 2786 l.
733 2757 788 2796 qui
814 2756 916 2786 ctiam
940 2766 1015 2787 cum
1032 2760 1062 2788 3.
1086 2757 1129 2787 sit
1153 2756 1426 2789 habiturus2—36
1450 2756 1543 2787 Libri
1571 2755 1731 2796 quidam:

292 2797 440 2829 Haecine
456 2798 614 2838 flagitia!
647 2798 713 2830 Alii
730 2800 876 2830 Hoeccine
894 2799 1028 2839 flagitia
1046 2798 1147 2840 fieri!
1168 2800 1257 2841 quod
1274 2809 1316 2831 ex
1332 2800 1444 2840 glossa
1457 2798 1602 2831 videtur.
1632 2799 1731 2830 West.
