1966 3302
614 241 826 291 HEQYRAE
862 241 967 271 Ac'r.
1001 241 1030 270 ι.
1063 239 1130 271 sc.
1166 240 1215 269 ιι.
1307 222 1312 225 ’
1554 227 1640 267 81υ

187 338 317 388 Haec,
339 338 402 379 ita
423 337 489 378 uti
509 336 683 378 liberali
701 349 801 377 esse
823 336 996 388 ingenio
1019 335 1160 384 decet,

184 406 376 455 Pudens,
396 404 624 455 modesta3
656 403 929 475 Qmfissla
949 409 1080 457 atque
1102 402 1286 456 injurias
1334 415 1356 454 r>
1521 415 1526 423 ·
1545 406 1549 409 ’
1576 401 1632 441 90

186 474 286 514 Viri
307 485 458 514 omnes
478 472 603 521 ferre,
626 476 670 512 et
690 464 837 524 tegere
859 470 1165 510 contumelias.
1339 465 1344 482 ²

187 541 296 590 Hic,
318 542 488 581 animus
510 539 669 593 partim
690 540 841 579 uxoris
862 538 1164 578 misericordia

187 608 450 654 Devinctus,
470 607 628 660 partim
651 607 792 646 victus
814 605 952 666 QJ'AES
968 605 1156 658 injuriis,
1243 601 1276 653 ’ξῖ
1308 628 1322 645 -,
1336 634 1358 654 c
1387 631 1391 637 ,
1506 624 1512 643 ι

183 674 403 716 Paulatim
423 671 590 727 elapsu’
610 676 678 713 est
699 658 945 721 Bacchidis
955 677 1085 726 atque
1105 672 1190 713 huc
1211 673 1430 715 transtulit

182 814 245 845 tius
258 815 475 855 consideravit,
489 819 519 846 et
530 815 700 856 perspexit,
714 815 872 846 ambarum
887 814 1059 853 ingenium,
1079 816 1305 854 comparatione
1323 814 1415 853 facta
1442 816 1639 847 examinans:

182 860 255 888 tunc
269 858 391 889 animus
405 858 468 897 ejus
483 860 589 889 uxoris
601 858 812 889 misericordia
827 858 943 898 partim
960 858 1153 896 conciliatus,
1170 861 1198 888 et
1215 859 1361 889 allectus:
1383 859 1502 899 partim
1518 863 1639 889 coactus

182 899 272 940 hujus
290 901 420 933 Thaidis
433 901 626 942 contumelia,
652 901 763 932 sensim
779 911 811 932 se
826 901 854 931 ei
869 901 1029 941 subduxit,
1044 904 1074 931 et
1097 910 1231 932 amorem
1245 911 1334 932 suum
1348 902 1381 932 in
1397 911 1522 932 uxorem
1538 905 1642 933 trans-

792 1007 890 1019 estete
898 1007 993 1018 teet-e
1000 1009 1018 1020 ρ

183 1068 218 1102 id
235 1075 300 1111 est,
318 1071 407 1112 apud
421 1071 537 1103 fabros
556 1072 673 1104 tabula
689 1073 842 1114 quaedam
859 1085 924 1115 qua
941 1078 1082 1105 utuntur
1098 1073 1140 1105 ad
1158 1084 1239 1105 saxa
1256 1075 1552 1114 coagmentanda!
1584 1077 1639 1108 De

182 1113 191 1130 ‘
208 1115 436 1146 Examussim'
460 1116 626 1147 hactenus
654 1116 819 1155 diximus;
851 1117 939 1158 quod
967 1118 1040 1148 sine
1069 1117 1173 1148 dubio
1197 1117 1393 1148 adverbium
1420 1124 1472 1149 est
1499 1119 1540 1149 ab
1564 1120 1639 1151 ‘Ex

184 1157 328 1188 amussi'
349 1156 540 1189 formatum.
586 1160 595 1176 ‘
613 1158 854 1197 Adamussim,’
882 1160 952 1191 sive
982 1160 1130 1200 junctim
1158 1160 1355 1191 adverbium
1384 1162 1546 1201 accipias,
1567 1162 1640 1194 sive

182 1199 316 1231 divisim
341 1200 350 1217 ‘
366 1201 420 1231 Ad
438 1201 621 1239 amussim‚'
647 1208 829 1242 utrumque
845 1202 899 1233 hic
926 1204 1097 1234 convenit.
1144 1203 1276 1234 Gellius
1289 1213 1313 1234 1.
1330 1206 1362 1234 4.
1385 1205 1394 1219 ‘
1407 1203 1474 1234 Aut
1495 1206 1641 1236 virtutes

183 1242 391 1282 pensitabat,
415 1248 473 1275 aut
497 1245 579 1274 vitia
606 1244 806 1284 rimabatur,
830 1250 867 1276 ut
891 1246 1059 1286 judicium
1077 1256 1153 1277 esse
1171 1245 1297 1277 factum
1315 1247 1356 1277 ad
1374 1248 1531 1278 amussim
1550 1249 1643 1280 dice-

183 1284 260 1317 res!
303 1285 360 1316 Sic
377 1286 513 1317 codices
529 1287 660 1326 scripti,
684 1288 786 1318 etiam
814 1288 1015 1319 veterrimus
1032 1289 1090 1319 ille
1108 1289 1140 1319 in
1158 1290 1371 1320 Bibliotheca
1390 1289 1493 1330 Regis
1511 1291 1639 1322 Gallia-

183 1338 268 1368 rum,
290 1337 357 1358 non
384 1333 422 1360 ut
445 1330 572 1370 primus
590 1329 697 1360 edidit
715 1330 828 1367 Cario,
851 1332 860 1347 ‘
876 1331 1106 1363 Exanmssim.’
1150 1332 1278 1363 Iterum
1297 1341 1360 1363 xx.
1378 1336 1407 1363 1.
1432 1335 1440 1349 ‘
1456 1333 1525 1365 Aut
1543 1335 1640 1366 talio-

181 1379 257 1401 nem
275 1371 307 1401 in
322 1380 363 1401 eo
380 1372 434 1402 vel
450 1371 492 1402 ad
510 1372 668 1403 amussim
686 1374 948 1414 aequipararent‚
972 1375 1024 1405 vel
1052 1375 1084 1405 in
1109 1374 1209 1406 librili
1238 1376 1519 1415 perpenderent.’
1564 1378 1640 1408 Ma-

183 1414 318 1444 crobius
333 1414 405 1445 Sat.
425 1423 448 1445 1.
467 1417 498 1445 4.
521 1417 528 1431 ‘
541 1415 650 1447 Quam
677 1421 713 1446 ut
742 1416 782 1446 ad
811 1417 965 1447 amussim
983 1427 1097 1448 verum
1114 1418 1158 1448 sit
1174 1418 1339 1449 festorum
1357 1418 1486 1449 dierum
1506 1421 1641 1451 nomina

183 1455 232 1486 sic
248 1456 394 1488 vocata!
437 1458 548 1488 Varro
575 1457 618 1488 de
647 1458 696 1489 Re
724 1459 866 1490 Rustica
894 1469 935 1491 11.
954 1463 984 1490 1.
1009 1461 1066 1491 ‘Si
1095 1460 1230 1501 inquam
1256 1471 1413 1492 numerus
1439 1471 1504 1492 non
1527 1467 1580 1494 est
1595 1464 1639 1494 ad

182 1499 359 1538 amussim;
377 1503 414 1530 nt
428 1509 494 1530 non
512 1505 576 1540 est,
592 1510 668 1531 cum
685 1501 827 1532 dicimus
844 1503 932 1533 mille
949 1512 1053 1534 naves
1072 1503 1137 1533 isse
1154 1505 1194 1534 ad
1212 1504 1372 1544 Trojam.’
1406 1504 1502 1535 Idem
1521 1506 1641 1538 Quaes-

182 1541 312 1572 tionum
325 1542 559 1574 Plautinarum
583 1552 624 1574 11.
649 1544 740 1583 apud
757 1545 927 1576 Nonium:
953 1547 961 1562 ‘
976 1546 1101 1581 Quare,
1117 1547 1142 1576 si
1160 1547 1302 1587 diugens
1330 1551 1382 1578 est
1398 1547 1438 1577 ad
1465 1550 1639 1589 amussim,

183 1593 244 1624 per
260 1594 312 1615 me
328 1585 409 1616 licet
425 1595 573 1617 assumes
590 1591 690 1617 teneo
707 1587 833 1618 διακον.’
878 1588 942 1619 Ubi
961 1589 993 1618 iu
1020 1591 1188 1620 sententia
1206 1596 1271 1620 tam
1290 1596 1387 1621 curta
1416 1592 1521 1622 tutius
1548 1590 1640 1624 forte

183 1633 274 1658 esset
290 1637 363 1658 cum
379 1628 537 1659 Mercero
553 1638 688 1660 manum
706 1630 900 1668 abstinere;
925 1632 983 1662 sed
1007 1636 1115 1662 tamen
1135 1633 1322 1672 periculum
1346 1632 1485 1672 faciam,
1510 1640 1544 1664 et
1570 1634 1641 1666 for-

184 1673 273 1700 tasse
290 1669 376 1701 bene
393 1671 507 1702 cedet.
542 1672 634 1711 Lego
651 1672 767 1712 igitur,
786 1674 891 1709 Quare
904 1675 934 1705 si
953 1684 1096 1705 numerus
1120 1679 1165 1706 est
1191 1677 1231 1706 ad
1255 1676 1413 1715 amussim,
1436 1687 1491 1715 per
1507 1688 1552 1707 me
1568 1678 1641 1710 licet

180 1722 317 1743 aselinus
337 1712 550 1752 γενεθλίακον.
576 1715 693 1745 Habes
706 1715 776 1755 jam
792 1717 1012 1757 sententiam,
1029 1722 1065 1748 ut
1082 1719 1213 1759 opinor,
1229 1720 1365 1750 claram.
1412 1722 1420 1736 ‘
1435 1720 1552 1751 Mores
1568 1731 1640 1752 am-

182 1754 299 1786 barum
314 1756 357 1786 ad
370 1757 527 1787 amussim
546 1758 756 1789 existumans
769 1758 789 1789 :'
807 1759 978 1800 judicans,
993 1761 1204 1800 expendens,
1219 1763 1427 1801 examinanS,
1441 1764 1579 1803 exigens
1595 1765 1640 1796 ad

180 1798 352 1838 amussim,
375 1805 549 1837 accurate,
566 1800 760 1841 diligenter,
776 1803 985 1843 scrupulose.
1003 1803 1099 1834 Bent.
1128 1805 1136 1821 ‘
1153 1805 1250 1835 Bona
1268 1805 1444 1836 verborum
1461 1812 1639 1839 construc—

182 1839 244 1878 tio,
267 1841 386 1872 similis
401 1840 540 1873 fereilli
558 1853 613 1883 ap.
632 1844 747 1875 Plaut.
765 1844 863 1875 Trin.
880 1855 930 1876 lv.
947 1848 976 1876 2.
995 1850 1047 1877 58.
1064 1847 1112 1877 ita
1129 1847 1303 1887 displicuit
1320 1849 1436 1879 Bentl.
1455 1855 1490 1880 ut
1510 1856 1640 1889 praeter

181 1891 252 1913 rem
269 1888 306 1915 et
322 1884 433 1916 Codd.
460 1895 521 1925 pro
547 1888 586 1916 ad
603 1888 776 1927 exemplum
793 1887 892 1919 daret
907 1890 947 1919 ad
963 1889 1132 1920 amussim?
1155 1890 1233 1930 Bip.
1280 1891 1486 1932 Conjectura
1504 1893 1640 1925 Bentlei

181 1934 223 1956 an
241 1936 321 1957 vera
335 1928 390 1963 sit,
413 1927 618 1959 dubitamus.
643 1930 688 1960 R.
705 1930 750 1960 D.
793 1930 963 1962 Ambarum
990 1934 1030 1962 ad
1055 1935 1227 1974 exemplum
1253 1943 1356 1964 earum
1371 1945 1469 1966 mores
1482 1937 1639 1968 <estimans

181 1968 283 2000 Both.
297 1974 332 2000 et
344 1979 423 2000 sane
435 1972 594 2002 oestz‘mans
605 1978 749 2003 metrum
766 1974 890 2013 poscit,
901 1974 1021 2014 judice
1039 1975 1234 2007 West.—89
1251 1978 1260 1993 ‘
1277 1977 1433 2008 Liberale
1447 1979 1638 2018 ingenium'

180 2011 282 2042 babes
299 2011 400 2043 Adel.
423 2022 475 2043 lv.
501 2018 532 2044 5.
556 2017 608 2046 49.
632 2016 641 2031 ⁴
658 2016 744 2046 Nam
771 2017 939 2055 ingenium
963 2018 1041 2048 novi
1069 2024 1164 2049 tuum
1192 2019 1375 2052 Liberale.’
1423 2021 1496 2052 Nisi
1524 2026 1638 2054 tamen

181 2054 190 2070 ‘
205 2053 354 2085 Liberali
374 2056 509 2094 ingenio
523 2056 532 2069 ’
554 2066 614 2096 pro
631 2057 702 2096 ipsa
720 2059 865 2089 Muliere
881 2060 935 2090 hic
951 2061 1110 2101 accipias,
1135 2062 1222 2102 quod
1241 2063 1361 2102 opinor
1378 2064 1475 2103 nolis,
1500 2074 1565 2095 non
1583 2074 1638 2096 co-

180 2095 288 2128 liaeret
303 2107 380 2128 cum
396 2098 525 2139 reliqua
541 2100 706 2131 oratione.
742 2102 897 2141 Repono,
910 2103 1003 2140 Haec,
1018 2104 1064 2134 ita
1079 2105 1126 2135 uti
1141 2105 1264 2135 liberali
1280 2110 1370 2146 atque
1386 2107 1526 2146 ingenua
1540 2109 1638 2149 decet,

180 2138 321 2179 Pudens,
344 2142 491 2172 modesta.
536 2143 545 2159 ‘
560 2142 691 2173 Decet’
714 2153 790 2174 cum
819 2145 945 2176 Dativo
971 2147 1118 2185 passim:
1141 2147 1219 2179 ‘Ita
1247 2148 1342 2179 nobis
1361 2149 1460 2182 decet
1476 2150 1495 2181 :’
1521 2150 1635 2183 Plant.

180 2180 304 2221 Amph.
320 2191 358 2214 ιι.
375 2186 406 2215 2.
426 2186 500 2215 187.
522 2184 531 2201 ‘
547 2185 674 2216 Nostro
692 2187 808 2226 generi
827 2197 890 2218 non
908 2188 1034 2219 decet.'
1069 2190 1170 2222 Phor.
1189 2199 1213 2223 1.
1228 2193 1259 2221 3.
1278 2194 1327 2222 16.
1348 2192 1357 2208 ‘
1372 2192 1419 2222 Ut
1436 2202 1476 2224 ne
1493 2192 1636 2234 addam3

180 2224 268 2264 quod
294 2226 366 2256 sine
392 2230 527 2266 sumptu
554 2227 748 2267 ingenuam,
774 2229 948 2261 liberalem
974 2237 1092 2263 nactus
1122 2233 1181 2264 es.’
1227 2234 1422 2274 ‘Ingenua'
1451 2237 1637 2276 opponitur

181 2267 382 2300 Meretrici:
408 2270 525 2308 quales
550 2268 622 2301 fere
648 2281 783 2310 semper
810 2273 1030 2305 Manumissae
1048 2280 1106 2306 aut
1131 2276 1340 2316 Peregrinae.
1364 2277 1461 2309 Beni.
1507 2279 1637 2317 Ingenio

182 2319 247 2341 esse
263 2319 379 2341 omnes
396 2311 480 2342 Mss.
506 2312 694 2344 Roma-93
719 2315 803 2345 Mss.
821 2320 857 2346 et
874 2320 955 2347 vett.
972 2317 1105 2357 quidam
1130 2319 1284 2358 impressi
1310 2327 1381 2359 post
1408 2321 1481 2351 ΕΡ.
1499 2328 1533 2352 et
1558 2322 1634 2355 EA.

179 2352 332 2391 devictus,
359 2358 395 2384 et
418 2353 468 2384 ita
489 2354 570 2386 Hul.
595 2356 628 2386 in
655 2356 784 2387 duobus
809 2358 1030 2390 Leidensibus
1054 2361 1202 2398 devictus,
1225 2363 1454 2403 suprascripta
1471 2374 1502 2396 n.
1529 2365 1634 2397 West.

180 2394 274 2427 Don.
296 2394 459 2436 παρόμοιον
474 2406 549 2428 esse
566 2397 681 2429 dicens
698 2399 731 2429 in
750 2400 857 2431 verbis
875 2402 995 2441 legisse
1013 2402 1146 2434 videtur
1171 2405 1322 2444 devictus,
1349 2410 1387 2435 ut
1414 2407 1445 2436 in
1462 2407 1545 2438 Mss.
1563 2408 1634 2448 ejus

180 2441 216 2468 et
244 2437 352 2470 Codd.
381 2439 551 2480 editisque
565 2441 643 2472 Ter.
667 2442 804 2482 legitur,
826 2453 909 2483 quos
934 2451 1120 2485 sequuntur
1146 2447 1267 2478 Heius.
1286 2448 1424 2484 Dacier‚
1456 2451 1519 2480 διο.
1557 2451 1635 2492 Rip.

182 2479 324 2518 Hnjusce
350 2480 466 2513 Guelf.
485 2485 516 2513 3.
544 2487 579 2513 et
598 2494 682 2514 uuus
699 2495 717 2515 e
734 2485 820 2517 Mss.
836 2487 942 2517 Boecl.
966 2497 1081 2519 omnes
1098 2489 1141 2520 ibi
1157 2489 1284 2528 injuria.
1331 2490 1460 2523 Omnes
1478 2491 1551 2523 fere
1567 2494 1588 2524 l.
1607 2504 1634 2526 s,

181 2528 217 2553 et
240 2526 274 2553 in
301 2524 342 2554 iis
366 2525 601 2565 antiquissimi,
628 2527 730 2565 hujus,
748 2529 838 2568 quod
857 2529 889 2559 in
907 2540 1005 2560 unam
1024 2532 1184 2571 syllabam
1202 2533 1467 2564 contrabendum
1485 2542 1547 2567 est.
1573 2537 1633 2568 Fa.

182 2563 301 2596 Nostri
316 2576 449 2607 quoque
471 2567 602 2605 Hujus;
626 2575 660 2600 et
686 2575 855 2609 praeterea
880 2573 1028 2603 universi
1055 2583 1131 2604 curn
1159 2575 1246 2606 Edd.
1263 2581 1345 2607 vett.
1360 2577 1486 2615 injuria,
1504 2589 1568 2609 non
1586 2581 1635 2610 in-

173 2606 286 2647 juriis,
303 2615 341 2640 ut
357 2610 472 2640 nescio
487 2610 576 2641 unde
592 2611 686 2643 dedit
705 2613 866 2644 Faernus.
900 2616 910 2631 ⁴
924 2615 1071 2655 Injuria'
1087 2617 1140 2648 hic
1157 2627 1222 2648 non
1239 2624 1290 2648 est
1307 2619 1476 2660 singulare
1495 2622 1633 2663 aliquod

181 2648 323 2689 factum,
346 2652 405 2682 sed
434 2653 615 2684 universim
644 2654 678 2684 id
703 2656 791 2695 quod
821 2657 992 2695 [ujustz'tia.
1042 2659 1175 2691 Lucret.
1201 2670 1235 2692 v.
1265 2664 1358 2692 1151.
1394 2664 1402 2679 ⁴
1416 2664 1635 2696 Circumreiit

180 2692 268 2723 enim
286 2694 335 2724 vis
349 2699 450 2735 atque
466 2696 586 2736 injuria
603 2699 793 2738 quemque.'
823 2700 945 2739 Injiiria
961 2701 1005 2732 G.
1022 2702 1101 2732 EM.
1119 2703 1220 2735 Both.
1259 2704 1315 2734 ΒΓ.
1335 2705 1426 2736 Perl.
1450 2707 1543 2737 ‘libri
1560 2708 1632 2748 qui-

183 2734 260 2766 dam
289 2737 372 2768 Mss.
400 2744 435 2768 et
461 2738 613 2779 impressi
641 2740 673 2770 iu
699 2741 819 2780 quibus
835 2747 885 2773 est
907 2743 976 2773 ΕΡ.
993 2744 1119 2782 injuria.
1165 2747 1210 2777 Et
1231 2747 1346 2778 laudat
1370 2748 1577 2786 ὀμοιόπννωτον
1596 2751 1632 2782 F.

183 2777 384 2811 Fabricius.’
400 2781 589 2814 West.—94
604 2782 737 2823 Etapsus
752 2788 797 2816 est
812 2785 969 2818 Bacchide
985 2796 1068 2819 unus
1085 2797 1103 2819 e
1118 2789 1226 2821 Boecl.
1243 2790 1330 2821 alter
1341 2792 1459 2831 elapsus
1473 2793 1633 2824 Bacchide
