1966 3302
558 197 774 230 HECYRAE
806 197 915 228 Aer.
949 196 1022 227 111.
1053 197 1122 227 sc.
1156 196 1205 228 11.
1522 182 1606 225 341

165 296 309 338 Hem!
339 295 455 336 istoc
475 295 611 336 verbo
632 294 800 335 animus
817 293 924 334 mihi
943 293 1085 343 rediit,
1101 296 1143 334 et
1165 303 1272 333 cura
1294 301 1352 331 ex
1373 287 1506 330 corde
1527 299 1606 328 ex-

333 361 481 402 cessit.

167 430 293 471 PAR.
322 429 350 470 J
355 442 426 470 arn
446 441 501 468 ea
520 428 573 468 de
595 440 736 469 causa
755 439 963 467 maxume
985 438 1096 466 nunc
1116 425 1205 465 huc
1226 422 1402 464 introire
1422 422 1551 462 nolo:

164 498 281 539 Nam
301 497 339 537 si
360 496 572 537 remittent
594 494 821 548 quidpiam
843 494 1122 535 Philumenae
1143 492 1335 540 dolores,

164 566 349 606 Omnem
371 577 458 604 rem
480 563 685 612 narrabit,
709 564 821 612 scio,
844 562 1053 603 continuo
1076 560 1172 600 sola
1194 559 1297 608 soli,
1554 555 1611 597 15

164 632 279 684 Quae
299 633 411 672 inter
432 644 510 671 vos
531 631 774 680 intervenit,
794 629 909 671 unde
932 634 1078 670 ortum
1101 631 1167 669 est
1186 627 1353 667 initium
1373 624 1465 665 irae.

163 751 258 786 Hem,
273 752 354 781 dicto
370 754 422 781 tuo
437 751 474 779 de
489 747 695 789 adrentufilii
708 747 823 786 refecta
838 750 869 778 et
894 749 1033 777 recreata
1047 755 1129 784 sum,
1144 749 1174 776 et
1187 745 1329 776 anxietas
1344 754 1383 775 ex
1398 743 1499 774 animo
1515 751 1611 772 reces-

159 793 215 824 sit.
260 794 326 824 ΡΑ.
349 793 518 832 Propterea
534 796 564 822 te
575 791 731 831 praecipue
753 790 808 821 has
833 791 913 820 <edes
927 790 1062 828 ingredi,
1084 799 1143 819 non
1158 788 1268 818 suadeo
1285 787 1363 818 tibi.-
1387 796 1458 816 nam
1473 786 1501 815 si
1515 784 1613 815 morin·

160 837 246 866 dolor
261 836 477 867 Philumenam
489 835 652 874 relinquat,
668 836 700 864 et
721 833 962 870 intermittatur,
979 841 1038 862 non
1054 831 1179 862 dubium
1194 834 1239 862 est
1255 830 1342 867 mihi,
1356 829 1430 870 quin
1446 828 1611 867 Pamphilo

159 882 256 909 totam
269 879 315 910 rei
329 879 442 910 seriem
456 881 600 917 exponat,
616 879 645 907 et
662 879 813 906 recenseat
826 875 986 914 confestim
1008 875 1133 905 remotis
1149 873 1289 911 arbitris,
1303 882 1438 912 proesens
1450 870 1612 911 praesenti,

160 931 228 961 quoe
252 922 336 952 inter
358 925 388 952 te
403 924 434 952 et
449 931 513 951 eam
530 919 690 951 iracundia
707 919 890 958 intercessit,
907 921 936 950 et
952 927 991 949 ex
1013 927 1073 957 qua
1089 927 1121 948 re
1136 917 1200 947 odii
1215 917 1302 955 origo
1308 915 1422 956 fluxit.
1466 914 1546 944 Ecce
1562 913 1613 943 hic

769 1014 1004 1026 ‘unomen-ee

160 1080 314 1122 Utraque
330 1080 434 1111 lectio
450 1080 611 1111 Plautum
628 1080 729 1111 habet
745 1084 929 1110 auctorem.
964 1077 1065 1109 lVest.
1107 1076 1230 1116 gratias
1246 1076 1391 1107 Bru—12
1419 1073 1529 1105 Rediit
1544 1074 1612 1105 ani-

159 1133 237 1161 mm,
252 1133 327 1154 cura
347 1123 445 1154 Both.
468 1123 593 1154 recessit
616 1124 760 1154 Br.—13
786 1122 835 1152 M.
851 1126 886 1152 et
902 1120 1022 1151 Boend.
1039 1121 1090 1150 Ita
1106 1130 1140 1151 ea
1155 1129 1256 1150 causa.
1291 1117 1457 1159 quomodo
1484 1127 1526 1147 ex
1551 1117 1613 1147 im-

161 1167 284 1206 pressis
300 1166 443 1206 Argent.
461 1166 567 1201 Luzd.
586 1171 729 1206 uterque
747 1165 873 1195 Venet.
892 1164 960 1194 alii.
986 1164 1045 1193 sed
1065 1163 1135 1194 EA.
1156 1162 1232 1192 Ald.
1248 1162 1365 1200 Stepli.
1382 1164 1417 1190 et
1429 1160 1614 1192 Junt..lam

159 1218 195 1239 ea
210 1212 240 1240 te
253 1219 355 1240 causa.
373 1209 478 1240 West.
502 1213 537 1239 et
555 1208 619 1247 jam
635 1218 669 1238 ea
686 1212 715 1239 te
732 1208 810 1248 Bip.
837 1207 894 1237 ΒΓ.
919 1208 927 1222 ‘
944 1216 1024 1236 nnnc
1038 1206 1158 1236 intrare
1174 1205 1241 1235 duo
1260 1202 1356 1234 Mss.'
1383 1203 1479 1234 Boecl.
1515 1204 1523 1219 ⁶
1543 1203 1612 1234 Hic

161 1261 294 1292 quoque
321 1262 351 1282 o.
365 1251 387 1282 1.
403 1261 427 1283 3.
455 1252 504 1282 ita
527 1251 706 1289 collocant,
721 1261 801 1281 nunc
816 1250 874 1280 huc
889 1249 1020 1279 introire
1044 1249 1132 1279 nolo:
1168 1248 1216 1279 ita
1241 1247 1372 1277 introire
1402 1245 1614 1285 trisyllabum

158 1294 250 1325 erit!
269 1295 328 1325 Fa.
353 1295 361 1311 ‘
380 1294 496 1325 Nostri
516 1303 649 1334 quoque
663 1303 778 1324 omnes
796 1302 875 1323 nunc
889 1291 970 1322 huc?
995 1292 1097 1322 Bent.
1113 1291 1224 1329 jamte
1240 1300 1278 1320 ea
1293 1290 1330 1320 de
1343 1298 1435 1320 causa
1452 1289 1552 1319 Both.
1576 1299 1612 1319 ea

159 1340 190 1367 te
201 1346 240 1367 ex
255 1347 348 1367 causa
364 1335 482 1368 Guelf.
497 1339 566 1367 3.-
577 1339 615 1367 14
641 1336 691 1366 Ita
707 1336 807 1366 estin
825 1335 907 1365 Mss.
923 1334 1041 1364 Leidd.
1060 1341 1216 1373 quatuor,
1231 1332 1289 1363 sed
1307 1336 1340 1362 et
1351 1331 1412 1362 Tr.
1428 1336 1463 1361 et
1480 1330 1613 1362 duobus

160 1380 244 1411 Mss.
262 1380 404 1410 Donati.
451 1380 495 1409 Et
513 1379 561 1409 ita
578 1388 595 1409 e
610 1378 770 1409 Diomed.
790 1377 846 1408 lib.
864 1385 918 1407 111.
935 1377 1051 1407 laudat
1070 1378 1125 1408 Fr.
1142 1375 1331 1413 Fabricius,
1345 1373 1502 1405 defendit
1519 1374 1612 1414 Guy-

160 1426 248 1462 etus,
260 1432 448 1463 quanquam
466 1422 549 1452 Mss.
563 1422 616 1452 alii
631 1431 706 1452 cum
732 1420 808 1451 edd.
823 1420 1017 1456 Juntamim,
1034 1419 1126 1455 Aldi,
1144 1418 1305 1458 Stephani
1322 1418 1354 1447 in
1371 1417 1520 1454 eleganti
1543 1417 1613 1447 edi-

159 1464 264 1505 tione,
279 1465 358 1495 auni
376 1467 471 1496 1540.
487 1462 601 1495 formae
620 1464 779 1503 minimae,
808 1461 881 1494 EA.
903 1462 1114 1493 Philumenam
1135 1460 1333 1502 praeferunt.
1382 1460 1482 1490 Prior
1508 1459 1614 1491 lectio

159 1508 282 1539 Latina
298 1508 402 1548 magis
419 1507 566 1546 videtur,
582 1513 700 1548 estque
717 1507 749 1537 in
767 1506 844 1537 edd.
861 1504 1007 1544 Argent.
1028 1506 1134 1545 Lugd.
1152 1504 1267 1544 Stepli.
1293 1502 1368 1535 anni
1398 1505 1493 1533 1536.
1520 1502 1613 1534 Pict.

159 1551 246 1581 aliis.
269 1550 380 1590 Atque
393 1550 510 1581 eodem
523 1560 622 1581 sensu
638 1550 736 1581 Celso
750 1550 758 1566 ‘
771 1549 867 1579 dolor
878 1558 912 1579 se
925 1548 1099 1578 remittere
1110 1548 1117 1561 '
1131 1547 1267 1578 dicitur.
1286 1547 1388 1577 Plato
1400 1545 1519 1585 Legib.
1535 1555 1614 1577 vm.

158 1592 219 1624 Καὶ
231 1593 284 1624 ἐὰν
296 1591 352 1631 μέν
367 1603 417 1623 σοι
432 1595 537 1634 δρῶντι
548 1594 640 1634 λωφᾷ
654 1605 685 1623 τι
699 1592 738 1622 τὸ
750 1591 878 1630 νόσημα.
923 1591 1025 1630 Soph.
1042 1591 1191 1621 Pliiloct.
1207 1593 1282 1621 760.
1311 1588 1366 1620 ἕως
1389 1588 1446 1629 ἀνῇ
1462 1587 1504 1618 Τὸ
1526 1590 1614 1625 πῆμα

157 1637 251 1667 τοῦτο
265 1637 319 1672 τῆς
337 1634 429 1666 νόσου
441 1635 478 1667 τὸ
490 1637 543 1667 νῦν
554 1635 659 1677 παρόν.
704 1636 760 1666 Sic
777 1635 870 1666 venti
887 1638 923 1665 et
939 1634 1063 1665 imbres
1079 1634 1088 1650 ‘
1107 1634 1282 1664 remittere
1293 1632 1300 1643 ’
1317 1633 1490 1663 dicuntur.
1514 1631 1616 1662 IVest.

158 1679 200 1710 V.
220 1679 259 1711 C.
277 1679 503 1710 Philumenam.
529 1679 627 1710 Lind.
673 1679 785 1710 Etiam
803 1677 909 1708 nostri
925 1677 1023 1707 codd.
1041 1677 1138 1707 Both.
1164 1676 1211 1706 sic
1227 1682 1262 1706 et
1279 1676 1338 1706 ΒΓ.
1358 1675 1451 1705 Perl.
1496 1674 1613 1705 Dona-

158 1727 212 1753 tus
235 1721 319 1764 legit
346 1722 561 1753 Philumenae:
595 1722 722 1761 dicens,
752 1724 760 1738 ‘
781 1721 971 1758 remittent,
997 1720 1136 1750 verbum
1163 1719 1325 1756 activum,
1353 1717 1499 1758 positum
1527 1726 1616 1757 esse,

156 1765 252 1806 quasi
268 1765 449 1796 neutrum.²
496 1765 551 1795 Ita
567 1765 669 1795 etiam
687 1764 767 1804 legit
787 1763 926 1794 Rufinus
952 1763 985 1793 in
1015 1763 1100 1793 libro
1118 1762 1158 1793 de
1178 1762 1293 1792 metris
1308 1760 1445 1791 comicis
1461 1771 1469 1791 :
1497 1761 1615 1801 itaque

156 1807 260 1839 etiam
288 1808 456 1847 scriptum
480 1808 616 1838 videtur
639 1806 743 1838 fnisse
768 1807 799 1837 in
828 1806 918 1837 vict.
942 1806 1000 1836 sed
1029 1805 1153 1836 deinde
1180 1808 1345 1835 mutatum
1369 1804 1400 1833 in
1430 1803 1613 1834 lectionem

157 1851 337 1891 vulgatam.
361 1850 421 1881 Fa.
465 1850 681 1881 Philumenam
694 1851 820 1880 dolores.
843 1849 899 1879 Sic
915 1849 1068 1889 plerique
1084 1848 1212 1886 nostri3
1238 1856 1322 1878 unus
1340 1851 1471 1877 tantum
1487 1846 1614 1886 Regius

156 1893 361 1924 Philumenoe.
392 1894 549 1924 Donatus
561 1894 729 1933 posterius
748 1892 870 1932 recipit
889 1901 898 1930 ;
922 1898 958 1922 et
974 1896 1082 1928 certe,
1100 1895 1108 1908 ‘
1121 1890 1241 1929 dolor‚’
1259 1892 1268 1907 ‘
1288 1890 1423 1920 morbus
1444 1888 1615 1927 remittit,'

158 1936 283 1976 passim
299 1937 460 1966 occurrit.
504 1936 634 1966 Tamen
649 1935 692 1966 ob
709 1935 741 1966 id
759 1935 846 1976 quod
865 1934 1030 1974 sequitur,
1044 1934 1257 1964 Philumenam
1269 1932 1321 1963 hic
1341 1931 1507 1962 adscisco.
1539 1932 1616 1963 Sola

156 1978 224 2017 soli,
239 1978 361 2018 inquit,
375 1977 528 2009 narrabit.
570 1978 604 2008 Si
623 1978 839 2009 Philumenam
852 1977 984 2014 scribis,
1010 1987 1050 2007 ea
1075 1981 1129 2007 est
1144 1977 1209 2007 ista
1225 1976 1316 2007 Sola..-
1341 1975 1391 2005 sin
1408 1974 1615 2014 Philumenae,

157 2030 233 2062 quae
250 2020 316 2051 ista
332 2020 405 2051 Sola
420 2021 476 2059 sit,
493 2021 634 2051 nescias.
658 2021 755 2051 Bent.
802 2021 996 2052 Philumenae
1012 2020 1091 2059 Bip.
1110 2019 1304 2060 quojudice
1326 2019 1334 2035 ‘
1353 2018 1481 2058 plenius
1500 2017 1614 2048 Latini

157 2065 166 2080 ‘
182 2073 219 2094 se
236 2063 439 2100 remittent,'
453 2062 542 2093 unde
559 2063 718 2093 abnorme
733 2067 787 2094 est
805 2063 894 2104 quod
912 2063 967 2094 alii
985 2063 1108 2102 etipse
1126 2063 1224 2093 Bent.
1251 2060 1440 2102 praeferunt
1453 2060 1615 2091 Philume-

156 2106 251 2137 nam?
287 2107 297 2124 ‘
311 2106 448 2146 Duplex
465 2106 562 2145 hujus
580 2106 644 2136 loci
663 2106 764 2136 lectio
778 2112 841 2137 est.
876 2105 913 2136 Si
925 2106 1085 2136 remittent
1101 2105 1259 2145 quippiam
1275 2104 1469 2134 Philumena?
1485 2103 1615 2143 dolores,

157 2155 193 2180 et
208 2149 237 2180 si
251 2149 410 2180 remittent
429 2148 585 2189 quippiam
603 2149 819 2179 Philumenam
833 2149 963 2179 dolores.
1005 2149 1040 2179 Si
1059 2149 1204 2189 priorem
1224 2147 1402 2178 lectionem
1419 2155 1615 2186 sequamur,

156 2192 275 2223 dolores
287 2193 446 2222 remittent
463 2190 631 2231 significat
648 2191 792 2222 leniores
809 2191 905 2230 fient,
929 2191 1148 2229 sedabuntur,
1165 2190 1361 2231 pronomine
1388 2199 1420 2220 se
1448 2189 1613 2220 subintel-

156 2235 258 2274 lecto,
274 2235 362 2275 quod
380 2243 472 2274 saepe
487 2233 632 2264 additur.
678 2234 748 2266 Cic.
774 2234 805 2264 in
832 2234 932 2272 Orat.
956 2244 986 2265 c.
1004 2236 1055 2264 34.
1100 2235 1157 2264 Sin
1178 2233 1400 2274 posteriorem
1419 2232 1613 2271 lectionem,

156 2287 231 2318 quae
246 2277 396 2317 pluribus
413 2276 678 2307 auctoritatibus
696 2276 828 2314 nititur,
843 2275 1072 2316 praeferamus,
1088 2277 1205 2307 dolores
1220 2276 1381 2306 remittent
1399 2275 1614 2306 Philumenam

156 2319 338 2360 significat,
351 2319 486 2350 dolores
508 2319 702 2360 relinquent
719 2318 978 2350 Philumenam?
1013 2319 1051 2350 R.
1072 2319 1200 2349 D.—16
1224 2318 1278 2349 lta
1298 2318 1361 2348 edo
1389 2327 1430 2348 ex
1456 2317 1611 2348 omnibus

158 2363 242 2394 Mss.
259 2363 355 2400 meis,
370 2362 472 2393 etiarn
490 2365 635 2402 utroque
657 2362 713 2392 illo
731 2362 877 2400 Donati3
911 2363 1025 2403 itaque
1053 2362 1169 2400 legunt
1197 2361 1377 2396 editiones,
1404 2359 1476 2391 ΕΑ.
1502 2360 1613 2400 Lugd.

157 2405 302 2446 Argent.
328 2403 632 2443 Juntarum‚Aldi,
655 2404 835 2445 Stephani,
859 2405 1053 2442 Pulmanni,
1078 2404 1228 2443 Fabrini,
1254 2404 1340 2434 aliae.
1394 2402 1544 2434 Faernus
1567 2413 1611 2433 ex

157 2449 255 2479 Bem.
270 2448 474 2479 intervenerit
493 2452 607 2478 tuetur
622 2458 630 2486 3
653 2448 741 2488 quod
757 2448 877 2486 nuperi
891 2448 1040 2478 editores
1057 2452 1134 2478 sunt
1152 2446 1301 2487 sequuti.
1350 2445 1390 2475 In
1405 2446 1514 2476 altero
1528 2446 1610 2478 Mss.

157 2491 288 2522 Donati
305 2497 371 2528 est,
387 2501 453 2531 quae
469 2489 551 2521 inter
566 2500 618 2520 vos
632 2490 729 2521 venit.
752 2490 861 2521 West.
905 2491 1001 2520 Beni.
1018 2491 1230 2521 intervenerit.
1257 2489 1306 2519 ita
1333 2488 1405 2518 sine
1423 2488 1490 2518 ulla
1507 2488 1610 2519 licen-

157 2534 207 2565 tia
223 2533 377 2574 procedit
396 2541 522 2564 versus.
566 2533 614 2564 ita
641 2535 743 2564 etiam
770 2533 862 2573 prius
887 2534 1021 2563 videtur
1047 2533 1148 2563 fuisse
1174 2533 1208 2563 in
1225 2532 1316 2562 vict.
1332 2532 1385 2561 cui
1406 2531 1501 2561 nimis
1517 2540 1611 2571 saepe

157 2576 250 2607 scioli
277 2585 393 2606 manus
410 2575 644 2607 admoverunt.
677 2576 736 2606 Fu.
784 2575 899 2606 Nostri
916 2576 1094 2606 intervenit.
1141 2575 1208 2606 Sed
1234 2574 1344 2604 adhuc
1372 2578 1493 2612 restat,
1517 2574 1608 2614 quod

158 2618 324 2650 Bembino
341 2619 516 2658 suppetias
532 2617 629 2649 ferat.
673 2619 828 2658 Repone,
853 2618 932 2653 Quae
957 2619 1040 2648 inter
1064 2628 1119 2649 vos
1144 2617 1390 2653 intervenerint‚·
1414 2618 1494 2647 unde
1509 2620 1611 2647 ortum

159 2665 206 2692 est
218 2662 345 2693 initium
360 2662 428 2692 iroe.
473 2662 482 2677 ‘
503 2661 590 2693 Qnae
602 2663 609 2675 '
633 2661 721 2691 enim
737 2670 801 2691 non
819 2660 968 2691 refertur
985 2660 1025 2691 ad
1049 2663 1057 2678 ⁶
1076 2662 1158 2691 Rem
1173 2660 1194 2698 ;'
1227 2659 1285 2690 sed
1301 2665 1352 2690 est
1370 2660 1481 2690 neutri
1497 2660 1609 2699 plura-

159 2703 209 2735 lis.
251 2708 260 2722 ‘
279 2703 423 2735 Omnem
440 2713 511 2734 rem
528 2703 702 2742 narrabit3
727 2703 812 2736 Quae
831 2703 921 2734 inter
938 2713 995 2734 vos
1012 2703 1270 2743 intervenerint,
1286 2701 1461 2734 narrabit!
1487 2703 1609 2742 Neque

160 2746 259 2778 aliter
273 2746 431 2778 Donatus
457 2747 535 2778 olim
560 2746 717 2787 legebat:
743 2748 752 2764 ‘
769 2746 846 2782 Quae
861 2746 944 2777 inter
967 2756 1019 2777 vos
1033 2746 1246 2778 intervenerit.
1285 2745 1410 2777 Melius
1426 2744 1486 2780 sic,
1510 2754 1610 2785 quani
