1966 3302
495 223 841 254 ADELPHORUM
878 222 984 252 Ac'r.
1019 222 1084 252 iv,
1116 220 1183 250 sc.
1217 220 1269 251 ιι.
1525 207 1608 249 741

157 320 239 360 SY.
285 318 460 361 Nostin’
501 320 732 381 porticum,
784 318 904 372 apud
936 317 1185 365 macellum,
1226 315 1338 356 hanc
1373 313 1608 354 deorsum?

328 387 419 428 DE.
451 376 871 437 Quidni‘noverim'?
975 376 978 377 ⁷

157 453 242 496 SY.
275 454 509 495 Praeterito
529 454 612 494 hac
629 458 752 494 recta
772 452 919 505 platea
940 463 1113 491 sursum
1133 463 1142 490 :
1164 448 1241 489 ubi
1262 461 1316 488 eo
1335 447 1522 495 veneris,
1553 446 1610 486 35

155 520 310 563 Clivos
332 521 537 563 deorsum
562 533 718 562 vorsus
738 524 829 559 est:
860 518 944 558 hac
968 522 1012 557 te
1034 517 1315 570 praecipitato
1335 529 1344 556 ε
1376 519 1537 567 postea

155 587 240 628 Est
260 588 318 629 ad
337 588 448 629 hanc
464 600 645 629 manum
667 585 905 644 sacellun1;
939 584 1000 624 ibi
1024 583 1298 636 angiportum
1321 584 1503 634 propter
1523 586 1608 621 est.

154 657 247 697 DE.
278 655 515 707 Quonam?
578 656 661 697 SY.
691 643 902 695 Illic'ubi
923 652 1057 692 etiam
1079 651 1314 704 caprificus
1335 661 1492 701 magna
1513 653 1608 688 est:

324 725 515 766 nostin’?
580 725 667 765 DE.
700 722 837 764 Novi.
899 721 982 762 ΞΥ.
1015 719 1116 760 Hac
1137 719 1319 772 pergito.

155 792 246 833 DE.
277 791 332 833 Id
353 791 532 846 quidem
555 791 832 844 angiportum
855 801 942 828 non
964 796 1033 827 est
1053 786 1261 840 pervium.
1324 785 1407 825 SY.
1438 783 1606 825 Verum

322 859 470 900 hercle
488 873 498 901 :
529 859 618 900 vah
634 859 642 899 !

153 925 340 968 Censen’
369 927 590 998 hominem
621 938 691 966 me
725 925 855 965 esse?
887 922 1040 963 erravi.
1101 922 1155 962 In
1188 921 1404 975 porticum
1435 932 1606 961 rursum

321 995 438 1036 redi:
471 993 515 1002 Ὺ
1550 986 1607 1027 40

151 1105 214 1135 SY.
241 1104 403 1136 Novistine
416 1104 470 1136 ubi
483 1105 546 1136 sita
561 1107 607 1135 est
625 1104 764 1145 porticus
778 1104 818 1133 ad
841 1103 1011 1140 macellum,
1035 1102 1075 1132 ad
1092 1101 1184 1131 imum
1206 1100 1318 1135 vicum,
1333 1099 1493 1129 deorsum?
1537 1096 1605 1127 DE.

151 1147 247 1178 Noni.
289 1148 352 1179 SY.
376 1149 512 1178 Procede
527 1148 583 1178 hac
598 1150 699 1188 parte,
713 1149 799 1177 recta
819 1155 874 1186 per
895 1146 1029 1185 plateam
1044 1153 1164 1174 sursum
1181 1144 1364 1173 incendens.-
1387 1140 1438 1170 ubi
1454 1150 1486 1170 eo
1501 1148 1607 1178 perte-

149 1191 246 1227 neris,
260 1191 356 1222 clivus
370 1194 417 1222 est
438 1191 594 1222 declinans
616 1191 656 1221 ad
681 1189 857 1228 inser-iorem
880 1188 941 1219 tici
962 1191 1101 1228 partem:
1124 1196 1180 1226 per
1204 1186 1283 1215 hunc
1310 1184 1456 1215 descende
1481 1181 1604 1213 subito:

148 1233 261 1264 exinde
275 1237 426 1264 structum
448 1237 495 1264 est
509 1235 549 1264 ad
564 1234 642 1264 hanc
663 1243 786 1263 manum
800 1232 943 1262 sacellum
954 1241 965 1267 ;
985 1240 1078 1270 prope
1094 1228 1276 1268 angiportus
1291 1230 1347 1258 est.
1394 1226 1460 1256 DE.
1485 1226 1524 1255 In
1545 1234 1605 1264 qua

145 1274 258 1315 parte?
301 1276 362 1307 SY.
387 1276 458 1307 Illic
479 1276 533 1307 ubi
549 1276 633 1317 ficus
657 1275 819 1315 sylvestris
845 1284 970 1314 procera
996 1277 1058 1304 est.-
1081 1272 1256 1303 novistine?
1303 1271 1373 1300 DE.
1400 1268 1494 1299 Nori.
1541 1268 1604 1297 SY.

149 1318 223 1348 Hac
241 1319 439 1359 progredere.
485 1319 551 1350 DE.
576 1319 610 1349 Is
623 1319 747 1358 quidem
768 1317 952 1357 angiportus
975 1320 1021 1347 est
1046 1315 1223 1354 impert-ius.
1269 1313 1329 1344 SY.
1358 1313 1468 1342 Verum
1487 1310 1604 1341 meher-

147 1361 230 1392 cale.-
251 1362 336 1394 vah!
357 1365 444 1394 tanta
459 1366 504 1394 est
518 1362 675 1394 stoliditas
691 1370 770 1401 mea,
786 1364 821 1392 ut
837 1360 893 1390 vix
915 1369 962 1390 me
986 1358 1137 1389 homiuem
1152 1367 1215 1388 esse
1232 1355 1327 1387 dicas.
1372 1355 1489 1385 Errore
1505 1355 1607 1393 lapsus

757 1454 999 1468 eeeeeeeeeeee

148 1534 225 1564 Jam
239 1532 369 1564 omittit
384 1534 530 1564 Biz—34
556 1533 598 1565 In
615 1533 815 1575 quibusdam
833 1533 945 1565 Libris
961 1536 995 1563 et
1021 1530 1093 1562 ΕΡ.
1111 1533 1177 1567 est,
1192 1528 1249 1558 hac
1264 1528 1414 1558 deorsum.
1461 1523 1605 1555 Codices

148 1575 284 1616 quidam
311 1586 387 1607 cum
414 1577 563 1615 Donato,
586 1578 696 1608 norim.
722 1578 831 1607 West.
878 1575 967 1615 Hac]
996 1575 1076 1605 Par.
1102 1573 1156 1603 ed.
1184 1571 1271 1602 hunc.
1298 1570 1390 1600 Perl.
1440 1567 1527 1606 Hac]
1551 1566 1607 1598 ΑΙ.

146 1619 233 1650 male
248 1619 338 1650 hanc.
362 1619 442 1660 Bip.
490 1619 561 1650 Huc
577 1619 679 1651 Bent.
695 1620 798 1650 Both.
815 1623 851 1649 et
870 1619 965 1649 Perl.
1009 1618 1061 1648 Ad
1074 1625 1135 1656 pro
1152 1615 1232 1654 apud
1249 1613 1436 1643 noun—35
1463 1611 1603 1649 Repone

145 1671 261 1692 sursus.
284 1663 387 1693 Bent.
431 1661 562 1701 Sursus]
585 1663 718 1693 Sursum
738 1663 781 1692 al.
808 1667 933 1701 pr‘aeter
951 1667 1109 1691 metrum.
1134 1658 1211 1697 Rip.
1257 1656 1372 1686 Sur-sus
1390 1654 1491 1685 Both.
1509 1653 1603 1684 Peri.

147 1705 192 1736 Et
204 1714 328 1735 rursum
344 1703 458 1736 Guelf.
476 1707 596 1736 2.—36
619 1705 659 1735 In
677 1705 876 1744 quibusdam
895 1704 1080 1735 Codicibus
1097 1701 1196 1732 deest
1212 1703 1254 1730 te.
1301 1698 1383 1732 Ani,
1406 1697 1462 1727 Ιῑ(ω
1479 1700 1510 1727 le
1523 1705 1605 1735 1²¹*oe-

145 1747 254 1787 cipita.
279 1748 390 1780 WVest.
438 1748 542 1778 Clivos
567 1750 708 1778 deorsum
733 1757 858 1779 vorsum
884 1751 928 1778 est
944 1758 954 1777 .-
978 1748 1034 1777 hac
1056 1749 1086 1776 te
1110 1743 1328 1784 praecipitulo:
1350 1738 1472 1780 postea]
1508 1739 1605 1769 Beni.

147 1791 204 1821 hac
216 1790 414 1830 proecipituto
431 1791 586 1822 absolute
599 1791 722 1821 habet:
746 1796 784 1821 ut
800 1791 981 1830 Virgilius:
1005 1792 1014 1806 ‘
1031 1789 1109 1819 Nox
1126 1786 1260 1817 humida
1274 1784 1360 1816 coelo
1376 1781 1605 1821 Praecipitat!

146 1833 201 1864 Ita
218 1842 352 1874 quoque
368 1834 505 1864 videtur
521 1833 636 1874 legere
654 1834 826 1872 Donatus,
840 1834 888 1864 ita
904 1833 1035 1870 dicens,
1049 1832 1058 1848 ‘
1074 1829 1297 1868 Proecipitato:
1314 1827 1391 1857 Cito
1408 1824 1605 1855 descende.'

146 1876 222 1909 Qua
244 1875 392 1907 lectione
409 1876 569 1913 admissa,
596 1876 678 1907 licet
705 1886 820 1907 versus
849 1877 896 1907 sic
925 1883 1057 1916 quoque
1085 1871 1267 1904 sustentari
1291 1868 1411 1910 possit,
1427 1873 1553 1906 tamen,
1567 1872 1605 1898 ut

147 1918 268 1949 melius
293 1918 429 1957 habeat,
451 1920 532 1960 quia
555 1919 589 1949 in
615 1919 781 1960 aliquibus
797 1919 892 1950 libris
910 1929 971 1959 pro
987 1927 1109 1948 vorsum
1125 1920 1177 1946 est
1194 1924 1313 1951 versus,
1330 1910 1470 1950 legerim
1486 1919 1606 1940 vorsus.

148 1961 208 1992 Fa.
254 1961 358 1992 (Ἧι-ος
380 1963 522 1992 deorsum
545 1971 651 1992 vorsus
679 1966 745 1994 est.-
767 1963 824 1993 hac
850 1961 1064 2002 proecipitato:
1086 1958 1205 1999 postea]
1232 1957 1288 1987 Sic
1315 1955 1413 1985 dedit
1440 1952 1605 1983 Faernus.

146 2003 266 2034 Nostri
283 2014 358 2034 cum
375 2008 460 2036 vett.
487 2003 573 2036 Edd.
600 2014 724 2036 vorsum
748 2010 816 2040 est,·
838 2005 894 2035 hac
919 2009 949 2035 te
973 2003 1179 2043 praecipitato.
1225 2001 1320 2030 Unus
1347 2000 1477 2027 tantum
1502 1995 1606 2026 habet

145 2056 264 2084 vorsus,
288 2047 379 2077 idem
398 2052 511 2078 tamen
529 2050 560 2078 te
582 2047 698 2079 habet.
744 2048 901 2088 Utroque
918 2047 1017 2078 modo
1034 2051 1069 2076 et
1087 2053 1201 2074 versus
1219 2047 1255 2072 et
1271 2039 1445 2072 sententia
1460 2042 1606 2068 constat.

147 2088 206 2118 Pr.
223 2098 344 2120 versum
360 2090 414 2120 hic
430 2090 516 2130 legit
531 2100 565 2129 p.
584 2093 681 2122 1013.
697 2090 738 2121 de
754 2090 938 2121 Adverbiis
956 2090 988 2119 in
1006 2089 1094 2119 Um:
1118 2088 1127 2103 ‘
1144 2086 1322 2116 Orientem
1341 2091 1487 2117 versum,
1504 2080 1606 2111 Occi-

148 2131 285 2162 dentem
314 2141 467 2163 versum:
492 2133 663 2164 Deorsum
694 2143 843 2172 versum,
867 2132 1049 2163 Terentius
1080 2131 1112 2161 iu
1143 2128 1334 2168 Adelphis)
1389 2125 1445 2155 Sic
1471 2123 1606 2154 codices

148 2174 288 2214 scripti:
314 2175 348 2204 in
372 2175 528 2206 Putscbii
556 2175 706 2206 editione
733 2176 831 2207 deest
851 2176 1004 2206 Deorsum
1029 2183 1160 2205 versum.
1186 2173 1289 2202 Beut.
1334 2165 1605 2207 ‘Praecipitare’

147 2226 239 2257 saepe
255 2217 327 2248 sine
343 2226 423 2248 casu
439 2217 595 2249 absolute
612 2219 760 2256 ponitur.
789 2219 830 2249 R.
847 2219 891 2249 D.
941 2218 1072 2249 Vorsum
1088 2216 1147 2246 Er.
1162 2215 1264 2245 Bent.
1294 2212 1396 2243 Both.
1422 2211 1515 2240 Perl.
1564 2209 1605 2240 Te

147 2260 310 2291 omittunt
325 2260 548 2301 Delph.Bip.
594 2261 716 2291 Rursus
732 2271 793 2300 pro
810 2271 918 2291 vorsus
943 2259 1062 2291 Guelf.
1090 2260 1208 2289 2.-37
1235 2255 1329 2287 Libri
1356 2253 1492 2293 quidam
1520 2251 1607 2283 Mss.

145 2306 181 2333 et
205 2302 373 2342 impressi,
396 2308 475 2344 post
500 2304 572 2335 ΕΡ.
595 2314 688 2344 prope
703 2307 759 2335 est.
783 2304 889 2335 West.
935 2303 1001 2343 Ibi]
1018 2302 1052 2334 J.
1067 2301 1129 2332 ubi.
1153 2300 1333 2331 Perl.—-SS
1357 2297 1499 2327 Versum
1517 2295 1604 2326 huuc

145 2345 321 2376 denarium
338 2346 579 2377 catalecticum
595 2347 803 2377 trochaicum
828 2345 977 2377 faciunt:
1003 2354 1086 2386 quos
1110 2343 1221 2374 nullos
1247 2340 1383 2381 scripsit
1410 2339 1604 2369 Terentius.

144 2386 238 2419 Alibi
254 2399 262 2418 :
289 2387 472 2424 Quidnam?
494 2390 586 2425 Illuc,
601 2391 655 2430 850.
702 2390 773 2429 Ego
789 2389 971 2429 legendum
990 2387 1137 2428 putarim
1167 2386 1322 2416 Ubinam?
1352 2382 1413 2413 Ubi
1428 2382 1533 2415 etium,
1550 2382 1604 2419 850.

145 2434 185 2461 ut
198 2431 243 2461 sit
257 2431 434 2463 Trochaic.
451 2435 564 2463 octon.
591 2432 771 2473 hypercat.
817 2433 959 2467 Quonam
982 2440 1047 2462 non
1064 2430 1201 2460 videtur
1218 2426 1390 2458 sententia
1407 2424 1603 2464 postulare:

144 2472 218 2504 Illic
233 2473 298 2505 Do.
317 2483 381 2504 non
397 2474 491 2513 legit.
516 2475 595 2505 Gov.
646 2474 803 2514 Quonam]
826 2475 889 2506 Ms.
920 2474 1012 2514 Lips.
1040 2472 1113 2504 EA.
1138 2476 1174 2502 et
1200 2471 1272 2501 ΕΡ.
1297 2465 1485 2503 Quodnam?
1511 2466 1603 2504 GUY·

145 2516 296 2556 reponit,
326 2515 486 2548 Ubinam?
509 2517 594 2548 Mss.
619 2518 769 2558 quidam,
794 2517 902 2550 nosti?
924 2518 1034 2548 Deest
1060 2525 1079 2546 a
1104 2513 1226 2545 Bemb.
1254 2512 1396 2552 aliisque
1420 2508 1604 2546 nonnullis,

146 2558 283 2599 quando
309 2569 427 2590 versus
454 2563 507 2590 est
533 2560 728 2591 trochaicus
754 2561 987 2591 catalecticus.
1027 2559 1124 2589 Wese.
1175 2556 1299 2587 Deleta
1324 2563 1367 2584 ex
1395 2552 1603 2584 auctoritate

144 2601 305 2632 Bembini
322 2601 471 2633 dictione
487 2603 603 2642 nostin,
628 2612 744 2633 versus
761 2608 915 2634 remanet
940 2602 1135 2633 trochaicus
1158 2597 1393 2632 catalecticus,
1418 2600 1456 2626 ut
1478 2593 1603 2625 ceteri.

147 2643 207 2675 Fa.
251 2645 361 2675 Vetus
377 2649 494 2676 noster
519 2645 614 2676 delet
638 2646 761 2676 nostin.-
787 2652 824 2676 tu
850 2645 927 2676 dele
955 2645 1058 2676 etiam
1088 2644 1240 2678 Quonam.
1263 2639 1454 2671 Bentleius.
1499 2636 1604 2675 Vulg.

147 2687 311 2725 praemitt.
356 2687 522 2723 Quonam?
551 2688 636 2719 GM.
662 2688 849 2723 Quodnam?
884 2689 1079 2727 Utrumque
1095 2695 1170 2717 cum
1186 2685 1292 2716 Bent.
1308 2681 1440 2713 omitto.
1487 2678 1605 2710 Nostin

145 2737 209 2759 nec
224 2729 314 2760 edid.
331 2730 411 2761 Par.
438 2731 525 2762 Perl.
574 2731 735 2766 Quodnam
751 2732 810 2762 ΒΓ.
847 2730 991 2761 Omittit
1008 2729 1109 2761 Botlt.
1123 2728 1178 2769 qui
1195 2736 1271 2757 curn
1288 2726 1346 2755 ΒΓ.
1362 2724 1441 2762 Bip.
1459 2727 1495 2753 ct
1512 2721 1605 2753 Peri.

146 2769 239 2802 delet
267 2772 479 2805 Nasum-39
502 2774 560 2806 Pr.
576 2774 661 2805 Inst.
691 2773 841 2805 Gramm.
866 2773 924 2804 lib.
941 2781 1051 2805 xvnr.
1078 2772 1114 2802 Id
1130 2774 1233 2801 <rectem
1247 2768 1457 2807 angiportum.
1502 2764 1603 2795 Quod
