1966 3302
561 243 788 275 nunnoni
822 243 932 273 Acr.
968 245 1007 272 v.
1042 244 1108 274 sc.
1143 243 1214 273 ix.
1533 232 1616 273 533

161 340 250 382 ΡΗ.
284 339 405 391 Quid
426 338 472 380 id
492 339 589 380 est?
651 337 746 379 GN.
778 337 971 379 Militem
992 350 1073 391 ego
1108 337 1291 379 rivalem
1315 337 1615 392 recipiendum

333 420 511 449 censeo.
574 405 664 446 PH.
698 405 844 446 Hem!

162 475 509 530 Recipiendum!
572 474 667 515 GN.
700 473 856 526 Cogita
891 472 1039 513 modo.
1099 471 1170 512 Tu
1205 471 1349 513 hercle
1383 485 1484 513 cum
1518 472 1613 521 illa,

333 543 558 591 Phaedria,

158 612 218 654 Et
236 612 424 653 libenter
443 610 586 661 vivis;
617 609 778 650 etenim
799 610 908 650 bene
926 608 1110 650 libenter
1131 609 1319 650 victitas.

160 679 295 731 Quod
326 677 417 729 des,
452 677 635 731 paulum
669 680 761 728 est3
805 681 850 717 et
869 689 1050 717 necesse
1086 682 1155 717 est
1188 677 1374 718 multum
1411 678 1615 732 accipere

329 745 561 795 Thaidem,
1558 749 1616 788 45

161 864 230 897 GN.
258 866 340 905 Ego,
354 869 388 896 ut
402 866 629 906 competitorem
644 865 781 896 Militem
795 865 829 896 in
843 874 944 897 amore
961 865 1019 896 tibi
1033 875 1096 895 esse
1115 865 1260 906 patiariS‚
1275 866 1436 905 Plumbia,
1450 866 1510 897 tibi
1526 875 1616 905 esspe-

157 908 224 938 dire
249 908 394 940 arbitror.
439 909 510 939 Pu.
535 908 644 940 Hem!
666 912 700 939 ut
727 909 952 949 competitorem
976 908 1103 948 patiar?
1148 908 1217 939 GN.
1251 910 1367 948 Cogita
1396 910 1495 947 modo,
1522 909 1617 938 Phre-

156 950 245 980 dria:
267 955 302 982 tu
316 952 484 983 mehercule
499 962 567 983 cum
586 951 703 983 Thaide
718 952 801 982 laute
823 955 853 982 et
870 955 1021 982 sumtuose
1045 951 1219 982 convivaris
1230 962 1243 988 ;
1268 962 1340 982 nam
1366 953 1459 982 etiam
1475 951 1617 982 delicatis

154 996 185 1023 et
199 994 311 1035 amplis
325 995 475 1026 conviviis
489 995 637 1026 delectari
651 996 739 1026 soles.
788 995 878 1030 Quod
893 1005 963 1026 vero
981 995 1008 1026 ez'
1023 995 1087 1032 (les,
1100 1004 1210 1036 parum
1226 994 1284 1025 tibi
1299 998 1343 1026 est
1357 1005 1368 1032 ;
1394 998 1422 1025 et
1439 1003 1555 1025 necesse
1567 997 1615 1024 est

766 1100 1007 1113 “omos“

156 1173 228 1210 nat,
244 1170 272 1201 si
287 1171 483 1212 synaloepha
499 1181 564 1203 non
582 1171 652 1204 fiat.
677 1173 738 1205 Fa.
783 1173 822 1204 Si
844 1174 925 1205 idem
952 1173 1009 1204 ΒΓ.
1037 1173 1140 1203 Bent.
1165 1172 1204 1203 Z.
1232 1172 1311 1212 Bip.
1340 1171 1433 1203 Perl.
1479 1172 1519 1203 Id
1535 1176 1615 1212 post

156 1217 166 1231 ‘
180 1223 239 1244 vos
254 1213 262 1226 ¹
288 1213 406 1246 Guelf.
425 1218 542 1246 1.-42
567 1216 710 1247 Rivalem
722 1216 793 1257 ego]
817 1218 885 1249 Do.
903 1221 939 1248 et
955 1226 985 1248 o.
1001 1217 1023 1247 l.
1041 1226 1067 1247 S.
1083 1221 1209 1256 praeter
1224 1215 1442 1254 Bembinum,
1459 1225 1514 1255 ego
1530 1216 1615 1246 riva-

155 1256 226 1296 lem,
251 1256 392 1288 meliore
417 1267 557 1289 numero
581 1263 617 1290 et
639 1259 898 1299 compositione.
926 1260 981 1291 Fa.
1027 1259 1147 1290 Nostri
1173 1268 1299 1295 omnes,
1313 1268 1369 1297 ego
1384 1259 1523 1289 rit-alem.
1572 1259 1616 1289 Et

156 1307 218 1337 pro
238 1299 322 1334 Quid
336 1303 383 1331 est
400 1300 549 1342 quinque
567 1311 643 1332 cum
660 1303 750 1334 Edd.
765 1308 850 1333 vett.
869 1302 954 1338 Quid
978 1302 1011 1333 id
1035 1300 1106 1333 est?
1139 1302 1242 1333 Bent.
1288 1301 1372 1337 Quid
1395 1305 1439 1332 est
1457 1302 1514 1331 Br.
1534 1301 1615 1342 Bip.

155 1341 196 1372 Z.
241 1342 304 1373 Em
329 1343 530 1375 Br.—43-45
556 1344 619 1375 ΡΙι.
645 1345 741 1385 Hem,
765 1345 1007 1386 Recipiundum]
1040 1345 1118 1376 Hoc
1147 1345 1298 1375 Cltaereae
1317 1345 1453 1375 tribue:
1479 1345 1488 1361 ‘
1504 1344 1615 1375 Hem’

155 1385 264 1415 solum
280 1385 471 1424 Phaedriae3
494 1387 551 1427 qui
568 1397 639 1427 prae
657 1388 891 1428 indignatione
914 1389 995 1419 nihil
1020 1387 1217 1428 respondet,
1240 1386 1299 1418 sed
1324 1387 1418 1418 vultu
1435 1388 1615 1418 consilium

155 1427 295 1467 spernit.
324 1429 417 1460 Bent.
462 1430 529 1461 Ms.
556 1431 649 1470 Lips.
671 1431 881 1462 benivolenter
907 1432 1043 1463 victitas.
1092 1431 1242 1471 Guyeto‚
1257 1431 1371 1461 etenim
1395 1430 1468 1461 bene
1483 1431 1615 1461 libenter

152 1470 294 1502 victitas.
342 1472 432 1507 Quod
446 1473 510 1512 des,
531 1474 657 1513 paulum
672 1477 731 1513 est,
754 1475 948 1515 ineptorum
972 1474 1257 1514 interpolatorum
1275 1473 1510 1504 additamenta
1526 1479 1614 1505 sunt.

153 1513 294 1554 Inepte,
309 1523 351 1545 ne
367 1515 448 1556 quid
465 1516 602 1556 gravius
619 1517 742 1548 dicam.
769 1518 864 1549 West.
912 1518 958 1548 Tu
972 1517 1072 1548 hercle
1089 1527 1156 1548 cum
1172 1517 1239 1555 illa,
1259 1516 1420 1556 Phoedrla,
1448 1517 1494 1547 Et
1516 1516 1614 1547 liben-

154 1560 203 1588 ter
217 1557 310 1596 vivi-⁹,
331 1558 444 1589 etenim
468 1559 541 1589 bene
557 1559 688 1590 libenter
710 1560 848 1600 victibus,
871 1561 961 1596 Quod
977 1561 1029 1591 des
1042 1561 1200 1599 paululum
1214 1563 1272 1599 est,
1288 1569 1406 1591 necesse
1421 1563 1466 1589 est
1481 1561 1614 1590 multum

152 1599 291 1639 accipere
309 1600 474 1642 Tl'hoidem]
498 1602 616 1633 Dictio
640 1603 755 1634 etenim
780 1604 813 1633 in
835 1603 951 1634 multis
975 1603 1069 1634 libris
1094 1608 1146 1634 est
1163 1603 1197 1633 in
1220 1602 1302 1633 duas
1319 1602 1449 1633 divisa:
1476 1608 1510 1633 et
1534 1611 1614 1633 sane

152 1642 244 1674 ratio
270 1644 433 1675 sermonis
460 1644 579 1685 exigit,
607 1650 657 1684 ut,
673 1651 851 1687 postquam
878 1650 910 1677 et
935 1646 1123 1687 praecessit,
1147 1644 1239 1676 aliud
1256 1649 1285 1676 et
1312 1650 1496 1686 sequatur:
1537 1654 1614 1676 nam

152 1685 237 1718 illud
252 1690 296 1727 et,
311 1687 401 1728 quod
414 1687 569 1729 sequitur
583 1688 616 1720 in
634 1689 803 1729 principio
821 1690 993 1730 sequentis
1012 1698 1141 1728 versus,
1164 1689 1211 1719 Et
1227 1689 1307 1728 quod
1330 1689 1382 1719 des
1400 1689 1571 1729 paululum,
1583 1693 1615 1720 et

151 1739 270 1761 necesse
283 1733 329 1761 est
342 1731 474 1761 multum
489 1732 626 1771 accipere
640 1732 800 1772 Thaidem,
817 1742 933 1763 omnes
950 1733 1082 1773 antiqui
1099 1731 1174 1762 libri
1189 1736 1225 1762 et
1249 1731 1346 1762 multi
1363 1731 1418 1762 alii
1437 1741 1477 1762 ex
1495 1741 1614 1763 recen-

152 1772 244 1804 tibus
260 1782 326 1804 non
341 1772 483 1805 habent.
529 1774 657 1806 Omnes
675 1785 755 1806 vero
770 1780 940 1816 quotquot
956 1782 1046 1814 sunt,
1062 1778 1140 1816 post
1150 1776 1320 1815 paululum,
1330 1774 1457 1805 habent
1473 1774 1613 1806 verbum

151 1819 210 1854 est,
236 1819 272 1847 et
291 1820 370 1857 post
391 1816 426 1846 id
443 1816 477 1847 in
496 1822 659 1849 contextu
676 1818 833 1849 Bembini
852 1828 919 1849 non
933 1824 987 1850 est
1003 1819 1199 1858 conjunctio
1216 1822 1268 1855 et;
1300 1827 1366 1859 qua
1390 1817 1515 1856 demta,
1538 1828 1614 1849 ver-

152 1859 205 1889 sui
234 1859 443 1890 commodius
461 1865 524 1892 est.
546 1861 606 1892 Fa.
653 1861 783 1892 Omnes
808 1862 918 1892 nostri
944 1872 1021 1893 cum
1050 1861 1137 1892 Edd.
1164 1866 1249 1893 vett.
1276 1861 1402 1892 habent
1429 1864 1460 1892 et
1485 1871 1615 1901 necesse,

152 1905 224 1932 tres
252 1907 365 1943 autem
389 1903 514 1942 paulum
541 1913 603 1944 pro
625 1905 803 1944 paululum.-
841 1905 931 1940 Quod
955 1907 1010 1936 des
1035 1905 1162 1945 paulum
1185 1907 1242 1943 est,
1259 1907 1290 1934 et
1305 1913 1423 1935 necesse
1438 1907 1496 1935 est.
1544 1904 1613 1935 Pro

151 1945 197 1975 Et
215 1944 346 1976 libenter
371 1945 463 1985 vivis,
480 1956 563 1977 unus
593 1956 635 1977 ex
661 1948 775 1987 Regiis
803 1948 847 1979 Ut
871 1948 1014 1979 libenter.
1061 1948 1152 1987 Lege
1180 1952 1216 1978 et
1243 1946 1427 1986 distingue,
1453 1946 1499 1978 Tu
1513 1947 1614 1979 hercle

151 1996 220 2018 cum
246 1987 314 2026 illa,
341 1988 504 2029 Phaedria,
544 1990 589 2020 Ut
619 1990 749 2021 libenter
774 1991 855 2021 vivis
892 1990 941 2031 (et
970 1992 1051 2022 enim
1082 1991 1155 2021 bene
1182 1990 1314 2021 libenter
1345 1989 1489 2029 rictitas)
1523 1991 1614 2026 Quod

150 2030 204 2060 des
227 2031 395 2072 paulum-st,
421 2034 452 2062 et
476 2042 595 2063 necesse
624 2037 670 2064 est
698 2035 828 2065 multum
855 2035 994 2075 accipere
1019 2034 1180 2066 Thaidem.
1243 2034 1286 2063 Ut
1314 2033 1414 2070 vit-is;
1451 2033 1515 2064 hoc
1547 2038 1612 2073 est,

151 2079 254 2113 prout
271 2074 367 2106 vivis.
411 2075 460 2106 Ut
477 2079 513 2106 tu
540 2076 649 2114 laute,
674 2082 857 2113 sumtuose,
881 2087 957 2108 cum
976 2087 1016 2109 ea
1034 2077 1117 2108 vivis
1136 2075 1301 2117 quotidie,
1324 2085 1463 2106 necesse
1491 2081 1554 2116 est,
1576 2083 1614 2108 ut

151 2116 211 2147 illa
227 2118 369 2147 multum
387 2118 556 2158 accipiat;
581 2118 645 2150 tibi
662 2129 743 2150 vero
760 2121 896 2160 paulum
915 2125 966 2151 est
987 2119 1076 2161 quod
1093 2120 1164 2151 des.
1209 2118 1382 2159 Quidjam
1400 2118 1612 2151 difficultatis

152 2159 229 2190 est?
251 2159 318 2190 Sed
334 2160 488 2191 exoritur
505 2162 554 2192 vir
570 2161 736 2201 eruditus,
752 2163 809 2203 qui
827 2163 938 2194 omnia
954 2164 1007 2194 hic
1025 2161 1230 2194 conturbet:
1253 2167 1356 2201 neget
1369 2161 1500 2193 libenter
1510 2163 1613 2194 rivere

151 2211 227 2242 pro,
245 2202 350 2244 laute,
364 2203 518 2235 hilariter
533 2204 588 2234 hic
605 2204 686 2243 dici,
701 2205 759 2235 sed
787 2205 936 2237 libenter
962 2216 1037 2237 cum
1063 2206 1141 2244 illa;
1173 2209 1275 2245 neget
1302 2205 1373 2236 bene
1392 2205 1522 2236 libenter
1545 2215 1612 2237 una

143 2244 256 2286 jungi,
271 2245 331 2276 sed
345 2245 477 2277 libenter
491 2246 730 2287 subdistingui,
747 2248 885 2288 Libens,
899 2249 1036 2288 Volens,
1051 2248 1124 2279 bene
1138 2248 1274 2278 vicenas.
1320 2247 1411 2280 Quid
1429 2258 1509 2288 ergo
1525 2249 1612 2279 illud

150 2288 255 2329 prisci
272 2288 410 2320 Catonis
426 2299 455 2320 c.
468 2292 542 2321 156.
585 2290 642 2321 ‘Si
659 2291 750 2321 voles
768 2291 801 2322 in
818 2292 971 2322 convivio
988 2292 1129 2322 multum
1140 2291 1269 2329 bibere,
1286 2300 1490 2332 coenareque
1505 2292 1612 2323 liben-

150 2335 205 2361 ter
217 2330 241 2362 ,θ’
265 2332 355 2364 Quid
373 2331 462 2372 quod
480 2332 602 2364 Cicero
618 2333 670 2364 De
687 2334 827 2365 Finibus
844 2337 923 2366 11.8.
940 2335 982 2365 de
999 2334 1106 2365 Laelio
1116 2338 1152 2365 et
1164 2334 1346 2365 Gallonio?
1372 2334 1473 2365 Hunc
1488 2344 1611 2375 nempe

150 2373 331 2415 Gurgitem
347 2375 517 2406 ‘libenter
530 2385 683 2408 coenasse
697 2376 704 2389 '
719 2376 819 2408 fateri
835 2387 973 2414 omnes;
1002 2380 1009 2393 ⁶
1022 2377 1108 2408 bene
1120 2376 1129 2390 ’
1154 2386 1319 2415 coenasse,
1337 2377 1477 2408 Laelium
1493 2382 1527 2408 et
1543 2388 1612 2408 om-

149 2426 209 2448 nes
224 2418 283 2458 qui
299 2422 395 2449 recte
415 2418 554 2459 sapiunt
569 2428 706 2460 negare.
750 2420 818 2451 Sed
840 2421 933 2461 piget
950 2421 982 2451 in
998 2421 1047 2451 his
1069 2420 1217 2459 morari3
1243 2429 1306 2451 nec
1329 2419 1403 2459 ejus
1420 2421 1614 2452 hariolatio·

150 2469 228 2491 nem
244 2464 276 2492 et
290 2461 385 2492 etiam
405 2471 466 2502 pro
490 2465 522 2492 et
547 2463 640 2501 enim,
657 2472 720 2493 nec
745 2464 985 2504 trajectionem
1010 2461 1170 2494 ‘hercle'
1196 2463 1231 2493 in
1254 2472 1388 2493 versum
1411 2469 1610 2504 sequentem

149 2508 252 2535 vacat
268 2508 443 2535 excutere.
488 2504 716 2537 Febriculosae
733 2506 784 2537 hae
812 2507 1110 2546 correctiunculae,
1138 2506 1232 2547 quasi
1252 2506 1366 2537 herbae
1395 2507 1609 2546 solstitiales,

149 2547 325 2587 paulisper
341 2546 450 2578 fuere.
472 2547 568 2578 Bent.
615 2549 667 2579 Ex
685 2549 787 2581 Bent.
813 2550 1010 2590 conjectura
1026 2549 1206 2587 legendum
1231 2553 1282 2580 est
1309 2549 1351 2579 Ut
1367 2548 1496 2580 libenter
1511 2550 1613 2581 viris:

149 2588 274 2620 deinde
290 2589 486 2630 parenthesi
504 2590 711 2622 includenda
727 2592 831 2622 verba
847 2593 959 2623 etenim
972 2592 1045 2624 bene
1058 2592 1113 2623 lib.
1124 2592 1263 2622 victitas.
1282 2592 1323 2622 R.
1340 2591 1382 2623 D.
1416 2592 1484 2623 Pu.
1501 2593 1583 2623 Hem
1594 2591 1611 2624 ⁴!

151 2631 220 2663 CH.
243 2633 482 2673 Recipiendzcm]
506 2634 545 2664 L.
571 2635 675 2675 antiq.
721 2636 792 2667 ΡΗ.
817 2635 901 2666 Hem
919 2636 1136 2675 recipiendum.
1184 2634 1284 2665 Hanc
1297 2635 1442 2666 oration.
1468 2645 1487 2665 a
1508 2636 1612 2666 Bent.

148 2673 238 2706 inter
254 2675 338 2706 duas
356 2684 518 2715 personas
535 2681 655 2707 contra
671 2687 701 2708 0.
718 2677 817 2708 codd.
834 2679 973 2709 divisam
990 2688 1029 2709 ac
1054 2678 1254 2709 distinctam
1272 2677 1386 2717 recepi
1413 2677 1548 2718 quidem
1574 2678 1609 2708 in

151 2722 297 2758 textum,
314 2718 373 2749 sed
391 2728 510 2758 parum
535 2718 644 2755 abest,
661 2724 699 2750 ut
723 2721 765 2750 ab
794 2721 969 2760 ingenioso
996 2721 1082 2752 Viro
1110 2726 1179 2751 tam
1197 2719 1283 2750 scite
1312 2720 1540 2760 persuadente
1565 2720 1608 2751 ad

149 2761 240 2800 vulg.
257 2761 440 2792 lectionem
461 2762 631 2793 recedam.
683 2763 832 2801 Vicinus,
856 2767 886 2795 et
913 2762 1029 2795 Guelf.
1055 2767 1086 2794 2.
1112 2764 1198 2794 Perl.
1242 2763 1343 2793 Bent.
1360 2772 1402 2793 ex
1428 2772 1493 2794 nno
1521 2763 1607 2794 Cod.

152 2808 271 2836 contra
288 2808 421 2836 ceteros
438 2814 553 2836 omnes
578 2805 767 2838 rescribens
799 2807 853 2846 Ut,
880 2806 959 2838 dein
985 2807 1033 2848 (et
1050 2805 1336 2847 enim—rictitas)
1361 2806 1610 2843 intercludens,
