1966 3302
247 230 333 272 (562
745 244 783 272 P.
817 243 1055 274 TERENTH
1089 245 1205 276 Aeni

251 336 429 386 Quaeris
452 337 511 386 id,
534 338 652 392 quod
676 338 827 388 habes,
850 342 1078 392 parentes:
1115 340 1232 394 quod
1255 341 1393 392 abest,
1415 355 1497 385 non
1521 345 1698 398 quaeriS‚

419 406 536 459 patri

250 471 489 522 Quomodo
512 473 773 526 obsequare,
794 477 836 514 et
855 479 906 514 ut
927 486 1088 525 serves,
1109 476 1229 530 quod
1250 477 1400 519 labore
1418 480 1643 522 invenerit.

250 539 357 580 Non
377 541 481 580 mihi
500 554 579 594 per
599 541 798 582 fallacias
817 541 1036 583 adducere
1058 550 1158 585 ante
1179 545 1365 587 oculos?
1394 546 1532 600 pudet

250 607 425 658 Dicere,
446 609 528 650 hac
550 613 782 662 praesente,
803 611 983 652 verbum
1005 618 1160 666 turpe:
1193 617 1238 654 at
1252 619 1296 655 te
1315 614 1359 654 id
1381 614 1501 656 nullo
1521 615 1654 658 modo

251 674 423 715 Puduit
442 676 600 718 faeere.
661 677 745 718 CL.
778 678 916 729 Eheu,
941 693 1071 733 quam
1093 694 1174 734 ego
1194 695 1308 723 nunc
1341 686 1462 725 totus
1483 684 1701 738 displiceo

424 744 527 784 mihi
545 745 553 785 !
1645 752 1704 795 20

253 810 401 862 Quam
423 812 580 865 pudet!
611 826 751 866 neque
773 815 890 868 quod
922 817 1191 871 principium
1209 819 1431 861 inveniam
1450 820 1506 862 ad
1524 820 1704 875 placan-

424 880 543 931 dum,
565 882 675 923 scio.

251 1036 384 1085 nestum?
398 1042 545 1078 quantum
559 1043 676 1079 poter-⁰.
724 1041 770 1072 Tu
785 1042 900 1081 quaeris
916 1043 960 1082 z'd,
977 1044 1056 1082 quod
1070 1044 1171 1082 habes,
1186 1053 1291 1083 nempe
1306 1048 1449 1084 parentes
1459 1056 1472 1082 ‚·
1494 1054 1555 1076 non
1576 1045 1610 1076 id
1625 1045 1704 1085 quod

253 1079 339 1127 apest
354 1081 424 1120 tabi,
436 1082 576 1112 videlicet
586 1083 730 1122 quomodo
742 1086 925 1125 complaceas
937 1087 1035 1126 patri,
1051 1090 1080 1117 et
1096 1096 1254 1117 conserves
1269 1086 1302 1116 id
1318 1088 1399 1126 bom‘,
1414 1089 1492 1128 quod
1503 1088 1705 1129 pater-acqui-

253 1123 329 1152 szvit
343 1125 437 1154 multo
454 1124 575 1156 labore.-
599 1136 659 1156 mm
671 1126 822 1157 erubuisti
835 1129 985 1159 adducere
1000 1129 1077 1159 mihi
1089 1133 1160 1160 ante
1177 1133 1367 1169 conspectum
1383 1140 1482 1161 meum
1493 1140 1548 1171 per
1555 1129 1706 1169 fraudem

253 1168 286 1195 et
301 1166 458 1197 mendacia
473 1178 551 1206 eum,
565 1178 655 1208 quam
673 1172 705 1199 nt
721 1170 865 1206 infamem
877 1172 972 1211 pudet
987 1182 1034 1202 me
1051 1173 1207 1203 nominare
1221 1181 1322 1202 coram
1338 1177 1436 1204 matre
1463 1177 1528 1213 tua,
1548 1173 1703 1214 fingendo

255 1218 321 1237 eam
336 1219 400 1240 esse
414 1210 544 1240 amicam
561 1212 693 1242 Cle'nioe:
716 1217 749 1243 at
765 1217 794 1244 te
815 1224 876 1244 non
890 1215 1115 1253 puduitfacere
1131 1225 1195 1246 rem
1202 1214 1402 1255 flagitiosam
1418 1220 1449 1247 et
1464 1220 1594 1257 turpem.
1641 1216 1705 1246 CL.

256 1250 348 1300 ‘Eli-eu·
357 1251 372 1282 !
395 1257 543 1292 quantum
558 1264 604 1284 me
620 1265 699 1285 nunc
715 1256 774 1286 mei
786 1257 879 1287 taedet
890 1256 905 1287 !
920 1261 1065 1297 quantum
1081 1269 1128 1289 me
1140 1261 1236 1298 pudet
1247 1257 1401 1297 idfecisse
1415 1259 1430 1291 ,Ι
1445 1269 1538 1301 neque
1549 1259 1611 1291 scio
1625 1259 1706 1290 unde

253 1302 399 1334 mczpzam
415 1299 449 1326 ut
462 1301 582 1336 patrem
598 1298 713 1329 iratum
727 1299 851 1340 leniam,
867 1303 898 1330 et
910 1301 1067 1341 placatum
1082 1302 1219 1332 reddam.

865 1407 1099 1419 eeeeeeeeeeee

254 1479 412 1511 diendum
429 1486 482 1512 est
498 1482 585 1512 enim
603 1483 611 1498 ⁴
631 1483 843 1522 p1=011ibeb0‚’
861 1485 901 1515 ab
918 1494 958 1515 eo
976 1485 1064 1526 quod
1082 1485 1210 1516 dictum
1231 1491 1281 1516 est
1298 1495 1413 1526 supra,
1428 1488 1437 1503 ‘
1451 1485 1498 1517 Di
1515 1485 1611 1518 istaec
1629 1496 1708 1527 pro-

251 1523 437 1554 hibeant.''
461 1525 520 1555 Fa.
567 1526 688 1557 Gratia
702 1528 754 1557 hie
767 1528 933 1559 Bembino
946 1528 1103 1559 habenda
1118 1533 1193 1559 est:
1217 1531 1323 1560 nostri
1337 1538 1452 1560 omnes
1465 1529 1578 1561 enitar.
1601 1530 1707 1561 Bent.

254 1566 372 1596 Enitar
399 1568 562 1598 omittunt
591 1569 693 1600 Both.
723 1570 762 1600 Z.
795 1571 974 1602 Peri—16
998 1572 1047 1602 M.
1071 1573 1149 1612 quod
1173 1572 1259 1602 abest
1279 1582 1297 1602 a
1319 1574 1446 1602 te.—-17
1474 1572 1517 1603 Ut
1544 1573 1707 1604 omittunt

253 1609 357 1640 Bent.
374 1609 580 1642 Both.1>e=·1.
598 1612 674 1652 Bip.
704 1613 760 1644 sic
777 1620 871 1644 notat
886 1614 989 1644 Zeun.
1019 1616 1029 1631 ⁴
1046 1615 1148 1646 Bent.
1163 1615 1274 1645 omisit
1295 1615 1376 1645 illud
1394 1618 1439 1646 ut.
1457 1614 1583 1646 Recte.
1617 1616 1707 1651 Nam

253 1653 441 1692 corrumpit
457 1655 687 1694 elegantiam.'
736 1657 778 1687 Ut
797 1667 857 1697 pro
874 1661 904 1688 et
916 1656 1031 1688 Guelf.
1049 1660 1166 1690 2.-—18
1189 1658 1259 1688 Pro
1282 1658 1351 1688 Non
1368 1658 1445 1688 mihi
1456 1658 1589 1698 reponit
1604 1658 1708 1690 Bent-

255 1694 317 1725 Ten
335 1696 420 1727 mihi.
465 1697 568 1728 Both.
590 1708 631 1728 ex
648 1699 722 1729 cod.
742 1700 783 1735 B,
804 1701 889 1730 Num
904 1700 992 1731 mihi.
1037 1700 1236 1740 Interrogat
1258 1700 1352 1732 Peri.
1378 1705 1456 1740 post
1484 1701 1589 1741 pudet,
1607 1706 1645 1732 et
1673 1701 1707 1732 in

254 1747 303 1768 vs.
321 1745 485 1779 sequente
504 1746 579 1779 post
597 1745 697 1781 turpe,
721 1742 891 1774 affirmans
908 1753 944 1774 se
960 1744 1024 1774 hoc
1049 1744 1147 1774 modo
1163 1744 1214 1774 his
1231 1753 1326 1774 sunm
1343 1744 1497 1774 versibus
1522 1745 1636 1775 lumen
1657 1749 1708 1775 atq

254 1783 471 1814 tulisse.—-l9
495 1784 535 1814 In
554 1785 613 1815 ΒΓ.
629 1785 667 1815 τὸ
690 1785 910 1817 idomittitnr.
955 1786 995 1817 Iu
1018 1786 1134 1818 Guelf.
1160 1789 1188 1816 1.
1206 1791 1259 1817 est
1283 1787 1458 1817 illum—20
1481 1787 1581 1818 Bodl.
1605 1786 1650 1817 G.
1672 1793 1710 1818 et

255 1826 306 1856 M.
333 1836 407 1857 cum
426 1827 498 1858 EA.
515 1835 550 1858 et
574 1829 645 1858 ΕΡ.
661 1829 813 1869 aliisque,
835 1829 963 1868 Piguit.
989 1830 1096 1860 West.
1141 1829 1172 1859 A
1197 1830 1295 1860 Beni.
1311 1829 1409 1860 abest
1430 1839 1496 1867 egr).
1542 1831 1551 1846 ‘
1567 1830 1652 1860 Tres
1665 1839 1710 1862 ex

255 1871 378 1901 nostris
396 1872 514 1902 Puduit
523 1871 650 1909 jacere.-
675 1873 783 1902 ceteri
801 1872 912 1910 Piguit
921 1872 1040 1910 facere.
1087 1873 1245 1903 Ceterum
1268 1881 1324 1910 ego
1342 1881 1457 1902 omnes
1472 1871 1623 1910 habent;
1646 1881 1709 1904 nec

254 1915 375 1945 abesse
407 1920 531 1954 potest,
563 1916 627 1946 nisi
655 1915 792 1946 dolente
826 1915 1018 1946 sententia.'
1061 1916 1157 1946 Bent.
1203 1914 1320 1945 Facere
1346 1915 1459 1955 puduit
1489 1915 1574 1946 dant
1603 1914 1708 1947 Bent.

247 1957 357 1988 Both.
383 1957 461 1998 Bip.
480 1958 605 1998 Deiph.
622 1958 715 1989 Peri.
750 1958 901 1996 Piguitf.
927 1959 985 1988 Br.
1008 1958 1045 1988 Ζ.
1090 1958 1169 1988 Vet.
1182 1957 1258 1988 cod.
1277 1967 1332 1996 ap.
1359 1956 1457 1989 Lind.
1473 1958 1577 1989 habet
1591 1958 1711 1988 Puduit

249 1999 367 2039 fucere.
393 2007 430 2031 ut
448 2002 545 2031 Beni.
563 2006 598 2032 et
619 2001 772 2032 alst—21
800 2001 866 2032 Ms.
883 2001 974 2041 Lips.
991 2001 1033 2032 G.
1051 2005 1086 2031 et
1103 2000 1177 2031 ΕΑ.
1199 2009 1272 2030 cum
1288 2000 1361 2031 ΕΡ.
1385 2000 1454 2031 ET.
1470 2001 1553 2031 EM.
1568 2004 1604 2031 et
1620 2001 1710 2032 Pan.

256 2043 604 2084 011111ibus‚incipiam.·
629 2055 728 2085 quam
745 2045 823 2074 lect.
841 2046 981 2084 praefert
1000 2044 1089 2074 Mur.
1112 2042 1180 2074 Alii
1200 2043 1332 2083 capiam.
1359 2042 1465 2074 West.
1510 2043 1711 2083 Principium

255 2087 414 2126 incipiam.
460 2087 516 2118 Ita
533 2088 566 2118 iu
582 2089 677 2118 Bem.
694 2092 729 2118 at
746 2087 779 2117 in
793 2087 834 2117 V.
851 2092 886 2117 et
903 2088 982 2118 Bas.
997 2097 1028 2127 p.
1043 2086 1206 2126 incapam:
1229 2095 1272 2116 ex
1288 2095 1353 2126 quo
1379 2085 1513 2126 conjeci
1528 2086 1712 2126 legendum

257 2128 348 2160 forte
361 2140 393 2170 p.
420 2131 550 2170 capiam,
566 2131 653 2161 sicut
681 2130 763 2161 etin
787 2130 967 2161 Eunucho:
992 2132 1002 2148 ⁴
1020 2129 1109 2170 quod
1127 2128 1224 2159 dedit
1240 2127 1470 2168 principium.’
1514 2129 1577 2159 Fa.
1615 2128 1710 2159 Unus

258 2182 391 2213 qnoque
418 2181 533 2204 noster
559 2183 602 2204 ex
625 2173 815 2204 veterrimis
841 2173 1014 2213 incapiam:
1038 2173 1127 2202 unde
1154 2172 1308 2212 legerim,
1326 2180 1392 2201 non
1417 2170 1547 2212 capiam,
1564 2170 1623 2202 sed
1640 2181 1711 2212 cap·

257 2219 341 2246 tem.-
365 2221 403 2246 ut
419 2219 427 2232 ‘
441 2221 581 2256 captare
608 2216 763 2256 tempus‚’
787 2217 796 2232 ‘
814 2214 1048 2253 occasionem‚’
1061 2220 1096 2246 et
1111 2215 1186 2245 alia.
1209 2215 1307 2246 Bent.
1333 2214 1420 2245 GM.
1446 2214 1604 2254 incipiam.
1626 2213 1710 2246 Itid.

261 2259 342 2288 Par.
356 2258 432 2299 Bip.
450 2259 571 2299 Delph.
617 2260 626 2275 ‘
642 2260 742 2299 Vulg.
757 2259 924 2296 inveniam,
941 2259 1057 2289 nescio
1073 2268 1138 2298 qua
1153 2258 1232 2289 fide.
1270 2256 1337 2288 Gn.
1357 2259 1385 2288 l.
1399 2256 1531 2297 capiam,
1547 2261 1584 2287 et
1599 2256 1647 2287 sic
1663 2257 1711 2287 le-

261 2302 407 2341 gendum
425 2303 623 2342 conjecerat
640 2303 697 2335 Fu.
714 2312 812 2344 quem
829 2311 962 2344 sequor.
973 2302 1075 2333 Bent.
1091 2301 1237 2341 incipiam
1254 2309 1442 2342 quanquam
1458 2299 1555 2332 malit
1569 2299 1711 2339 captent-¹

263 2346 364 2378 Both.
400 2346 460 2377 ΒΥ.
478 2346 642 2386 iucapiam.
