1966 3302
542 233 767 265 eunucu!
803 231 913 261 Acr.
950 230 994 258 v.
1027 230 1094 260 sc.
1128 230 1180 259 11.
1518 219 1602 259 505

153 330 282 372 Mitte
301 344 310 372 :
344 331 382 371 si
405 330 536 371 aliam
558 328 775 369 admisero
796 339 1008 380 unquam,
1030 324 1238 365 occidito.

151 397 240 438 ΤΗ.
279 397 401 439 Num
420 409 563 437 meam
586 395 805 437 saevitiam
825 393 1029 435 veritus?
1080 392 1165 434 CA.
1187 390 1305 432 Non.
1358 390 1448 431 ΤΗ,
1481 389 1603 440 Quid

321 464 450 517 igitur
465 464 484 504 ‘t
1551 458 1607 498 15

154 532 241 574 CH.
284 531 417 572 Hanc
438 531 588 580 metui,
609 543 664 570 ne
686 542 755 570 me
778 529 1077 570 criminaretur
1097 526 1192 567 tibi.

152 599 243 640 ΤΗ.
275 597 397 649 Quid
419 597 619 639 feceras?
683 596 772 638 CH.
801 595 1040 637 Paululum
1071 592 1296 649 quiddam.
1357 592 1450 633 PY.
1484 592 1606 632 Eho!

325 666 568 720 paululum,
592 666 825 719 impudens
841 665 860 704 ‘l

156 735 227 776 An
247 735 430 789 paulum
449 733 534 775 hoc
556 746 657 774 esse
677 733 758 774 tibi
778 731 962 781 videtur,
984 730 1198 783 virginem

155 803 331 845 Vitiare
353 802 527 844 civem?
589 800 678 842 CH.
710 799 980 841 Conservam
1003 810 1100 838 esse
1123 796 1302 838 credidi.

155 924 214 955 tibi
231 922 330 963 sore?
374 924 444 954 CH.
471 923 575 954 Unum
600 923 655 953 hoc
678 921 824 952 delictum
847 920 925 951 mihi
945 919 1089 950 remitte:
1113 919 1139 949 si
1162 918 1246 948 aliud
1273 926 1406 956 unquam
1434 915 1611 946 commisero

155 968 262 1007 ullum,
276 966 412 1008 interfici
433 966 571 1004 mejube.
615 966 683 996 ΤΗ.
709 965 796 995 Num
818 973 916 994 meam
930 963 1078 993 duritiam
1095 964 1125 991 et
1141 961 1355 991 crudelitatem
1372 959 1520 997 timuisti,
1538 961 1613 989 adeo

154 1014 190 1042 ut
207 1010 362 1049 sugeres?
405 1009 473 1040 CH.
499 1009 583 1039 Non.
627 1009 696 1038 Tu.
724 1008 808 1043 Quid
833 1006 956 1045 igitur?
1001 1005 1069 1036 Cn.
1095 1004 1199 1034 Timui
1225 1013 1263 1033 ne
1283 1003 1345 1033 ista
1371 1001 1540 1042 (Pythias)
1563 1011 1611 1031 me

154 1056 313 1084 accusaret
335 1054 416 1093 apud
432 1056 474 1083 te.
515 1052 586 1082 ΤΗ.
611 1051 712 1086 Quam
736 1050 859 1089 culpam
875 1049 1024 1087 feceras?
1068 1047 1137 1078 Cn.
1162 1047 1275 1077 Lei-em
1303 1046 1454 1085 quandam
1482 1046 1611 1084 culpam.

157 1096 227 1127 ΡΥ.
257 1096 321 1127 Elio
336 1096 442 1131 levem,
457 1091 641 1134 impudens?
663 1094 715 1124 An
741 1094 836 1124 levem
862 1101 927 1122 esse
952 1092 1074 1131 culpam
1097 1089 1244 1128 aestimas,
1267 1088 1387 1126 virgini
1413 1087 1475 1118 cii-i
1500 1087 1613 1118 vitium

156 1139 282 1180 afferre.
327 1139 395 1170 Cn.
422 1138 609 1168 Conservam
630 1146 729 1168 meam
751 1145 815 1167 esse
827 1135 949 1175 putavi.
997 1135 1063 1166 ΡΥ.
1090 1133 1277 1163 Conservam
1289 1131 1429 1171 putasti?
1457 1130 1520 1161 Vix
1536 1130 1614 1160 mihi

765 1224 1003 1238 eeeeeeeeeeee

156 1290 298 1322 Pareus.
343 1290 493 1321 Praestat
522 1293 634 1319 tamen
661 1287 853 1319 habiturum.
900 1285 1039 1317 Noxiam
1070 1288 1125 1315 est
1151 1282 1185 1313 in
1216 1281 1326 1320 libris,
1357 1279 1448 1322 quod
1476 1279 1612 1321 quidem

134 1333 275 1372 *sciam‚
302 1332 481 1364 omnibus:
521 1332 587 1362 nisi
615 1331 704 1372 quod
740 1329 941 1361 Franciscus
979 1327 1134 1359 Floridus
1166 1325 1313 1356 Sabinus
1339 1323 1372 1354 in
1413 1321 1614 1354 defensione

156 1385 218 1417 pro
248 1375 434 1407 Laurentio
468 1375 568 1406 Valla
607 1374 771 1405 adversus
797 1372 971 1404 Andream
1010 1369 1182 1401 Alciatum
1220 1367 1302 1407 legit
1335 1375 1461 1397 nosram.
1525 1366 1614 1396 Vide

156 1418 334 1460 Opuscula
360 1418 404 1449 de
434 1418 622 1449 Latinitate
644 1417 811 1450 JCtorum
841 1420 1010 1452 veterum,
1033 1423 1075 1444 ex
1100 1411 1299 1442 recensione
1330 1409 1445 1441 Caroli
1462 1407 1613 1440 Andreae

155 1462 301 1502 Dukeri,
325 1471 404 1503 pag.
428 1463 480 1492 11.
524 1461 592 1492 Sed
620 1465 656 1492 et
680 1459 713 1490 in
738 1459 805 1490 Ms.
842 1459 939 1499 Lips.
963 1461 1016 1488 est
1039 1464 1164 1487 noxam.
1190 1453 1298 1484 West.
1349 1450 1537 1491 Abiturum]
1575 1451 1614 1482 In

156 1505 285 1546 aliquot
309 1504 458 1545 antiquis
474 1502 738 1544 exemplaribus,
763 1502 853 1533 inter
870 1511 945 1542 quae
969 1504 1023 1531 est
1046 1503 1080 1529 et
1098 1496 1312 1533 Bembinum,
1337 1495 1465 1535 legitur
1489 1493 1616 1525 habitu-

155 1557 243 1579 rum.-
267 1558 343 1589 quae
366 1548 503 1578 minime
526 1546 633 1578 dubia
656 1550 710 1577 est
738 1545 852 1576 lectio.
876 1544 935 1575 Fa.
980 1541 1100 1574 Nostri
1124 1540 1276 1582 plerique
1299 1538 1489 1569 habiturum.
1513 1537 1616 1568 Bent.

156 1590 198 1621 In
223 1590 422 1632 quibusdam
444 1589 525 1621 libb.
548 1589 673 1629 legitur
696 1592 727 1619 te
748 1589 870 1628 impune
896 1585 1074 1617 habiturum
1089 1594 1099 1614 .·
1135 1582 1194 1614 sed
1212 1586 1307 1614 recte
1331 1581 1458 1612 dicitur
1479 1581 1615 1620 impune.

156 1632 277 1665 habere.
294 1633 339 1664 R.
352 1633 394 1664 D.
439 1633 533 1664 Male
565 1632 720 1663 Alciatus
742 1640 866 1662 noxam.
894 1630 973 1670 Bip.
1006 1627 1145 1659 Noxiam
1171 1626 1238 1658 Ms.
1262 1625 1326 1665 [sc.
1344 1623 1422 1663 Br.]
1457 1633 1476 1654 a
1503 1632 1554 1663 pr.
1572 1632 1620 1652 m.

156 1676 363 1708 Erana—14
379 1675 490 1714 Mitte,
504 1675 533 1706 si
546 1675 641 1706 aliam
654 1684 787 1715 unquam
800 1673 951 1704 admisero
963 1671 1070 1709 ullam,
1085 1668 1231 1708 occidito]
1258 1668 1359 1699 Hanc
1376 1667 1455 1697 lect.
1473 1666 1506 1696 in
1522 1665 1616 1696 nullo

156 1719 178 1749 l.
193 1729 220 1749 s.
236 1718 383 1751 invenio.
426 1718 496 1749 Sed
519 1718 606 1749 hanc
623 1727 698 1758 quae
713 1717 869 1758 sequitur
884 1716 917 1746 in
935 1714 1118 1754 plerisque,
1142 1712 1275 1750 Amitte‚
1292 1710 1320 1741 si
1344 1709 1437 1740 aliam
1463 1709 1616 1739 admisero

156 1771 302 1802 unquam,
328 1761 477 1792 occidito.-
510 1770 586 1802 quae
613 1765 649 1791 et
676 1761 813 1800 elegans
831 1763 885 1790 est
901 1756 1103 1798 compositio
1119 1759 1155 1786 et
1170 1753 1285 1784 versui
1303 1752 1432 1792 optime
1450 1751 1617 1782 serviens.

157 1805 218 1836 Fa.
264 1804 383 1836 Nostri
399 1813 534 1846 quoqne
549 1803 681 1835 Amitte.
704 1803 807 1834 Bent.
847 1800 1008 1832 Meliores
1022 1798 1100 1830 edd.
1116 1802 1210 1828 recte
1226 1796 1351 1827 habeut
1367 1795 1500 1826 Amitte.
1526 1794 1616 1824 R.D.

157 1847 301 1878 Variant
328 1848 413 1878 Mss.
439 1852 475 1878 et
501 1845 591 1877 Edd.
615 1846 727 1885 Mitte,
753 1845 888 1883 Amitte,
916 1843 1064 1881 Dimitte,
1096 1841 1227 1871 Omitte.
1270 1839 1388 1869 Metro
1413 1837 1616 1868 adversatur

157 1891 266 1922 Mitte.
310 1890 473 1921 Placeret
501 1889 610 1929 magis
635 1889 668 1919 in
694 1889 759 1919 hac
785 1886 1016 1919 inconstantia
1042 1884 1194 1916 Remitte.
1240 1881 1294 1913 Al.
1312 1886 1391 1921 post
1416 1881 1425 1897 ‘
1443 1878 1617 1920 unquam’

157 1933 319 1974 ingerunt
334 1934 428 1964 ullam
444 1937 563 1963 contra
579 1931 679 1963 codd.
715 1931 792 1971 Bip.
815 1930 937 1961 Amitte
953 1930 1012 1960 ΒΓ.
1034 1926 1125 1969 quod
1152 1925 1298 1966 positum
1316 1929 1366 1954 est
1383 1932 1444 1962 pro
1460 1923 1617 1961 Admitte,

158 1977 210 2007 uti
225 1986 268 2008 ex
283 1975 440 2018 sequenti
455 1975 586 2006 amisero
603 1984 664 2015 pro
689 1975 841 2004 admisero
863 1973 991 2004 clarum
1009 1977 1074 2001 est.
1106 1969 1224 2000 Brnns.
1250 1967 1372 1999 Amitte
1386 1967 1487 1997 Bent.
1511 1965 1616 1996 Both.

157 2019 239 2059 Bip.
255 2019 347 2050 Perl.
396 2018 517 2049 Omitte
533 2018 655 2049 Z.--l5
683 2018 766 2048 Num
790 2026 889 2046 meam
910 2014 1065 2046 saevitiam
1087 2013 1205 2043 veritus
1220 2008 1290 2051 es?]
1316 2009 1459 2050 Aliquot
1485 2007 1616 2048 antiqui

157 2062 248 2101 libri,
265 2067 301 2093 et
317 2062 352 2092 in
368 2061 406 2092 iis
423 2061 622 2099 Bembinus,
639 2060 717 2091 item
735 2060 906 2097 Donatus,
930 2067 994 2088 non
1010 2056 1138 2087 habent
1154 2064 1194 2085 es.
1239 2054 1279 2084 ln
1298 2053 1382 2083 libro
1400 2051 1532 2092 scripto
1548 2051 1617 2081 Do·

160 2104 231 2135 nati
247 2104 371 2144 legitur
392 2104 556 2139 soevitiem,
583 2103 670 2144 quod
697 2102 803 2142 magis
831 2102 1006 2141 antiquum
1025 2099 1174 2129 videtur.
1200 2097 1260 2127 Fa.
1306 2095 1420 2126 Etiam
1451 2104 1469 2124 a
1492 2093 1617 2124 nostris

160 2147 331 2188 plerisque
349 2146 448 2178 abest
462 2156 504 2178 es,
538 2147 605 2176 Sed
623 2146 704 2187 quid
720 2145 831 2176 versui
846 2143 929 2175 fiet?
955 2144 1044 2175 Nam
1055 2140 1179 2172 Faerni
1199 2139 1284 2174 Qu‘z‘d
1296 2139 1349 2169 vel
1364 2137 1435 2168 sa'e'z·
1452 2136 1619 2167 dissoluta

158 2199 315 2221 nauseam
340 2189 505 2221 excitant.
550 2189 611 2219 Vir
628 2189 749 2219 doctus
772 2188 806 2218 in
833 2192 965 2218 textum
989 2184 1116 2225 recipit
1142 2193 1184 2213 es.
1230 2183 1282 2212 Tu
1307 2181 1394 2211 hanc
1422 2179 1618 2219 corrigendi

158 2233 247 2264 viam
272 2232 408 2265 insiste:
447 2232 535 2262 Num
557 2241 655 2262 meam
669 2231 824 2261 soevitiam
838 2228 990 2260 veritn’s?
1014 2228 1098 2258 Non.
1144 2223 1243 2256 Non?
1276 2224 1349 2264 quid
1363 2219 1491 2262 igitur?
1513 2223 1617 2253 Bent.

158 2275 258 2316 quem
285 2276 438 2318 sequitur
463 2275 564 2305 Both.
590 2275 653 2305 nisi
681 2272 771 2314 quod
803 2272 863 2303 dat
883 2272 1013 2309 veritus,
1038 2279 1106 2300 non
1134 2266 1283 2299 teritu's:
1315 2266 1403 2307 quod
1432 2265 1493 2295 dat
1519 2265 1616 2296 Peri.

164 2319 289 2350 Veritus
303 2329 334 2350 es
349 2318 427 2358 Bip.
443 2318 668 2358 Delph.-17.
693 2319 733 2347 18
758 2315 832 2347 Nisi
856 2315 950 2354 legas
972 2314 1110 2354 paulum,
1128 2320 1246 2342 versus
1271 2319 1336 2340 non
1364 2312 1511 2340 constat.
1560 2308 1617 2338 Er.

159 2362 324 2393 Paululum
339 2361 494 2402 quiddam.
540 2360 609 2390 Eho
621 2360 781 2400 paululum
792 2359 952 2398 impudens
962 2357 990 2397 ?]
1014 2357 1060 2387 Et
1077 2354 1257 2394 utrobique
1274 2353 1305 2383 iu
1323 2353 1386 2383 hoc
1404 2360 1517 2389 versu,
1531 2355 1567 2381 et
1583 2351 1616 2381 in

157 2404 314 2446 sequenti
338 2403 517 2444 legendum
537 2403 663 2443 paulum
679 2412 722 2433 ex
742 2401 923 2439 Bembino,
943 2407 1127 2439 versusque
1145 2398 1287 2427 ratione.
1310 2395 1370 2426 Fa.
1416 2394 1528 2425 Recte
1540 2403 1617 2434 pau-

158 2448 242 2485 lum;
265 2452 302 2479 et
315 2447 364 2479 sic
379 2456 464 2477 unus
482 2456 524 2476 ex
550 2446 684 2476 nostris.
731 2445 911 2475 Praeterea
937 2452 996 2484 pro
1022 2441 1179 2482 quiddam,
1195 2439 1404 2470 Cliartaceus
1420 2436 1531 2467 codex
1548 2436 1616 2476 qui-

158 2492 239 2522 dem.
275 2491 429 2530 Repone,
445 2488 685 2526 Quidfeceras?
709 2487 843 2518 Paulz'cm
858 2486 942 2527 quid.
980 2485 1048 2515 Eho
1060 2484 1197 2524 paulum,
1211 2478 1397 2522 impudens?
1418 2479 1495 2511 Jam
1507 2479 1617 2517 vides,

160 2543 221 2564 cur
242 2533 368 2574 paulum
389 2537 490 2563 acuat
505 2532 669 2569 ultimam,
684 2539 809 2571 nempe
834 2529 876 2560 ob
895 2528 1099 2559 Encliticum
1116 2526 1213 2566 quid;
1236 2528 1275 2555 ut
1291 2523 1416 2555 Graece
1441 2521 1555 2562 Μικρόν
1573 2533 1617 2553 τι.

161 2576 257 2608 Bent.
303 2576 472 2607 Paululum
487 2574 532 2605 G.
549 2574 628 2605 EM.
658 2574 755 2605 West.
800 2573 887 2603 Post
912 2571 1047 2602 Paulum
1069 2569 1216 2610 quiddam
1232 2567 1386 2608 sequitur
1402 2565 1434 2595 in
1452 2563 1569 2596 Guelf.
1585 2567 1616 2595 3.

160 2628 277 2650 versus
294 2621 345 2650 15.
368 2618 457 2649 Perl.
502 2617 583 2656 Eho,
599 2615 668 2656 θα]
701 2615 788 2647 Edd.
803 2616 910 2646 West.
938 2618 974 2645 et
1003 2612 1124 2643 Zeunii
1141 2610 1297 2642 tribuunt
1321 2608 1452 2644 Thaidi,
1469 2606 1616 2638 fortasse

160 2672 202 2693 ex
219 2670 398 2702 operarum
413 2669 542 2691 errore.
565 2660 683 2691 Bruns.
720 2658 801 2699 Ipse
816 2657 966 2688 correxit
980 2653 1238 2686 Westerhovius
1253 2653 1285 2682 in
1300 2651 1443 2682 Erratis.
1481 2651 1617 2681 Paulum

160 2705 245 2737 dant
260 2710 313 2736 ter
328 2703 427 2735 Both.
444 2703 538 2734 Perl.
563 2702 727 2732 Paululum
740 2701 865 2732 datter
880 2699 1006 2740 Delph.
1022 2702 1058 2729 et
1075 2707 1135 2737 pro
1151 2696 1205 2726 hoc
1221 2705 1284 2726 esse
1299 2693 1440 2724 exhibet
1465 2692 1528 2723 esse
1549 2692 1617 2723 hoc.

160 2750 245 2779 -19
274 2747 393 2779 Vitiare
407 2746 526 2777 civem?
552 2745 736 2775 Conservam
751 2753 816 2776 esse
829 2743 960 2774 credidi.
1009 2740 1195 2771 Conservam
1204 2738 1232 2778 ι’]
1255 2736 1362 2768 Vides
1381 2736 1567 2767 Conservam
1584 2735 1616 2765 in

161 2790 367 2832 repetitione
398 2788 530 2819 variare
558 2791 759 2819 accentum:
796 2786 886 2828 quod
911 2793 1078 2825 nusquam
1107 2781 1198 2824 apud
1225 2781 1390 2813 Nostrum
1417 2778 1492 2810 fieri
1518 2778 1616 2809 solet.
