1966 3302
556 208 770 239 HECYRAE
804 208 912 237 Ao'r.
947 208 989 235 v.
1023 207 1091 236 so.
1127 206 1190 237 ιν.
1517 194 1602 235 903

151 307 306 362 anue
328 306 411 347 hoc
432 310 474 347 te
494 304 599 345 mihi
620 304 821 344 nuntiare
838 302 997 356 jussit:
1020 302 1140 342 itane
1155 299 1441 342 estfactum?
1475 298 1601 340 PAR.

323 373 408 423 Ita,
429 373 625 425 inquam.

151 443 281 484 PAM.
312 440 429 491 Quis
449 453 518 481 me
540 446 606 480 est
627 439 895 488 fortunatior,
912 438 1241 490 venustatisque
1262 435 1376 477 adeo
1398 435 1601 489 plenior?

150 508 289 562 Egon'
310 514 354 549 te
371 521 449 561 pro
468 508 549 548 hoc
570 507 719 547 nuntio
740 506 844 559 quid
868 505 1053 546 donem?
1086 504 1224 557 quid?
1257 503 1398 557 quid?
1431 503 1599 544 nescio.

148 575 274 617 PAR.
303 574 367 616 At
384 588 464 628 ego
484 575 592 616 scio.
653 573 782 615 PAM.
816 572 969 622 Quid?
1031 571 1153 612 PAR.
1185 570 1310 611 Nihil
1331 571 1461 611 enim.
1543 571 1599 610 10

150 642 271 685 Nam
291 656 433 697 neque
454 643 497 683 in
517 642 687 691 nuntio,
720 653 864 694 neque
882 641 927 680 in
947 651 1016 679 me
1037 638 1151 691 ipso,
1173 638 1253 680 tibi
1273 638 1379 679 boni
1402 638 1508 693 quid
1530 639 1601 687 sit,

325 711 438 751 scio.

152 778 281 820 ΡΑΜ.
313 777 464 831 Egon',
495 778 569 830 qui
600 777 655 817 ab
680 774 799 816 Orco
822 779 1038 815 mortuum
1059 787 1128 814 me
1156 774 1359 815 reducem
1387 773 1430 814 in
1454 773 1600 815 lucem

323 846 497 893 feceris,

150 915 302 957 Sinam
325 914 419 954 sine
439 923 619 953 munere
641 923 668 951 a
690 924 758 952 me
775 911 928 952 abire?
962 909 1017 950 ah
1037 909 1045 950 !
1077 910 1257 950 nimium
1279 922 1349 950 me
1384 910 1602 964 ingratum

354 986 469 1021 utas.

150 1048 239 1091 Sed
258 994 543 1098 Baldchidem,
565 1059 731 1096 eccam,
754 1046 883 1088 video
905 1050 1020 1087 stare
1041 1050 1142 1087 ante
1164 1046 1354 1087 ostium!

148 1116 228 1158 Me
248 1119 472 1170 expectat,
493 1116 628 1157 credo
646 1128 655 1156 ε
689 1115 837 1155 adibo.
899 1114 1016 1154 BAG.
1049 1113 1196 1164 Salve,
1219 1112 1468 1167 Pamphile.
1546 1114 1602 1155 15

147 1274 206 1309 est,
229 1271 320 1312 idque
341 1271 484 1302 nuntium
510 1275 539 1302 te
560 1269 637 1301 mihi
654 1270 768 1312 afferre
787 1269 956 1300 mandavit.
1004 1269 1095 1300 Itane
1109 1272 1153 1300 est
1166 1269 1312 1308 jactum?
1356 1269 1449 1300 PAR.
1473 1267 1540 1308 Sic,
1555 1268 1602 1298 iu-

147 1323 247 1354 quam.
292 1314 391 1346 ΡΑΜ.
417 1314 497 1350 Quis
519 1324 566 1345 me
588 1318 633 1345 est
657 1313 786 1352 beatior,
807 1316 838 1343 et
858 1312 970 1344 Veneri
989 1310 1140 1351 gratior?
1186 1313 1308 1352 Egone,
1329 1322 1387 1353 quo
1411 1316 1440 1343 te
1462 1311 1602 1352 praemio,

144 1366 201 1396 pro
217 1357 272 1387 hoc
285 1357 394 1388 nuntio
413 1359 541 1388 donem?
563 1360 642 1397 quo?
663 1357 746 1397 quo?
768 1355 880 1386 nescio.
915 1356 1006 1385 PAR.
1028 1355 1142 1394 Atego
1153 1355 1226 1387 scio.
1257 1356 1356 1386 ΡΑΜ.
1380 1355 1487 1390 Quid?
1510 1355 1602 1386 PAR.

146 1399 242 1430 Nihil
265 1399 426 1440 equidem:
447 1409 519 1430 nam
540 1399 651 1439 ignoro
673 1409 765 1439 quam
786 1399 862 1429 utile
887 1398 928 1428 sit
951 1398 1010 1428 tz'bz'
1032 1398 1086 1428 hoc
1107 1398 1261 1438 nuntium,
1286 1403 1339 1429 aut
1356 1408 1449 1438 opera
1463 1407 1529 1428 mea
1545 1397 1603 1428 tibi

141 1442 254 1482 prosit.
299 1444 398 1475 ΡΑΜ.
422 1443 532 1482 Egone
544 1442 748 1481 committam,
763 1445 797 1472 ut
815 1445 845 1472 te
856 1451 916 1472 non
928 1450 1129 1480 remunerem,
1141 1442 1193 1481 qui
1206 1451 1253 1472 me
1267 1441 1304 1472 ab
1319 1441 1436 1479 Inferis
1450 1444 1603 1471 mortuum

144 1485 186 1515 ad
207 1485 306 1517 vitam
325 1485 502 1518 reduxisti?
544 1485 597 1516 Ah
619 1485 748 1516 nimium
771 1494 818 1516 me
839 1484 1043 1515 immemorem
1067 1484 1281 1525 beneficiorum
1293 1488 1395 1525 putas.
1440 1483 1502 1515 Sed
1518 1484 1602 1514 Bac-

145 1527 263 1559 chidem
289 1529 376 1560 tideo
402 1533 486 1560 stare
512 1532 585 1560 ante
609 1529 731 1560 ostium.
778 1527 833 1559 Me
849 1528 1020 1568 opperitur,
1035 1529 1144 1559 credo.-
1166 1527 1214 1558 ibo
1230 1528 1270 1559 ad
1286 1538 1363 1559 eam.
1408 1527 1476 1559 BA.
1500 1525 1604 1565 Salve,

766 1646 1000 1658 eeeeeeeeeeee

144 1736 164 1764 7
189 1733 274 1764 Mihi
289 1738 319 1765 te
334 1733 400 1765 duo
415 1742 456 1764 ex
470 1734 612 1773 nostris,
630 1734 753 1766 verius.
790 1735 953 1766 Bent.-—8
980 1733 1082 1765 Hunc
1100 1742 1244 1769 versum,
1265 1736 1300 1763 et
1322 1736 1392 1762 tres
1407 1736 1603 1773 sequentes,

146 1777 271 1817 partim
288 1786 331 1808 ex
347 1777 444 1807 Bem.
462 1783 496 1807 et
511 1777 600 1807 Vict.
619 1778 740 1817 partim
758 1787 799 1808 ex
817 1778 891 1808 aliis
908 1779 954 1809 ita
970 1778 1173 1815 ordinamus,
1200 1776 1297 1807 ΡΑΜ.
1316 1775 1399 1810 Quis
1414 1785 1462 1805 me
1477 1779 1521 1806 est
1530 1775 1601 1814 sor-

144 1819 296 1860 tunalior,
311 1821 540 1860 venustatisque
555 1821 629 1850 adeo
652 1818 795 1861 plenior?
830 1821 923 1859 Egon
949 1824 980 1851 te
1005 1830 1059 1859 pro
1076 1820 1130 1850 hoc
1145 1819 1253 1850 nuntio
1267 1818 1339 1858 quid
1355 1819 1482 1849 donem?
1504 1817 1602 1857 quid?

144 1861 245 1902 quid?
266 1863 375 1893 nescio.
422 1862 515 1894 PAR.
538 1862 653 1901 Atego
667 1864 740 1894 scio.
787 1863 887 1895 ΡΑΜ.
916 1861 1015 1904 quid?
1059 1863 1153 1893 PAR.
1178 1862 1254 1892 nihil
1270 1861 1361 1892 enim.
1408 1861 1492 1891 Nam
1506 1872 1603 1902 neque

144 1907 178 1936 in
194 1905 316 1941 nuntio,
327 1915 423 1946 neque
437 1906 471 1936 in
487 1915 534 1936 me
549 1905 624 1946 ipso,
638 1905 695 1937 tibi
711 1906 781 1936 honi
795 1907 868 1945 quid
884 1908 938 1944 sit,
952 1906 1026 1937 scio.
1050 1910 1088 1936 ut
1104 1905 1233 1945 primus
1248 1904 1380 1942 horum,
1394 1904 1476 1934 eliso
1492 1913 1533 1935 ex
1549 1915 1602 1936 ‘ce-

145 1948 280 1979 uastatis
303 1957 330 1988 s,
346 1949 427 1979 item
452 1948 621 1979 secundus
639 1949 704 1979 sint
730 1949 894 1980 trochaici
921 1954 1057 1981 tetram.
1075 1948 1235 1979 catalect.
1253 1947 1332 1978 item
1351 1953 1503 1987 quartus,
1520 1947 1601 1979 eliso

146 1995 259 2021 tamen
275 2001 309 2026 n,
331 2000 374 2021 ex
401 1990 552 2022 dictione
572 1991 617 2026 in,
642 1991 693 2022 bis
710 1992 833 2032 posita.
869 1992 928 2023 Fu.
983 1991 1114 2024 Nonius
1130 1990 1317 2022 Marcellus
1335 2000 1366 2021 v.
1388 1989 1532 2020 Vetustas
1547 1991 1600 2021 vel

145 2033 236 2064 malo
247 2033 373 2064 Codice
390 2043 484 2073 usuS‚
496 2034 550 2064 vel
562 2032 724 2075 ἁμάρτημα
737 2034 920 2074 μνημονικὸν
935 2034 1165 2073 committens,
1177 2034 1272 2073 legit,
1286 2032 1514 2072 Vetustatz‘sque
1526 2035 1600 2064 adeo

141 2076 274 2116 plenior.
320 2075 474 2116 Addens,
492 2076 637 2107 Vetusius
650 2081 678 2107 et
693 2078 862 2118 antiquitas
875 2079 923 2109 vel
929 2078 1028 2117 felix,
1041 2079 1093 2108 vel
1107 2077 1238 2117 sapiens,
1252 2076 1299 2107 vel
1313 2079 1471 2106 mansueta
1485 2079 1530 2106 est
1545 2077 1601 2107 Ιια-

144 2118 221 2150 bita.
267 2118 319 2150 Ex
335 2119 456 2160 quibus
472 2118 585 2149 verbis
602 2120 697 2150 simul
719 2126 876 2160 apparet,
892 2130 1012 2152 revera
1028 2121 1075 2151 ita
1093 2120 1136 2151 ab
1153 2129 1192 2150 eo
1209 2119 1386 2159 scriptum,
1401 2127 1466 2149 nec
1482 2119 1600 2150 Libra-

143 2162 268 2192 riorum
285 2170 433 2192 errorem
451 2170 534 2193 esse.
583 2161 636 2193 An
651 2161 738 2193 forte
756 2164 909 2204 respexit
926 2173 1059 2195 versum
1076 2165 1126 2194 18.
1172 2161 1330 2202 Guyetus
1346 2167 1460 2192 autem
1483 2161 1516 2192 in
1540 2172 1600 2193 suo

144 2204 262 2235 codice
278 2204 356 2235 hinc
371 2214 438 2235 una
453 2205 557 2236 litura
573 2204 662 2236 delet
677 2205 828 2244 integros
846 2206 985 2246 triginta
998 2215 1128 2244 versuS,
1141 2205 1271 2236 relictis
1287 2204 1366 2235 solis
1379 2204 1509 2236 duobus
1523 2214 1599 2245 po<-

145 2248 276 2286 tremis‚
289 2247 460 2287 Boeclero‚
483 2248 539 2289 qui
556 2247 689 2287 eodem,
706 2258 772 2289 quo
789 2258 863 2288 ego,
879 2259 956 2280 usus
972 2254 1023 2280 est
1038 2249 1137 2287 libro,
1149 2257 1216 2278 nou
1234 2247 1329 2278 vaide
1344 2247 1464 2285 invito,
1481 2249 1536 2279 cui
1554 2249 1600 2278 vi-

145 2290 268 2321 dentur
283 2299 357 2321 esse
380 2291 414 2321 in
442 2291 505 2329 his,
519 2300 594 2331 quae
624 2300 720 2321 nemo
737 2292 913 2333 qnisquam
931 2293 1096 2323 hactenus
1113 2291 1352 2330 explicaverit,
1369 2295 1427 2320 aut
1444 2290 1598 2330 explica-

143 2337 239 2363 turus
265 2332 356 2363 forte
380 2334 425 2364 sit
450 2333 484 2364 in
511 2338 697 2373 posterum.
735 2335 829 2365 West.
885 2337 894 2352 ‘
913 2333 1087 2367 Q.Aurel.
1104 2334 1299 2374 Symmach.
1325 2342 1349 2363 ι.
1365 2335 1419 2364 72.
1443 2336 1451 2350 ‘
1471 2334 1599 2365 Comici

143 2375 369 2406 adolescentis
385 2385 470 2407 voce
487 2376 699 2407 clamandum
717 2376 794 2412 est‚'
821 2378 901 2413 Quis
914 2387 960 2408 me
974 2376 1264 2414 hodiefortunatior
1282 2376 1511 2416 venustatisque
1525 2378 1600 2407 adeo

140 2417 289 2458 plenior?'
315 2418 476 2449 Liud.—9
501 2419 544 2449 Te
558 2419 685 2450 omittit
700 2419 817 2451 Guelf.
835 2424 865 2452 1.
911 2423 920 2438 ‘
936 2420 1065 2451 Versus
1083 2419 1169 2460 pede
1186 2419 1306 2450 claudo
1324 2418 1463 2450 incedit.
1509 2419 1600 2459 Lege

142 2471 186 2492 ex
202 2459 324 2492 nostris
339 2461 504 2492 universis
521 2462 631 2500 Egone
650 2472 705 2502 pro
721 2463 776 2493 hoc
791 2466 821 2493 te
835 2462 966 2494 nuntio?
990 2463 1092 2494 Bent.
1135 2462 1260 2493 Adeone
1282 2471 1338 2501 pro
1360 2462 1414 2492 hoc
1439 2465 1469 2493 te
1490 2462 1600 2492 nuntio

143 2503 189 2535 A.
220 2505 230 2521 ‘
249 2504 381 2534 alterum
397 2503 471 2543 quid
486 2504 616 2535 omittit
634 2505 718 2535 BP:
746 2505 846 2536 IVest.
893 2506 946 2544 qui
961 2506 1032 2545 quid
1049 2506 1107 2536 Br.
1141 2505 1215 2545 quid
1229 2506 1347 2542 donem,
1359 2504 1458 2534 nescio
1474 2504 1601 2535 Hal.—

143 2549 220 2578 8-11
247 2546 322 2577 Hos
339 2553 485 2587 quatuor
501 2555 616 2577 versus
649 2547 695 2577 ita
722 2547 805 2585 legit
828 2548 931 2578 Both.
959 2548 1039 2583 Quis
1057 2547 1251 2586 fortunatior
1276 2548 1349 2577 adeo
1375 2550 1405 2576 et
1430 2547 1602 2578 venustatis

141 2593 189 2620 est
208 2588 214 2629 Ι
233 2588 365 2620 Plenior
378 2587 450 2620 me?
473 2589 527 2619 hoc
550 2593 579 2620 te
598 2591 763 2629 pronuntio
779 2592 890 2630 quidne
906 2601 962 2630 ego
982 2592 986 2632 Ι
1007 2589 1148 2622 Donem?
1174 2588 1272 2629 quid?
1293 2589 1403 2620 nescio.
1450 2590 1541 2621 PAR.
1566 2594 1600 2621 at

142 2641 200 2671 ego
214 2631 289 2664 scio.
335 2631 432 2663 ΡΑΜ.
455 2632 551 2672 quid?
595 2632 688 2663 PAR.
712 2633 759 2663 nil
773 2634 864 2664 enim.
884 2633 889 2673 Ι
912 2634 995 2664 Nam
1010 2643 1104 2672 neque
1116 2633 1149 2663 in
1164 2632 1276 2663 nuntio
1287 2642 1342 2662 nec
1353 2642 1399 2663 me
1413 2632 1447 2663 in
1462 2634 1525 2674 ipso
1540 2633 1601 2664 tibi

163 2674 169 2714 Ι
192 2675 277 2709 Quid
297 2673 369 2706 boni
392 2675 448 2713 sit,
469 2675 543 2706 scio.
563 2673 568 2716 Ι
589 2675 599 2691 ‘
614 2674 854 2715 Aptissimum’
878 2677 965 2707 enim
988 2677 998 2693 ‘
1015 2674 1153 2707 affectui
1178 2675 1347 2717 loquentis
1372 2675 1512 2716 lyricum
1535 2675 1600 2706 hoc

143 2717 396 2748 metrum-'—-ll
431 2717 549 2748 Memet
571 2717 636 2758 ipso
658 2718 723 2749 Ms.
741 2718 783 2750 R.
815 2718 909 2750 Lina.
955 2722 963 2736 ‘
981 2718 1067 2749 Boni
1092 2718 1221 2749 omittit
1246 2727 1332 2749 unus
1350 2717 1431 2749 Ms!
1455 2719 1598 2749 Buech—

148 2762 188 2791 12
212 2759 330 2792 Editio
353 2764 450 2792 vetus
466 2764 500 2792 et
517 2769 601 2792 unus
618 2769 660 2792 ex
677 2761 793 2802 Regiis
810 2761 995 2801 recentior,
1015 2761 1104 2801 Egon
1129 2764 1169 2798 te,
1187 2760 1240 2802 qui
1263 2760 1300 2793 ab
1328 2761 1420 2793 Orco.
1464 2762 1511 2792 Et
1527 2767 1597 2792 tum
