1966 3302
288 232 373 277 802
782 241 823 271 P.
857 238 1096 270 TEREN'ru
1131 239 1247 270 Arm

655 402 892 451 ALTER
946 401 1241 451 PROLOG
1250 400 1352 449 Us.
1375 398 1389 428 ἵ

293 522 506 564 ORATOR
528 522 585 563 ad
606 535 687 564 vos
708 521 838 563 venio
858 526 1011 563 ornatu
1031 521 1203 583 prologi
1221 533 1231 562 z

291 590 431 631 Sinite
453 595 660 649 effosrator
678 594 726 630 ut
747 589 854 641 sim3
887 588 1044 629 eodem
1065 593 1113 629 ut
1127 578 1225 641 Jffre
1249 588 1312 629 uti
1333 600 1479 628 senem

291 658 458 708 Liceat,
482 671 569 711 quo
583 657 681 712 jure
701 670 797 698 sum
818 670 924 697 usus
947 656 1303 708 adolescentior3

291 724 449 766 Novas
472 726 546 779 qui
567 729 752 766 exactas
773 724 861 765 feci
881 728 928 765 ut
947 724 1345 783 inyeterascerenn

292 792 366 834 Ne
387 806 486 834 cum
507 791 653 835 Poeta
672 792 894 845 ‘scriptura
913 778 1217 832 evanescEFets
1230 777 1283 790 ”⁹
1720 801 1748 829 ε)

291 860 346 901 In
364 860 448 910 his,
473 873 584 913 quas
606 860 796 913 primum
822 858 994 901 Caecilii
1017 858 1154 899 didici
1175 871 1328 908 novas,

291 927 459 969 Partim
480 941 579 968 sum
600 940 751 968 earum
772 931 983 968 exactus:
1017 926 1174 979 partim
1197 925 1275 966 vix
1297 925 1413 966 steti.

292 994 414 1046 Quia
435 996 633 1037 sciebam
654 995 836 1036 dubiam
856 995 1077 1035 fortunam
1095 1006 1195 1034 esse
1217 993 1454 1042 scenicam,

292 1064 382 1117 Spe
403 1064 583 1113 incerta,
605 1067 771 1104 certum
790 1062 896 1102 mihi
917 1062 1117 1102 laborem
1140 1061 1311 1102 sustuli.

292 1130 485 1171 Easdem
505 1142 631 1182 agere
653 1127 787 1182 coepi,
806 1133 856 1169 ut
878 1129 934 1169 ab
958 1128 1112 1169 eodem
1135 1128 1248 1168 alias
1271 1128 1491 1168 discerem
1693 1125 1749 1167 10

293 1199 466 1247 Novas,
491 1197 703 1258 studiose,
723 1209 776 1236 ne
794 1196 916 1236 illum
938 1196 994 1236 ab
1017 1195 1167 1236 studio
1189 1195 1466 1236 abducerem.

293 1266 485 1315 Perfeci,
506 1270 555 1306 ut
577 1268 901 1318 spectarentur:
933 1264 1011 1304 ubi
1035 1267 1136 1303 sunt
1152 1263 1353 1315 cognitae,

300 1334 484 1375 Placitae
506 1335 621 1374 sunt.
683 1332 756 1373 Ita
777 1330 967 1373 Poetam
988 1331 1159 1372 restitui
1181 1331 1224 1371 in
1246 1330 1408 1379 locum,

342 1457 459 1488 Orator
475 1458 595 1496 legatus
606 1466 624 1487 α
633 1465 732 1496 grege
748 1456 950 1487 Histrionmn
964 1456 1006 1486 ad
1021 1465 1084 1494 vos,
1101 1457 1298 1495 spectatores,
1314 1453 1402 1484 venio
1417 1452 1451 1483 in
1465 1451 1579 1483 vestitu
1599 1449 1727 1488 Prologi
1737 1458 1749 1479 .·

291 1509 349 1542 per
363 1510 415 1530 vos
430 1500 521 1531 liceat
536 1499 613 1530 mihi
628 1503 818 1530 exoratorem
841 1509 905 1530 esse
927 1499 1120 1537 impetrando
1137 1507 1185 1536 ea,
1211 1507 1280 1537 quce
1301 1496 1430 1536 postulo.
1477 1494 1656 1526 Permittite
1671 1490 1748 1539 mihz]

296 1542 396 1573 Lucio
412 1542 556 1574 Ambivio
580 1542 692 1573 Actori
713 1542 826 1573 comico
848 1542 897 1573 uti
916 1543 1021 1572 eadem
1034 1541 1202 1579 facultate,
1218 1549 1298 1571 nunc
1312 1548 1382 1570 cum
1396 1547 1488 1569 senex
1511 1547 1592 1575 sum,
1616 1545 1677 1576 qua
1700 1538 1750 1566 utz

296 1585 374 1615 milti
388 1585 487 1623 licuit,
502 1595 572 1616 cum
586 1586 757 1616 adolescens
762 1585 829 1624 fui,
844 1585 896 1625 qui
913 1584 981 1623 feci
995 1587 1030 1615 ut
1046 1583 1211 1614 Comoedz'oe
1231 1592 1317 1613 ποι-ω
1336 1581 1459 1612 Coecz'lii
1476 1579 1594 1617 Po'e'toe,
1610 1579 1682 1608 licet
1697 1586 1752 1608 ex·

295 1628 403 1667 pulsae,
418 1629 570 1666 viverent,
586 1631 616 1659 et
632 1629 672 1659 ad
687 1631 870 1659 vetustatem
885 1627 1079 1667 pervenirent
1100 1626 1214 1666 saepius
1228 1625 1368 1664 deinceps
1381 1627 1471 1662 actoe,
1485 1626 1513 1653 et
1529 1622 1666 1663 probatae
1676 1630 1689 1657 ;
1711 1629 1750 1650 ue

295 1680 364 1701 cum
387 1671 488 1702 Poe'ta
508 1671 615 1710 po'e'ma
637 1672 784 1702 caducum
797 1671 906 1710 fieret,
931 1673 961 1700 et
981 1669 1110 1709 periret.
1154 1669 1194 1699 In
1220 1667 1342 1698 Caecilii
1368 1665 1534 1698 Comoediis
1555 1673 1631 1704 quas
1655 1672 1751 1694 novas

296 1715 430 1754 primum
457 1714 608 1752 recitavi,
619 1713 739 1753 partim
764 1723 814 1743 eas
839 1722 934 1752 agens
956 1722 1023 1742 sum
1046 1711 1201 1750 rejectus,-
1221 1710 1338 1750 partim
1353 1709 1409 1740 vix
1421 1708 1510 1749 potui
1525 1707 1668 1745 fabulam
1680 1715 1750 1746 per-

297 1766 400 1796 agere.
449 1757 602 1791 Quoniam
625 1766 695 1787 vero
717 1755 858 1786 videbam
884 1755 1048 1793 fortunam
1069 1764 1167 1785 scenoe
1189 1753 1354 1793 ancipitem
1382 1761 1458 1790 esse,
1481 1753 1513 1781 et
1534 1749 1750 1790 periculosam,

296 1800 366 1830 ideo
379 1800 411 1829 in
430 1809 484 1839 spe
506 1800 624 1829 incerta
648 1801 766 1830 certum
781 1798 912 1829 laborem
930 1797 1011 1828 subii
1024 1808 1037 1834 ;
1059 1798 1182 1828 easdem
1199 1795 1321 1826 Caecz'liz·
1338 1795 1522 1832 Comoedias,
1537 1802 1604 1832 quoe
1618 1791 1751 1823 exclusa.-

291 1841 435 1880 fuerant,
451 1843 586 1881 agendas
599 1843 729 1882 suscepi,
744 1844 778 1872 ut
794 1842 872 1872 alias
885 1841 1018 1879 ejusdem
1033 1850 1127 1870 novas
1140 1839 1315 1870 recitandas
1330 1838 1477 1868 discerem
1492 1838 1653 1866 accurate:
1675 1831 1752 1873 eff'e·

299 1885 386 1924 cique
402 1888 436 1915 ut
461 1886 588 1924 populus
604 1894 654 1915 eas
668 1887 830 1925 spectaret,
852 1883 1054 1923 probaretque
1065 1892 1078 1918 ;
1100 1892 1139 1913 ne
1164 1883 1215 1913 ille
1234 1880 1402 1912 deterritus
1428 1889 1447 1909 a
1468 1879 1571 1909 studio
1596 1875 1751 1907 scribendi

291 1927 422 1966 fabulas
444 1928 685 1958 abstraheretur.
736 1927 796 1957 Ubi
819 1929 965 1966 spectatae
988 1928 1073 1964 sunt,
1093 1929 1124 1956 et
1141 1924 1317 1963 intellectae,
1329 1926 1431 1962 gratae
1448 1925 1477 1952 et
1494 1923 1626 1960 acceptae
1639 1918 1748 1967 populo

289 1971 446 2008 fuerunt:
468 1971 514 2001 ita
531 1970 662 2001 Poetam
680 1969 843 2000 Caecilium
866 1970 900 2000 in
917 1968 1085 2008 pristinum
1110 1971 1226 1999 statum
1242 1970 1272 1998 et
1293 1964 1531 1997 <estimationem
1553 1961 1681 2001 reduxi,
1695 1970 1749 2002 qm

910 2064 925 2074 ο
929 2062 1102 2075 'eo-&Move
1106 2062 1144 2073 Ν

344 2148 358 2181 ss
378 2143 444 2174 Hic
459 2143 627 2183 Prologus
644 2142 792 2173 cohaeret
816 2139 984 2180 superiori
1013 2140 1046 2171 in
1074 2140 1122 2170 M.
1150 2139 1244 2179 Lips.
1261 2137 1360 2169 Bodl.
1383 2140 1419 2168 et
1434 2133 1558 2167 Boend.
1575 2138 1610 2165 et
1626 2133 1659 2164 in
1678 2132 1754 2165 ΕΡ.

300 2186 455 2223 Juntina,
470 2185 606 2223 Aldina,
621 2185 742 2224 Steph.
756 2184 844 2215 aliis.
858 2184 1000 2214 Videtur
1013 2189 1126 2214 autem
1140 2181 1281 2213 editioni
1293 2180 1405 2212 tertiae
1415 2179 1584 2217 Prologus
1599 2177 1653 2207 hic
1669 2185 1755 2217 prae-

301 2229 399 2268 fixus,
423 2229 472 2258 uti
501 2228 654 2267 superior
679 2227 848 2258 secundae.
893 2227 945 2256 De
973 2226 1081 2266 prima
1097 2235 1151 2256 res
1167 2226 1298 2256 incerta
1313 2228 1377 2254 est.
1421 2221 1510 2252 Vide
1529 2219 1700 2259 Eugraph.
1717 2222 1755 2250 et

305 2272 422 2302 Fa'ern.
468 2271 650 2310 Cogitabat
665 2270 822 2310 Guyetus
841 2270 873 2299 iu
891 2269 1011 2309 glossis
1026 2268 1177 2306 ineditis,
1195 2267 1344 2308 potuisse
1359 2265 1445 2303 fieri,
1462 2269 1500 2293 ut
1522 2268 1601 2302 post
1622 2261 1754 2292 obitum

301 2313 459 2345 Terentii
484 2314 555 2343 liaec
581 2313 710 2343 Fabula
725 2313 835 2342 denuo
853 2317 929 2343 acta
946 2312 1129 2351 Prologum
1146 2311 1234 2341 huuc
1251 2308 1436 2348 acceperit.
1462 2306 1625 2337 West.—l
1652 2307 1660 2320 ‘
1676 2303 1755 2334 Cum

302 2359 414 2387 ornatu
431 2355 463 2385 in
482 2355 568 2385 Mss.
592 2355 738 2385 nostris)
764 2355 863 2385 Boecl.
882 2355 910 2384 E
928 2355 972 2392 gl.
993 2364 1060 2383 cum
1078 2354 1201 2382 Br.——2
1230 2353 1273 2381 Ut
1289 2350 1454 2380 omittunt
1480 2348 1537 2378 Fa.
1554 2347 1656 2377 Bent.
1673 2345 1753 2386 Bip.

303 2399 404 2430 Both.
420 2398 478 2428 ΒΓ.
495 2397 589 2428 Perl.
607 2407 672 2437 quo
691 2402 780 2427 teste
804 2399 858 2427 ‘ut
877 2396 1035 2426 omittere
1062 2395 1149 2425 solet
1174 2392 1367 2431 Terentius,
1393 2400 1458 2422 uec
1484 2390 1592 2420 minus
1610 2386 1753 2419 alul—3

302 2441 372 2472 Sim
399 2440 458 2471 Fa.
484 2448 502 2469 e
527 2439 730 2480 typographi
756 2439 870 2478 culpa,
895 2438 943 2468 uti
971 2441 1070 2477 putat
1096 2437 1265 2466 Rem—4
1286 2437 1294 2450 ‘
1310 2434 1541 2466 Veterascerent
1563 2431 1629 2462 Ms.
1646 2429 1758 2462 nnus!

305 2483 404 2514 Boecl.
438 2483 447 2498 ‘
463 2482 553 2521 Guy.
571 2482 603 2512 in
625 2482 767 2512 Scholiis
789 2481 875 2513 Mss.
901 2480 1166 2519 rejuvenescerent
1193 2478 1245 2508 vel
1271 2473 1556 2516 rejuvenescerent!
1579 2473 1753 2504 west—5

306 2527 374 2556 Nec
389 2535 456 2555 cum
474 2525 546 2555 vult
562 2525 670 2555 West.
688 2523 797 2555 edidit
823 2523 992 2555 Both—6
1014 2524 1023 2539 ‘
1039 2523 1125 2558 Quas
1143 2520 1265 2552 Coeciliz'
1287 2520 1421 2560 primum
1443 2518 1528 2548 Mss.
1544 2515 1635 2547 duo:
1653 2515 1754 2547 Boecl.

305 2571 366 2598 —7
393 2568 494 2598 Forte
508 2567 625 2607 partim
642 2576 702 2606 pro
721 2569 853 2606 partem,
877 2566 1040 2606 ἀρχαϊκῶς.
1064 2565 1172 2595 West.
1194 2566 1314 2603 partem
1340 2562 1426 2593 GM.
1444 2560 1507 2598 bis,
1529 2563 1565 2590 at
1588 2559 1620 2589 in
1645 2558 1754 2589 altero

307 2621 384 2650 sup.
410 2610 527 2649 script.
547 2610 596 2639 lit.
611 2619 642 2646 e,
664 2614 754 2639 teste
772 2610 866 2640 Perl.
882 2618 990 2649 parum
1004 2617 1052 2638 me
1066 2607 1165 2639 statui
1181 2615 1244 2647 pro
1255 2605 1374 2646 partim
1389 2604 1444 2634 vix
1456 2603 1532 2634 steti
1548 2600 1661 2634 Guelf.
1677 2602 1755 2631 2.—

307 2656 326 2683 8
350 2652 585 2692 Antiquissimi
612 2651 688 2681 libri
711 2652 871 2682 scoenicum
905 2661 966 2691 per
989 2661 1016 2682 ae
1040 2649 1286 2690 diphthongum
1309 2648 1446 2678 habent.
1470 2645 1530 2676 Fa.
1563 2645 1573 2662 ‘
1590 2644 1755 2674 Attamen

307 2700 440 2727 constat
457 2695 592 2724 aliunde
608 2705 627 2730 η
644 2694 758 2725 Graec.
777 2704 795 2724 a
812 2694 940 2725 Latinis
958 2694 991 2724 in
1007 2703 1022 2724 e
1038 2691 1203 2733 produci!
1229 2691 1400 2722 Perl.—-10
1426 2689 1490 2719 Eas
1505 2687 1575 2718 ΕΡ.
1610 2685 1754 2734 “Malim

307 2742 336 2768 et
353 2738 390 2768 ab
406 2739 507 2768 eodem
522 2737 599 2767 atius
615 2737 741 2774 discere,
758 2737 823 2772 vel,
839 2737 865 2767 si
883 2736 956 2776 quis
974 2735 1124 2766 tuebitur
1140 2734 1319 2765 lectionem
1337 2732 1519 2771 vulgatam,
1541 2739 1600 2761 neu
1614 2729 1702 2759 zuum
1716 2727 1755 2758 ab

308 2782 410 2812 studio
425 2779 624 2811 abducerem!
650 2779 837 2810 West.—ll
868 2780 934 2810 Nec
950 2779 1139 2810 Rom—13
1164 2777 1278 2808 Locum
1293 2785 1380 2807 suum
1396 2771 1512 2806 Guelf.
1525 2774 1641 2804 3.-14
1666 2771 1675 2788 ‘
1688 2769 1756 2802 Aa·
