1966 3302
511 248 817 280 ruouuioms
854 248 961 278 ACT.
986 247 1058 277 ιιι,
1091 247 1157 277 sc.
1180 248 1211 276 1.
1506 237 1590 278 969

143 345 276 395 Nam,
303 349 351 386 ut
381 349 431 386 ut
450 349 577 386 ‘erant
611 345 712 394 alia,
750 345 812 386 illi
846 350 981 393 certe,
1015 356 1114 398 quae
1137 354 1250 383 nunc
1270 341 1350 383 tibi
1370 341 1489 383 domi
1509 348 1591 392 est,

313 412 582 461 consuleres,

141 480 213 522 Ne
237 481 339 534 quid
359 485 538 534 propter
558 489 677 521 tuam
699 480 831 521 fidem
852 481 1043 533 decepta
1064 482 1289 533 pateretur
1310 478 1442 530 mali3
1559 479 1587 518 5

141 548 281 602 Cujus
302 561 415 588 nune
435 548 606 589 miserae
624 560 728 601 spes
747 561 945 601 opesque
961 551 1060 587 sunt
1081 548 1125 586 in
1147 551 1190 588 te
1207 560 1296 587 uno
1314 558 1465 587 omnes
1480 546 1589 587 sitae.

142 615 233 657 GE.
257 615 488 669 Equidem,
519 616 635 665 here,
666 628 748 655 nos
777 614 1038 670 jamdudum
1058 613 1130 655 hic
1152 618 1194 655 te
1217 615 1441 655 absentem
1467 614 1592 654 incu-

311 694 479 732 samus,
502 683 578 736 qui
597 683 770 724 abieris.

141 749 236 791 AN.
267 751 331 792 Te
352 751 496 804 ipsum
519 751 787 805 quaerebam.
849 749 939 791 GE.
961 749 1051 790 Sed
1067 762 1119 790 ea
1139 762 1275 791 causa
1294 750 1431 791 nihilo
1451 751 1593 804 magis

311 818 568 858 defecimus.

141 885 235 927 AN.
267 886 486 940 Loquere,
519 887 733 938 obsecr03
764 899 961 940 quonam
982 886 1027 926 in
1044 886 1144 927 loco
1168 892 1273 928 sunt
1295 901 1364 941 ses
1387 891 1430 929 et
1456 888 1591 929 fortu-

312 967 382 996 nae
403 954 549 995 meae‘?

142 1020 370 1076 Numquid
388 1023 504 1076 patri
537 1023 744 1063 subolet?
807 1021 896 1064 GE.
930 1021 1056 1063 Nihil
1078 1023 1221 1064 etiam.
1280 1023 1374 1064 AN.
1406 1023 1463 1065 Et
1489 1024 1595 1077 quid

314 1091 410 1143 spei
432 1103 561 1143 porro
582 1090 672 1132 'sti
734 1090 823 1132 GE.
846 1089 1027 1131 Nescio.
1087 1089 1180 1132 AN.
1200 1089 1295 1133 Ah!
1541 1093 1596 1132 10

144 1156 234 1198 GE.
268 1156 368 1198 Nisi
391 1157 602 1200 Phaedria
621 1158 740 1199 haud
762 1159 959 1200 cessavit
982 1171 1062 1212 pro
1083 1162 1125 1200 te
1147 1159 1265 1201 eniti.
1341 1159 1436 1201 AN.
1470 1159 1594 1200 Nihil

311 1226 420 1267 fecit
439 1227 558 1267 novi.

141 1325 170 1357 ei
184 1335 252 1366 quae
267 1327 391 1358 nuncin
406 1327 469 1357 tais
483 1330 529 1358 est
544 1326 671 1366 cedibus,
683 1327 860 1368 prospicere
874 1336 949 1357 sane
964 1326 1110 1365 debuisti,
1124 1337 1160 1358 ne
1176 1327 1262 1368 quid,
1274 1327 1341 1358 ideo
1356 1327 1520 1368 quodfidei
1536 1332 1598 1358 tuce

139 1379 173 1400 se
186 1369 332 1405 credidit,
344 1370 417 1400 mali
433 1370 596 1410 acciperet,
611 1370 698 1410 cujus
712 1380 791 1401 nunc
806 1369 943 1408 infelicis
959 1370 1036 1401 bona
1047 1380 1173 1410 spesque
1185 1381 1204 1401 a
1220 1375 1250 1401 te
1265 1381 1323 1401 uno
1334 1373 1483 1411 pendent.
1528 1371 1596 1401 GE.

141 1412 300 1452 Profecto,
314 1413 399 1451 here,
411 1423 466 1443 nos
473 1412 663 1453 jampridem
673 1417 715 1453 te,
735 1414 814 1453 quod
830 1413 902 1444 hinc
917 1413 1026 1444 aberas
1041 1414 1296 1454 vituperavimus.
1344 1414 1412 1446 ΑΝ.
1440 1414 1481 1445 Te
1498 1414 1597 1455 ipsum

141 1455 323 1494 quaerebam.
345 1455 412 1487 GE.
436 1456 498 1486 Sed
511 1459 639 1497 propter
652 1456 822 1487 absentiam
837 1459 924 1487 tuam
935 1457 1033 1487 nihilo
1049 1457 1151 1496 magis
1164 1458 1302 1488 animum
1317 1457 1504 1488 remisimus.
1528 1457 1597 1488 AN.

141 1497 206 1529 Dic
220 1498 308 1537 mihi,
322 1508 436 1538 quaeso,
452 1499 484 1529 in
499 1509 587 1539 quem
602 1500 700 1531 locum
721 1500 910 1531 devenerunt
926 1509 989 1539 res,
1013 1504 1044 1531 et
1062 1504 1162 1531 sortes
1185 1504 1283 1531 meae?
1328 1500 1491 1540 Numquid
1509 1504 1600 1540 pater

139 1540 317 1580 suspicatur
330 1551 378 1572 me
392 1542 546 1573 collusisse
558 1552 626 1573 cum
641 1543 842 1581 Phormione,
853 1546 884 1573 et
896 1552 936 1573 ex
950 1547 1105 1583 compacto
1117 1544 1145 1574 ei
1158 1544 1284 1574 cessisse
1299 1543 1464 1574 victoriam
1477 1547 1600 1574 causoe?

142 1582 208 1615 GE.
233 1584 326 1614 Nihil
341 1585 447 1615 etiam.
493 1584 560 1616 AN.
583 1586 706 1626 Ecquid
728 1586 794 1626 spei
819 1585 953 1616 ulterius
977 1590 1042 1617 est?
1086 1586 1152 1617 GE.
1176 1587 1309 1617 Nescio:
1332 1586 1393 1617 m'si
1409 1588 1489 1627 quod
1506 1586 1597 1616 Phoe-

141 1626 212 1656 dria
225 1636 285 1658 non
300 1627 394 1659 desiit
410 1628 500 1659 enixe
514 1638 565 1660 res
580 1632 650 1660 tuas
663 1638 783 1660 curare.
820 1628 890 1661 ΑΝ.
916 1628 1010 1660 Nihil
1021 1629 1116 1669 fecit,
1131 1630 1195 1660 nisi
1210 1631 1289 1669 quod
1304 1630 1390 1661 solet.
1425 1630 1494 1662 GE.
1521 1629 1599 1660 Tum

748 1722 987 1735 “eece-tecue

142 1782 185 1813 ob
201 1786 346 1814 metrum
364 1783 446 1824 legit
461 1795 469 1816 :
492 1794 593 1825 mage,
608 1796 698 1825 quam
709 1787 759 1817 ted
775 1786 1052 1817 animadversuros.
1068 1785 1176 1818 West.
1213 1785 1330 1816 Nostri
1342 1789 1382 1817 te.
1406 1786 1510 1818 Bent.
1543 1786 1600 1817 Ita

142 1830 179 1857 et
194 1826 255 1856 Βι·.
300 1827 399 1866 Mage
412 1827 517 1859 Both.
561 1829 844 1859 Animadversuros
867 1829 988 1867 magis?
1010 1829 1136 1869 Delpli.
1185 1828 1362 1860 credidisse
1383 1828 1503 1860 Guelf.
1522 1832 1600 1860 2.—

142 1870 162 1899 4
189 1868 268 1903 Quae
282 1879 364 1900 nune
379 1869 438 1900 tibi
452 1871 535 1901 domi
550 1875 606 1902 est.
642 1873 844 1912 Elegantior
867 1872 984 1912 lectio,
1005 1881 1103 1911 quam
1129 1872 1341 1912 quorundam
1365 1872 1450 1903 Mss.
1478 1877 1514 1903 et
1539 1873 1601 1903 im-

144 1921 349 1951 pressorum,
364 1923 432 1952 quoe
447 1923 527 1944 nunc
541 1917 604 1945 tuae
626 1915 709 1945 domi
733 1918 790 1946 est.
823 1915 934 1946 West.
990 1915 1076 1945 Nam
1091 1918 1125 1945 ut
1140 1918 1173 1945 ut
1186 1918 1274 1945 erant
1290 1916 1365 1954 alia,
1376 1915 1424 1946 illi
1439 1919 1521 1947 certe
1534 1926 1600 1956 quoe

141 1964 223 1985 πηνα·
237 1955 320 1986 domi
335 1959 397 1986 tuae
411 1959 454 1987 est
470 1958 651 1988 consuleres.
677 1957 779 1989 Liber
794 1957 993 1997 Bembinus,
1010 1968 1078 1998 quce
1093 1967 1171 1988 nunc
1188 1958 1247 1988 tibi
1262 1957 1405 1989 domi‘st:
1430 1959 1600 1999 quomodo

144 2001 180 2027 et
193 1996 284 2028 infra
298 1998 435 2038 dicitur,
459 2000 468 2015 ‘
480 2000 543 2031 Cui
559 2000 646 2041 quod
663 2011 754 2031 amas
769 2000 907 2031 domi’st
920 2000 942 2032 :'
965 2002 1060 2041 item,
1077 2003 1085 2018 ‘
1102 2000 1206 2031 mihin
1221 2000 1381 2032 domi’st.'
1402 2000 1475 2042 (ιιι.
1486 2005 1517 2033 2.
1533 2001 1601 2042 19.)

143 2041 191 2070 ita
217 2050 334 2072 versus
351 2051 485 2082 quoque
501 2043 776 2083 expeditissimus
793 2048 856 2075 est.
880 2043 941 2076 Fa.
988 2044 1106 2076 Nostri
1132 2047 1195 2075 tua:
1217 2045 1310 2074 domi.
1336 2044 1440 2076 Bent.
1485 2045 1542 2076 Ita
1565 2049 1603 2076 et

143 2082 228 2114 GM.
246 2084 304 2114 ΒΓ.
350 2085 391 2115 ln
407 2085 531 2124 Delph.
548 2090 601 2116 est
614 2087 662 2117 illi
675 2091 759 2117 certe
773 2088 956 2127 consuleres,
971 2098 1040 2127 quoe
1054 2097 1135 2119 nunc
1150 2087 1210 2117 tibi
1222 2087 1305 2118 domi
1322 2090 1443 2118 est.—5
1469 2088 1601 2119 Patere—

141 2129 206 2157 ίαν.
230 2126 288 2158 Ita
303 2127 386 2158 Mss.
402 2128 556 2168 plerique
572 2139 702 2168 omnm,
716 2139 791 2160 cum
808 2129 910 2160 editis
928 2130 1084 2161 vetustis.
1137 2130 1338 2161 Gulielmius
1363 2131 1504 2162 alteram
1529 2131 1601 2162 Do-

142 2168 216 2200 nati
231 2170 412 2201 lectionem
429 2175 578 2211 secutus,
592 2173 749 2211 potiretur
759 2173 835 2203 malz·
849 2174 941 2213 legit.
966 2173 1055 2213 Guy.
1069 2174 1121 2204 Ne
1135 2173 1382 2213 qui...potiretur
1393 2173 1478 2204 mali.
1491 2174 1601 2206 West.

145 2212 310 2243 Potiretur
321 2213 426 2245 Bent.
439 2213 541 2244 Both.
580 2215 763 2255 Vulgatam
779 2216 860 2246 lect.
879 2215 1001 2255 probat
1014 2217 1157 2256 Bip.-7
1184 2216 1334 2255 Equidem
1348 2226 1398 2247 ere
1413 2216 1601 2255 nosjamdu-

143 2255 226 2287 (luni.
250 2254 367 2297 Aliqui
381 2256 472 2296 libri,
490 2257 578 2287 iuter
598 2268 681 2299 quos
707 2264 778 2289 tres
806 2258 1043 2299 antiquissimi,
1059 2264 1094 2289 et
1110 2259 1188 2290 Bas.
1206 2260 1250 2289 Et
1265 2260 1406 2299 quidem.-
1438 2259 1528 2300 quod
1553 2260 1600 2290 in-

144 2297 319 2337 captivum
336 2303 398 2338 est,
414 2304 452 2330 ut
468 2303 503 2330 et
519 2300 551 2330 in
568 2301 719 2342 Hecyra,
743 2302 752 2318 ⁴
766 2306 801 2331 et
826 2301 962 2342 quidem
980 2307 1014 2332 te
1031 2301 1204 2342 expecto!
1226 2302 1288 2333 Fa.
1333 2303 1449 2333 Nostri
1465 2312 1601 2344 quoque

149 2342 191 2371 Et
205 2341 336 2381 quidem.
379 2342 533 2382 Equidem
547 2352 588 2373 ea
604 2349 718 2382 aetale,
735 2354 801 2375 non
817 2344 881 2374 nisi
901 2354 976 2375 eum
994 2354 1141 2385 persona
1158 2344 1267 2385 prima
1283 2344 1457 2385 singulari,
1475 2346 1600 2386 junge—

145 2384 259 2415 batur.
280 2385 378 2416 Bent.
422 2386 468 2415 Et
488 2387 610 2426 quidem
624 2387 684 2417 Br.
702 2387 787 2418 GM.
806 2388 884 2426 Bip.
902 2387 1004 2419 Both.
1023 2388 1091 2418 Nos
1109 2388 1294 2426 jamdudum
1308 2388 1362 2419 abs
1373 2398 1407 2418 re
1420 2391 1451 2419 te
1466 2389 1537 2419 hinc
1552 2389 1601 2419 in-

143 2436 284 2458 cusamus
298 2428 351 2468 qui
373 2428 486 2459 abieris
501 2429 602 2460 Both.
647 2429 735 2460 Hinc
752 2429 832 2461 Hel.
850 2430 966 2461 Guelf.
986 2433 1081 2461 1.-8
1106 2431 1190 2462 GM.
1206 2431 1302 2461 nihilo
1316 2432 1490 2462 minus—9
1514 2433 1600 2463 Mss.

146 2469 266 2501 Leidd.
284 2475 364 2507 tres,
379 2471 478 2502 Bodl.
494 2471 537 2502 G.
550 2472 632 2504 Wit.
647 2472 766 2503 Boend.
781 2473 867 2504 sint:
891 2478 995 2514 atque
1012 2473 1061 2504 ita
1077 2473 1161 2504 editi
1177 2473 1313 2514 quidam
1331 2480 1477 2504 veteres.
1500 2474 1600 2506 W'est.

143 2512 201 2543 Ita
217 2518 253 2543 et
269 2513 417 2544 Br.—1o
441 2513 485 2546 G.
502 2519 537 2545 et
551 2515 623 2545 ΕΡ.
640 2515 789 2555 subdolet,
806 2516 836 2548 h.
850 2526 879 2546 e.
896 2517 1106 2557 aliquantum
1124 2516 1228 2547 dolet.
1273 2516 1370 2547 Idem
1387 2517 1419 2547 in
1439 2517 1601 2558 plusculis

144 2555 276 2586 Donati
292 2556 392 2587 codd.
409 2557 583 2597 impressis
599 2558 736 2597 legitur.
787 2558 827 2589 In
845 2558 927 2598 Arg.
945 2559 1097 2590 additum
1113 2570 1120 2590 :
1153 2560 1162 2576 ‘
1180 2559 1208 2590 1.
1230 2569 1258 2589 e.
1284 2560 1389 2590 Dolet
1406 2560 1494 2600 patri
1511 2570 1600 2599 meo,

139 2598 238 2639 quod
255 2597 410 2638 abierim,
426 2609 536 2641 neque
552 2600 713 2632 subierim
729 2601 800 2641 ejus
815 2601 1066 2642 conspectum!
1105 2603 1201 2634 li'est.
1255 2602 1309 2632 Ne
1335 2603 1419 2642 patri
1445 2604 1478 2633 in
1499 2603 1601 2634 Thesi

146 2645 257 2672 totum
273 2641 465 2681 delitescat,
481 2644 555 2684 lege
570 2644 656 2674 Num
679 2645 764 2684 patri
789 2645 864 2684 quid
888 2645 1030 2682 subolet;
1059 2649 1094 2676 et
1117 2645 1196 2684 speii
1220 2643 1414 2681 δισυλλάβως
1441 2655 1500 2686 pro
1521 2647 1600 2687 spei.

145 2683 249 2716 Bent.
293 2684 441 2716 Subdolet
456 2687 513 2717 ΒΓ.
560 2687 596 2716 N
598 2697 647 2718 um
656 2687 743 2726 patri
757 2688 873 2718 subolet
887 2685 987 2727 quid?
1022 2688 1083 2718 Nil
1097 2688 1202 2720 etiam.
1247 2688 1310 2729 Spe
1324 2689 1397 2728 quid
1420 2699 1514 2729 porro
1527 2692 1572 2720 est
1584 2687 1601 2720 ’ἓ

805 2772 947 2804 NOTAE

312 2836 349 2866 11
376 2834 450 2866 Nisi
465 2834 627 2877 Phoedria]
651 2835 795 2869 Linacer
815 2837 1040 2870 Graecismum
1058 2846 1132 2869 esse
1149 2837 1209 2877 ait,
1231 2837 1293 2870 nisi
1311 2848 1372 2879 pro
1387 2839 1449 2869 sed.
