1966 3302
330 193 416 236 878
825 203 865 232 P.
897 202 1138 232 TERENTH
1174 202 1292 239 Anni

330 300 480 341 an.
513 298 623 351 Ego,
648 296 896 350 Pamphile,
916 309 1012 337 esse
1036 297 1263 345 internos,
1285 298 1322 338 si
1344 297 1435 339 fieri
1458 303 1618 352 potest,

329 367 604 410 Affinitatem
623 366 737 406 hanc
760 377 865 406 sane
885 370 1146 418 perpetuam
1167 365 1292 407 volo:

330 435 408 476 Sin
430 439 512 485 est,
533 439 584 475 ut
605 434 736 475 aliter
758 437 833 473 tua
856 433 940 473 siet
962 432 1195 482 sententia,
1726 434 1783 474 15

330 501 546 556 Accipias
567 513 764 555 puerum.
824 500 955 542 PAM.
986 500 1136 541 Sensit
1154 500 1413 554 peperisse:
1444 499 1616 542 occidi!

331 570 417 611 LA.
450 570 643 611 Puerum
663 569 672 610 Ξ
717 582 847 623 quem
881 568 1096 623 puerum?
1176 568 1324 609 PHID.
1367 567 1515 610 Natus
1549 573 1618 610 est
1651 569 1781 610 nobis

502 649 672 690 nepos:

326 706 441 747 Nam
465 705 656 746 abducta
673 717 701 744 a
721 703 847 744 vobis
870 715 1102 757 praegnans
1123 702 1266 743 suerat
1284 702 1391 753 filia,

322 775 483 828 Neque
502 773 639 814 fuisse
660 776 960 826 praegnantem
979 783 1169 825 unquam
1192 773 1290 812 ante
1309 770 1425 811 hunc
1446 770 1558 812 scivi
1576 770 1705 812 diem.

324 844 411 884 LA.
443 842 579 889 Bene,
601 841 666 881 ita
685 852 756 880 me
776 839 838 880 Di
859 843 1006 880 ament
1024 839 1033 880 !
1063 838 1267 889 nuntias3
1297 841 1341 879 et
1361 838 1548 891 gaudeo,
1611 851 1613 853 ’
1721 839 1779 881 20

326 911 497 953 Natum
517 909 656 958 illum,
677 912 721 948 et
744 907 823 948 tibi
845 906 970 948 illam
993 906 1161 948 salvam
1180 919 1190 947 ε
1223 906 1302 947 sed
1323 906 1431 960 quid
1450 907 1643 949 mulieris

321 979 524 1020 Uxorem
542 977 693 1026 habeS,
716 978 789 1017 aut
806 975 968 1030 quibus
989 980 1205 1016 moratam
1224 975 1421 1016 moribus
1438 975 1457 1015 ’ἒ

323 1133 508 1173 Phidippus,
523 1135 673 1172 quantum
688 1131 734 1163 eis
743 1132 876 1172 placeat.
921 1129 991 1161 Pu.
1019 1131 1100 1170 Ego,
1117 1130 1290 1170 Pamphile,
1302 1131 1381 1161 hanc
1395 1130 1562 1172 affinitatis
1578 1130 1778 1163 necessitudi-

321 1185 389 1206 nem
404 1176 487 1207 inter
500 1185 555 1206 nos
565 1178 709 1215 perpetuo
722 1174 912 1205 intercedere
923 1177 1004 1214 opto,
1016 1173 1127 1215 sifieri
1134 1176 1237 1213 potest
1249 1184 1259 1205 .-
1274 1175 1355 1214 quod
1364 1173 1463 1204 sinon
1474 1174 1596 1212 itasert
1609 1177 1664 1205 tua
1671 1174 1780 1205 volun-

321 1222 380 1252 tas,
394 1228 536 1258 pueram,
547 1228 636 1257 quem
642 1217 783 1256 genuisti
793 1227 833 1248 ex
846 1217 1046 1253 Philumena,
1057 1216 1191 1256 recipias
1202 1216 1306 1247 velim.
1329 1216 1396 1248 ΡΑ.
1412 1217 1530 1257 Nempe
1539 1217 1689 1257 comperit
1696 1216 1777 1247 ΡΙιὶ-

317 1262 432 1301 dippus
447 1261 659 1292 Philumenam
670 1260 824 1300 peperisse
834 1270 843 1290 .·
855 1259 977 1290 interii.
1002 1259 1065 1290 LA.
1082 1260 1243 1290 Puerum?
1258 1269 1345 1299 quem
1354 1263 1504 1299 puerum?
1525 1259 1597 1290 Pu.
1614 1259 1720 1293 Natus
1730 1263 1778 1291 est

319 1305 407 1334 nobis
431 1314 523 1343 nepos
548 1313 587 1334 esc
613 1303 777 1343 Pamphilo
796 1306 825 1333 et
843 1303 1029 1333 Philumena
1044 1313 1054 1333 :
1077 1312 1148 1332 nam
1172 1302 1343 1342 Myrrhina
1363 1312 1402 1333 ex
1425 1305 1535 1334 vestra*
1559 1303 1646 1333 domo
1667 1302 1776 1344 filiam

315 1347 483 1385 gravidam
507 1346 652 1381 abduxit,
675 1356 771 1386 neque
793 1355 924 1386 unquam
944 1346 1111 1382 grai-idam
1123 1344 1228 1382 fuisse
1249 1345 1352 1385 accepi
1374 1348 1446 1376 ante
1467 1345 1547 1376 hunc
1570 1345 1663 1377 diem.
1710 1345 1775 1377 LA.

317 1391 497 1420 Jucumium
518 1389 596 1420 mihi
618 1389 773 1428 munium,
796 1389 843 1419 ita
866 1398 912 1419 me
935 1388 994 1419 Dia·
1016 1391 1130 1423 ament,
1146 1388 1224 1418 mihi
1237 1389 1376 1428 nuntias,
1392 1391 1424 1419 et
1435 1389 1579 1427 gratulor
1594 1388 1665 1426 tibi,
1686 1388 1776 1419 illum

318 1436 426 1463 matam
448 1442 524 1470 esse,
546 1436 576 1463 et
588 1432 697 1472 filiam
719 1441 833 1472 quoque
856 1431 1075 1462 Philumenam
1098 1439 1162 1461 esse
1183 1431 1374 1467 incolumem,
1391 1434 1420 1461 et
1435 1431 1509 1462 bene
1525 1432 1699 1462 valentem:
1721 1432 1775 1462 sed

316 1485 384 1515 quae
398 1475 508 1506 mulier
522 1479 569 1506 est
583 1484 664 1506 uxor·
679 1478 747 1515 tua,
761 1478 816 1505 aut
831 1474 941 1515 quibus
955 1474 1112 1504 instructa
1125 1473 1260 1505 moribus
1270 1477 1284 1505 ,⁹
1327 1473 1467 1506 Nobisne
1480 1473 1547 1515 hoc,
1559 1473 1667 1516 filiam
1673 1473 1778 1512 fuisse

927 1581 966 1593 ‘O
970 1581 1066 1593 NOO‘
1070 1580 1086 1592 θ
1090 1580 1166 1593 ἸΝ

316 1670 471 1711 responsi
498 1670 570 1709 dat,
593 1671 651 1702 vix
667 1679 801 1711 possum
819 1669 989 1709 dubitare,
1005 1669 1085 1711 quin
1102 1678 1120 1699 a
1133 1668 1293 1700 Terentio
1313 1668 1361 1700 sic
1378 1666 1507 1699 fuerit:
1531 1667 1618 1699 Dum
1628 1675 1666 1698 ne
1681 1668 1774 1699 redw

315 1724 408 1750 cam,·
431 1714 534 1745 turbet
559 1723 650 1754 porro
665 1724 757 1754 quam
779 1714 864 1745 velit.
909 1713 1091 1754 Myrrhina,
1111 1711 1222 1752 inquit
1238 1711 1443 1752 Phidippus,
1454 1709 1617 1752 perturbat
1630 1719 1704 1741 nos.-
1728 1710 1771 1742 ad

313 1757 377 1787 lioc
389 1756 588 1797 Pamphilus
603 1768 610 1786 z
637 1757 751 1787 Tur-bet
763 1766 867 1797 porro,
885 1755 1066 1795 perturbet
1083 1765 1139 1786 vos
1156 1754 1267 1786 adhuc
1281 1755 1387 1795 magis
1403 1753 1591 1794 Myrrhina,
1608 1757 1770 1794 quantum

315 1799 419 1838 velit3
453 1800 553 1830 modo
577 1809 620 1830 ne
649 1799 821 1830 reducam.
866 1799 1012 1830 Plautus
1035 1798 1139 1829 Most.
1164 1806 1220 1828 ux.
1238 1800 1268 1829 1.
1286 1799 1338 1828 15.
1362 1797 1460 1828 Bent.
1493 1805 1592 1837 quem
1615 1795 1772 1837 sequitur

316 1843 418 1873 Both.
437 1843 559 1883 probat
575 1843 616 1874 R.
636 1843 768 1874 D.—13
792 1842 895 1873 Lache
911 1842 1002 1881 Guy.
1013 1841 1131 1880 voluit,
1146 1839 1361 1880 improbante
1376 1839 1572 1871 West.—l5
1595 1837 1655 1870 Sin
1667 1841 1772 1870 aulem

313 1884 431 1917 Guelf.
450 1888 567 1917 1.——18
591 1885 828 1927 Antiquissimi
843 1885 921 1915 libri
940 1885 1036 1915 Bem.
1049 1888 1085 1915 et
1100 1884 1179 1914 Vat.
1195 1884 1279 1914 hanc
1293 1891 1410 1914 vocem
1431 1890 1600 1923 praegnans
1615 1885 1651 1912 et
1662 1890 1771 1921 proeg-

313 1932 438 1959 nantem
454 1929 525 1960 sine
549 1939 569 1959 n
593 1929 712 1959 littera
729 1927 855 1958 habeut
872 1928 933 1958 hoc
958 1926 1071 1966 modo,
1085 1935 1239 1966 proegnas,
1255 1928 1445 1967 praegnatem
1457 1936 1467 1956 .·
1500 1926 1615 1966 itaque
1632 1932 1770 1965 semper

313 1976 348 2001 et
363 1972 393 2001 in
408 1971 596 2002 pandectis
613 1970 820 2002 Florentinis
837 1971 964 2011 scripta
989 1969 1160 2000 invenitur
1185 1968 1258 2000 haec
1276 1968 1392 2001 dictio.
1436 1968 1496 1999 Me
1513 1977 1595 1999 vero
1611 1975 1678 1998 non
1694 1971 1769 1998 tan-

311 2018 382 2044 tum
401 2024 478 2045 usus
496 2014 671 2045 scribendi
687 2013 934 2045 vetustissimus
961 2017 1087 2051 movet,
1105 2015 1268 2053 quantum
1292 2012 1391 2053 hujus
1416 2009 1576 2042 dictionis
1601 2010 1769 2041 derivatio

312 2057 354 2087 al)
371 2057 512 2088 Donato
529 2057 675 2088 tradita:
701 2058 729 2088 is
743 2056 831 2087 enim
846 2056 934 2087 hunc
949 2056 1060 2087 locum
1076 2063 1263 2096 exponenS,
1275 2054 1336 2094 ait,
1354 2054 1529 2094 Proegnans
1543 2055 1591 2085 est
1602 2056 1675 2085 ante
1687 2062 1768 2092 gna-

312 2103 375 2129 inm
391 2102 439 2130 vel
453 2103 525 2131 ante
538 2101 751 2139 genetricem;
782 2103 829 2130 est
844 2100 925 2130 enim
947 2109 1014 2140 prae
1035 2102 1127 2129 ante:
1162 2107 1204 2128 ex
1230 2097 1352 2139 quibus
1375 2095 1503 2128 Donati
1525 2095 1638 2128 verbis
1660 2095 1769 2137 liquet

310 2142 396 2172 lianc
413 2153 528 2174 vocem
546 2153 612 2174 non
630 2152 705 2174 esse
723 2141 952 2184 participium,
974 2141 1062 2182 quod
1087 2141 1279 2172 necessario
1302 2149 1366 2181 per
1388 2149 1408 2171 n
1430 2137 1640 2170 efferendum
1665 2143 1768 2177 esset,

311 2185 370 2215 :sed
389 2195 509 2217 nomen
525 2197 540 2216 a
560 2196 629 2226 3³1·ae
647 2191 681 2217 et
699 2191 831 2226 gnatus,
850 2186 902 2216 vel
926 2195 944 2215 a
967 2194 1038 2224 prae
1056 2188 1092 2215 et
1107 2184 1286 2225 genetrix;
1309 2192 1383 2224 quae
1399 2187 1542 2223 utraque
1558 2191 1625 2213 vox
1641 2181 1767 2213 nullam

310 2231 551 2260 nenessitatem
570 2228 669 2260 infert
686 2228 811 2259 nomini
827 2228 868 2259 ab
885 2237 920 2259 se
937 2227 1098 2266 deducto,
1114 2226 1324 2258 assumendae
1339 2225 1463 2256 litterae
1477 2235 1508 2257 n.
1540 2224 1599 2256 Fa.
1646 2224 1766 2256 Nostri

308 2281 474 2310 ,vra-gnaris
491 2276 524 2303 ε’(
548 2275 771 2312 praegnnntem.
809 2272 912 2302 Bent.
968 2269 1116 2301 Faernus
1142 2274 1178 2300 et
1202 2269 1320 2300 Rivius
1344 2268 1499 2308 Praeguas
1514 2266 1705 2299 defendunt
1721 2276 1766 2298 ex

311 2314 417 2345 codd.
435 2315 557 2345 Bemb.
574 2320 609 2346 et
623 2315 703 2345 Vat.
748 2314 861 2345 Testis
878 2318 990 2344 autem
1016 2316 1068 2344 est
1090 2312 1277 2353 Gregorius
1301 2310 1512 2350 Holoander,
1525 2309 1559 2340 in
1576 2309 1764 2341 Pandectis

310 2356 515 2388 Florentinis
533 2356 605 2388 fere
622 2366 758 2397 semper
777 2366 926 2396 proegnas
941 2356 1020 2396 legi.
1064 2355 1192 2386 Eadem
1207 2364 1272 2385 vox
1288 2353 1379 2395 apud
1393 2353 1543 2385 Probum
1561 2352 1594 2384 in
1612 2352 1765 2384 Catholi-

310 2399 357 2428 cis
375 2401 555 2440 reperitur.
581 2401 626 2431 Et
641 2399 778 2430 videtur
792 2400 947 2431 Donatus
964 2400 1013 2430 ita
1028 2398 1162 2438 legisse.
1186 2397 1253 2429 Sed
1271 2401 1306 2428 et
1320 2396 1369 2428 ita
1385 2401 1438 2428 est
1454 2397 1489 2427 in
1504 2395 1587 2428 edit.
1599 2395 1763 2427 Heidelb.

309 2451 375 2480 qua
402 2452 480 2474 usus
506 2447 560 2474 est
581 2443 738 2483 Gnyetns
764 2446 799 2473 et
823 2442 978 2475 Juntina.
1033 2441 1162 2472 Eadem
1187 2450 1271 2472 voce
1298 2439 1442 2471 Plautus
1466 2442 1519 2470 est
1542 2447 1633 2472 lisnS.
1672 2438 1761 2470 Wes—

310 2485 424 2515 cerhov.
481 2486 636 2525 Proegnas
658 2491 693 2516 et
710 2485 1045 2525 proegnatemPareus
1064 2488 1099 2514 et
1115 2483 1304 2515 Rom—19
1326 2483 1532 2522 Proegnatum
1551 2481 1594 2513 G.
1638 2480 1760 2513 Totum

309 2536 441 2558 'cursum
467 2528 559 2559 delet
585 2529 760 2568 Gay-*21
789 2528 858 2558 Tibi
884 2531 915 2558 et
938 2527 1046 2558 nostri
1073 2527 1220 2557 universi
1244 2532 1278 2557 et
1307 2525 1385 2557 edd.
1410 2529 1494 2556 vett.
1519 2524 1615 2556 Bent.
1651 2528 1687 2555 et
1709 2524 1760 2555 sic

312 2579 393 2600 ¹mus
411 2580 427 2601 e
444 2571 552 2603 Boecl.
569 2572 627 2602 ΒΓ.
652 2571 710 2603 tibi
725 2571 818 2602 delet
835 2571 934 2602 Bent.
949 2579 1048 2612 quem
1065 2574 1250 2611 sequuntur
1267 2569 1341 2610 ssip.
1357 2568 1457 2600 Both.
1475 2567 1569 2598 Perl.
1600 2566 1658 2598 tibi
1673 2567 1759 2598 illum

964 2677 1104 2709 NOTAE

541 2766 576 2793 1ss
602 2763 707 2794 Sensit
722 2764 890 2804 peperisse]
920 2764 1005 2795 Haec
1023 2763 1112 2794 solus
1129 2772 1242 2795 secum
1260 2763 1307 2795 ait
1321 2761 1530 2802 Pamphilus.
