1966 3302
306 221 391 263 786
800 233 837 262 p,
871 231 1113 262 'rnRENTu
1149 232 1265 263 Arm

309 328 400 370 Hic
433 327 582 369 saciat.
642 327 742 368 AEs.
775 326 840 367 Mi
877 328 1026 381 pater!
1088 327 1172 368 M1.
1205 326 1354 377 Quid?
1385 331 1430 369 tu
1463 327 1610 369 autem'
1644 327 1760 378 huic,

479 396 619 444 asine,
642 395 904 436 auscultas?
969 395 1059 436 DE.
1095 393 1221 435 Nihil
1242 395 1365 448 agis:

306 463 425 504 Fieri
447 463 573 503 aliter
606 475 690 502 non
722 466 882 516 potest.
944 463 1030 503 M1.
1066 462 1254 503 Deliras.
1314 463 1413 504 AES.
1443 462 1549 504 Sine
1577 465 1622 504 te
1653 473 1761 503 exo-

478 543 585 592 rem,
606 531 666 569 mi
687 533 824 583 pater.
1094 519 1220 537 -X
1683 510 1741 527 *⁸³

306 598 393 639 MJ.
423 591 631 639 Insahis‘?
664 598 802 638 aufer.
864 598 957 639 ΒΕ.
988 596 1103 652 Age,
1125 599 1184 640 da
1205 599 1375 640 veniam
1393 598 1501 639 filio.
1561 595 1650 639 ΜΙ.
1680 596 1762 638 Sa-

478 664 555 706 tin’
577 678 713 706 sanus
734 665 816 706 es?
849 679 932 719 ego

307 732 470 774 Novus
491 734 674 774 maritus
697 746 812 774 anno
833 734 1011 775 demum
1033 735 1188 789 quinto
1211 742 1256 776 et
1279 734 1562 787 sexagesimo
1705 733 1762 774 15

307 801 432 842 Fiam
451 802 460 842 ἔ
491 804 624 854 atque
646 813 778 842 anum
799 801 1069 855 decrepitam
1092 804 1247 845 ducam
1267 803 1276 844 !
1307 803 1405 844 idne
1435 803 1538 844 estis
1559 805 1762 844 auctores

479 869 584 909 mihi
599 870 618 909 ”l

307 937 408 978 AEs.
442 936 561 977 Fac:
593 936 777 990 promisi
800 949 880 988 ego
903 937 1005 978 illis.
1067 937 1155 980 M1.
1188 937 1399 979 Promisti
1426 937 1604 990 autern?
1637 936 1690 977 de
1721 942 1762 977 te

444 1050 446 1053 ,
476 1003 668 1057 largitor,
690 1016 813 1057 puer.

309 1073 400 1114 ΒΕ.
432 1065 555 1125 Age3
587 1071 709 1125 quid,
741 1071 779 1111 si
813 1072 919 1125 quid
950 1076 992 1114 te
1024 1072 1165 1125 majus
1197 1074 1322 1114 oret?
1384 1072 1468 1113 M1.
1501 1071 1645 1123 Quasi
1676 1085 1762 1112 non

477 1140 564 1181 hoc
587 1140 645 1181 sit
666 1152 939 1181 maxumum.

309 1210 400 1250 DE.
432 1210 505 1250 Da
539 1208 724 1250 veniam.
785 1208 886 1249 AES.
919 1209 990 1249 Ne
1025 1223 1217 1263 gravare.
1279 1209 1369 1251 ΒΕ.
1402 1209 1511 1258 Fac,
1545 1209 1761 1262 promitte.

482 1276 567 1317 M1.
599 1275 704 1344 Nssn
724 1276 923 1317 omittis?

306 1394 340 1424 id
356 1395 384 1425 ez'
398 1393 707 1434 persuadeusfacere.
735 1393 803 1424 AEs.
831 1393 881 1424 Mi
894 1397 996 1433 pater.
1030 1394 1098 1424 Μι.
1116 1394 1219 1432 Itane,
1233 1393 1331 1432 asine,
1346 1393 1417 1424 huic
1433 1403 1545 1424 morem
1558 1391 1671 1432 geris?
1693 1393 1760 1423 ΒΕ.

308 1437 443 1468 Frustra
458 1437 492 1467 iel
506 1446 640 1475 recusas,
656 1435 814 1475 Mltinstd
836 1439 867 1466 te
889 1446 1010 1467 necesse
1033 1442 1080 1468 est
1099 1436 1218 1474 facere.
1263 1436 1332 1467 M1.
1356 1436 1466 1467 IlIente
1480 1439 1588 1474 captus
1603 1446 1647 1468 es.
1693 1436 1764 1466 ΖΕΒ.

308 1480 464 1511 Permitte
479 1482 515 1509 ut
530 1479 562 1509 iel
579 1490 598 1509 u
620 1483 650 1510 ie
665 1480 838 1519 impetrem,
860 1480 903 1509 mi
919 1483 1021 1520 pater.
1068 1479 1134 1510 M1.
1159 1479 1292 1509 Insanus
1306 1488 1338 1509 es
1352 1479 1454 1509 auimo
1466 1489 1476 1509 .·
1498 1478 1588 1517 aufer
1605 1482 1647 1510 le.
1692 1478 1763 1509 DE.

310 1523 384 1562 Eia,
399 1523 452 1553 hoc
466 1531 536 1562 age,
549 1522 662 1553 exaudi
678 1531 780 1562 preces
785 1521 854 1563 filii
871 1523 929 1552 tui.
966 1522 1031 1553 Mt.
1056 1522 1182 1553 Satisne
1198 1522 1307 1553 mentis
1321 1531 1438 1562 compos
1452 1524 1502 1552 es?
1547 1522 1655 1560 Egone
1669 1530 1765 1551 novus

310 1569 444 1597 maritus
449 1565 544 1606 fiam,
560 1575 654 1595 annos
666 1567 785 1596 demum
809 1564 942 1605 quinque
959 1569 989 1596 et
1005 1565 1168 1604 sexaginta
1183 1569 1286 1602 natus,
1297 1568 1327 1595 et
1343 1565 1477 1595 vetulam
1492 1566 1639 1596 extremae
1655 1564 1764 1594 aetatis

310 1609 342 1639 in
361 1618 490 1639 uxorem
501 1608 670 1648 accipiam?
693 1608 763 1638 idne
777 1608 854 1638 mihi
870 1609 1024 1639 suadetis?
1067 1608 1136 1639 AEs.
1161 1607 1326 1645 Sicfacias
1339 1617 1413 1647 rogo
1427 1617 1438 1644 ,·
1459 1617 1530 1637 nam
1546 1608 1580 1638 id
1595 1606 1660 1638 illis
1670 1605 1762 1647 polli-

310 1653 392 1682 citus
406 1661 485 1682 sum.
533 1650 596 1681 DE.
617 1650 782 1681 Pollicitus
804 1648 859 1682 es?
882 1651 919 1681 de
946 1654 976 1681 te
997 1651 1152 1691 promitte,
1174 1661 1190 1681 o
1212 1660 1302 1691 puer,
1323 1660 1384 1681 non
1401 1651 1438 1681 de
1452 1649 1536 1681 aliis.
1581 1650 1652 1680 ΒΕ.
1678 1649 1764 1684 Quia

310 1695 412 1734 igitur
422 1694 558 1731 faceres,
572 1693 600 1724 si
615 1693 688 1734 quid
703 1693 829 1732 majoris
852 1694 997 1725 momenti
1018 1703 1037 1724 a
1060 1696 1090 1724 te
1112 1697 1203 1734 postu
1217 1697 1296 1724 aret,
1342 1694 1378 1724 M
1385 1702 1410 1724 1.
1433 1693 1532 1728 Quasi
1546 1692 1631 1723 istud
1645 1701 1706 1723 non
1720 1691 1763 1722 sit

309 1737 441 1768 maximi
466 1736 623 1768 momenti.
672 1737 739 1767 DE.
767 1737 984 1776 concedenti,
1006 1738 1085 1776 quod
1107 1737 1199 1777 petie.
1245 1736 1315 1768 AEs.
1342 1735 1452 1767 Praebe
1473 1735 1551 1766 mihi
1573 1739 1604 1766 te
1620 1734 1764 1773 facilem.

308 1782 377 1812 DE.
400 1780 481 1819 Age,
494 1779 643 1820 promitte
662 1780 723 1810 illi.
768 1780 833 1811 M1.
860 1780 934 1810 Non
948 1780 1065 1811 desinis
1077 1790 1125 1810 me
1140 1779 1318 1819 obtundere,
1339 1782 1370 1810 et
1385 1778 1484 1810 uerbis
1498 1787 1623 1810 enecare
1637 1781 1650 1809 ,⁹
1695 1776 1763 1808 ΖΕΒ.

919 1872 1158 1884 ΟΙΜΜΟΟ

311 1937 501 1969 Grammat.
527 1938 603 1970 Lib.
629 1947 736 1971 xvur.
767 1939 833 1970 Hic
847 1940 961 1978 faciet.
993 1938 1069 1969 Riv.
1094 1941 1129 1969 et
1157 1938 1251 1970 Glar.
1275 1937 1465 1969 defendunt
1486 1937 1524 1968 τὸ
1547 1940 1650 1968 autem
1675 1935 1765 1978 qnod

311 1981 408 2011 abest
431 1991 450 2011 a
475 1981 558 2012 Mss.
589 1981 799 2022 quibusdam.
838 1982 935 2015 lVesL
967 1982 1035 2012 Hic
1052 1981 1165 2020 faciet.
1202 1982 1326 2013 Placet
1349 1981 1426 2011 milii
1441 1980 1560 2019 faciat,
1585 1985 1622 2011 nt
1645 1984 1680 2010 et
1701 1980 1766 2010 Do.

312 2024 413 2063 legit3
440 2029 476 2055 et
499 2034 614 2055 omnes
638 2024 710 2056 fere
735 2025 755 2055 l.
783 2034 807 2054 s-
833 2029 870 2056 et
897 2025 976 2056 Bas.
1000 2024 1138 2055 habent.
1163 2025 1223 2056 Fa.
1267 2025 1351 2055 Tres
1379 2033 1421 2054 ex
1446 2023 1569 2054 nostris
1591 2022 1766 2053 veterrimi

303 2067 430 2104 faciat:
455 2068 510 2098 alii
531 2068 684 2108 plerique
699 2067 810 2106 saciet.
838 2069 940 2099 Bent.
987 2067 1072 2102 Quid
1095 2070 1130 2098 tu
1152 2067 1221 2098 huic
1243 2078 1273 2098 a.
1297 2064 1474 2099 auscultas?
1512 2065 1676 2106 Plerique
1692 2065 1767 2096 libri

311 2116 387 2149 post
405 2110 489 2145 Quid
504 2114 538 2141 tu
555 2110 685 2141 addunt
711 2110 910 2141 adverbium
926 2114 1039 2142 autem.
1073 2110 1145 2141 Nos
1169 2110 1324 2150 legimus,
1351 2110 1435 2145 Quid
1461 2112 1495 2139 tu
1520 2112 1624 2139 autem
1644 2108 1716 2138 huic
1737 2117 1767 2138 a.

311 2154 488 2183 auscultas?
512 2154 569 2184 Fa.
615 2154 673 2184 ΒΓ.
692 2153 778 2188 Quid
793 2156 828 2184 tu
842 2154 921 2184 hunc
937 2154 1020 2185 asine
1037 2154 1210 2184 auscultas?
1244 2152 1335 2183 Nihil
1350 2153 1438 2191 agis?
1462 2151 1565 2182 Both.
1598 2148 1709 2186 Quid?
1732 2153 1768 2180 tu

313 2196 560 2233 AEschine,11uic
576 2197 754 2227 auscultas?
790 2196 906 2228 Autem
923 2196 1020 2227 abest
1036 2196 1074 2226 C.
1093 2196 1131 2227 Z.
1152 2195 1298 2226 AEscltine
1323 2205 1382 2234 pro
1405 2195 1490 2225 asine
1510 2193 1625 2225 Guelf.
1647 2195 1765 2224 2.-14

312 2239 394 2269 ΕΜ.
410 2237 501 2276 aufer
517 2244 547 2269 te
562 2239 643 2270 hinc.
663 2240 704 2269 G.
722 2239 861 2270 omittit.
896 2239 991 2270 Libri
1007 2239 1142 2280 qnidam
1169 2239 1252 2269 Mss.
1269 2244 1305 2269 et
1327 2238 1409 2269 editi
1424 2248 1432 2268 ι
1456 2237 1496 2267 da
1511 2237 1766 2276 veniam‚quoeso.

312 2281 420 2312 West.
467 2281 517 2311 Ex
537 2282 598 2312 Do.
623 2283 699 2321 lege
723 2281 814 2320 aufer
838 2282 909 2313 sine
934 2282 1132 2323 pronomine
1148 2285 1189 2312 le.
1212 2282 1273 2313 Fa.
1318 2281 1442 2312 Nullus
1466 2289 1510 2310 ex
1534 2279 1657 2310 nostris
1678 2277 1768 2316 aufer

313 2324 477 2363 agnoscit.
524 2324 652 2355 Iterum
668 2325 723 2355 hic
740 2324 854 2356 videas
871 2325 954 2356 duas
977 2329 1211 2357 correctorum
1234 2323 1421 2356 factiones:
1446 2321 1582 2363 quidam
1599 2321 1659 2360 sic,
1675 2320 1766 2362 qnod

312 2367 415 2397 libros
432 2372 563 2397 nostros
586 2367 781 2408 occupavit,
809 2368 945 2399 Insanis.
969 2368 1040 2408 Age
1061 2369 1103 2398 da
1123 2367 1244 2398 veniam
1267 2377 1366 2407 quoeso
1379 2365 1463 2408 filio.
1491 2363 1586 2395 Satin
1610 2373 1704 2395 sanus
1724 2373 1767 2395 es.

315 2409 381 2440 Alii
399 2411 459 2447 sic,
478 2410 614 2448 luscinis,
637 2411 737 2448 aufer.
760 2410 831 2449 Age
853 2413 893 2442 da
913 2411 1035 2442 veniam
1048 2410 1132 2451 filio.
1157 2409 1249 2440 Satin
1271 2420 1365 2441 sunus
1387 2419 1429 2441 08.
1476 2407 1524 2438 Hi
1546 2407 1637 2443 aufer·
1657 2406 1769 2447 ejece·

313 2458 405 2490 runt,
435 2458 468 2482 nl
496 2454 642 2483 numeris
669 2454 897 2490 consulerent,
928 2454 975 2484 illi
1002 2463 1115 2494 quaeso.
1162 2453 1283 2483 Placet
1310 2453 1398 2490 aufer
1428 2450 1582 2482 absolute
1607 2451 1768 2489 positum.

315 2496 411 2526 Rem.
463 2495 520 2526 ssr.
540 2496 670 2526 Insnnis.
709 2497 762 2528 Da
776 2497 897 2527 venium
912 2506 1013 2536 quoeso
1033 2496 1116 2537 filio.
1155 2495 1215 2526 Sat
1230 2495 1356 2526 insanus
1370 2498 1421 2526 es?
1443 2503 1510 2533 ego.
1555 2492 1656 2531 Aufer
1670 2491 1770 2522 abest

316 2539 399 2569 GM.
428 2543 462 2567 ct
486 2539 599 2568 Guclt'.
628 2542 655 2569 l.
681 2542 708 2569 2.
733 2542 763 2570 3.
810 2540 852 2570 In
876 2540 942 2570 ΜΞ.
971 2540 1010 2570 R.
1037 2543 1072 2570 et
1096 2542 1165 2569 vet.
1189 2538 1264 2569 cod.
1289 2548 1342 2578 ap.
1368 2537 1467 2569 Lind.
1484 2541 1548 2571 est,
1564 2535 1618 2566 Da
1633 2534 1767 2573 veniam,

315 2590 427 2621 quaeso,
443 2580 529 2621 filio.
578 2581 631 2611 lta
649 2587 683 2611 et
701 2581 814 2613 Guelf.
835 2585 866 2613 2.
894 2583 976 2614 Filio
992 2585 1044 2613 tuo
1060 2584 1176 2612 3.—-15
1202 2581 1303 2612 Bent.
1331 2581 1411 2621 ssip.
1439 2579 1566 2619 Delph.
1591 2588 1611 2608 a
1631 2578 1676 2617 τῷ
1698 2577 1768 2616 Ego

315 2624 479 2662 incipiunt
500 2635 505 2652 :
535 2624 600 2660 Ego
622 2634 727 2654 novus.
752 2625 852 2656 Roth.
899 2626 1009 2655 Novus
1032 2635 1073 2654 m.
1095 2633 1152 2663 ego
1173 2626 1348 2655 annm—17
1377 2621 1554 2654 Promisisti
1575 2621 1634 2651 ΒΥ.
1651 2618 1767 2651 Guelf.

316 2669 346 2697 2.
366 2669 396 2696 3.
415 2666 457 2695 G.
479 2672 514 2696 et
532 2667 611 2697 EM.
643 2666 751 2698 Abest
766 2677 821 2706 ego
845 2667 1034 2698 Both.-—18
1060 2667 1159 2701 Quasi
1181 2667 1235 2696 hoc
1256 2677 1318 2697 non
1339 2667 1381 2697 sit
1396 2665 1577 2696 maximum.
1623 2663 1667 2694 Ο.
1691 2661 1766 2693 fere

315 2710 336 2739 l.
364 2720 388 2738 s.
419 2709 517 2743 Quasi
540 2718 597 2738 nnn
620 2709 692 2739 hoc.-
716 2711 760 2739 ita
778 2711 972 2741 octonarius
997 2710 1125 2750 optime
1150 2713 1297 2740 constat.
1319 2709 1378 2741 Fa.
1424 2707 1522 2743 Quasi
1535 2716 1594 2737 non
1609 2706 1664 2736 hoc
1678 2715 1703 2736 s.
1723 2715 1766 2736 m.

314 2752 440 2782 Min-nm
456 2750 611 2791 profecto
628 2761 740 2781 omnes
758 2752 831 2783 fere
851 2753 972 2783 Faerni
990 2753 1092 2783 libros
1117 2753 1163 2783 sic
1189 2752 1342 2782 habuisse
1361 2761 1370 2789 ;
1391 2759 1467 2781 cnm
1494 2749 1602 2780 nostri
1620 2747 1768 2779 universi

284 2806 287 2809 ·
314 2795 463 2825 habeant
482 2794 580 2829 Quasi
594 2794 647 2824 hoc
666 2805 722 2825 non
734 2795 788 2827 sil.
806 2796 930 2826 Recte:
949 2795 1048 2827 modo
1066 2795 1226 2835 syllabam
1238 2805 1312 2836 quae
1331 2793 1519 2832 exciderat,
1533 2792 1597 2824 huc
1608 2799 1765 2823 revoces:
