1966 3302
552 211 779 242 nnNucnl
819 210 929 241 Ac‘r.
954 210 998 240 v.
1032 209 1100 242 sc.
1124 210 1197 240 lx.
1515 196 1599 237 527

152 306 298 349 Nemo
319 305 465 348 hercle
485 306 753 360 qu1squam3
797 318 898 347 nam
928 305 974 346 in
1003 318 1074 346 me
1102 304 1234 358 plane
1256 302 1317 344 Di
1338 306 1601 356 potestatem

318 386 443 414 suam

148 440 333 482 Omnem
351 439 583 481 ostendere
597 453 607 491 3
640 440 712 481 cui
728 443 816 480 tam
831 440 981 481 subito
996 444 1064 482 tot
1080 439 1341 492 contigerint
1354 438 1599 479 commoda.

146 508 237 550 ΡΑ.
269 506 390 558 Quid
410 508 483 549 hic
504 508 638 549 laetus
660 508 755 548 est?
817 506 905 548 CH.
937 507 975 548 O
999 507 1218 548 Parmeno
1246 506 1323 556 mi,
1356 519 1383 546 o
1407 518 1602 547 mearum

315 574 592 628 voluptatum
609 575 806 616 omnium

145 642 371 692 Inventor,
387 643 602 697 inceptor,
623 642 865 698 perfector!
897 641 1006 684 scin'
1039 655 1110 683 me
1131 642 1176 682 in
1209 641 1370 695 quibus
1391 641 1474 682 sim
1495 653 1602 694 gau.-

318 710 405 750 diis
425 711 444 751 't
1570 709 1599 749 5

144 777 246 819 Scis
281 777 560 830 Pamphilam
594 790 738 818 meam
778 777 1001 818 inventam
1044 776 1220 818 civem?
1296 775 1384 816 PA.
1415 775 1600 817 Audivi.

317 845 406 886 CH.
438 845 536 886 Scis
558 857 772 898 sponsam
794 845 931 885 mihi?

145 911 238 954 PA.
270 911 407 962 Bene,
427 913 490 953 ita
502 925 572 952 me
595 913 655 953 Di
675 916 834 961 ament,
849 912 1030 952 factum.
1081 911 1177 953 GN.
1209 910 1373 952 Audin'
1394 916 1439 953 tu
1460 911 1601 962 illum,

317 981 422 1034 quid
443 981 536 1021 ait‘?
598 980 686 1021 CH.
717 980 831 1021 Tum
855 985 1003 1020 autem
1025 979 1243 1021 Phaedriae

148 1046 254 1088 Meo
292 1047 412 1090 fratri
462 1048 635 1101 gaudeo
684 1061 875 1089 amorem
906 1060 1007 1088 esse
1046 1060 1217 1088 omnem
1251 1047 1297 1088 in
1338 1046 1602 1101 tranquillo:

316 1129 404 1157 una
424 1114 480 1156 'st
500 1116 671 1157 domus.

146 1182 285 1224 Thais
306 1184 422 1237 patri
442 1197 491 1225 se
513 1183 840 1225 commendavit
861 1183 905 1223 in
923 1183 1176 1224 clientelam
1198 1186 1240 1225 et
1261 1182 1421 1236 fidem3

146 1327 334 1358 Herculem.-
348 1337 420 1358 nam
434 1327 468 1358 in
482 1336 530 1358 me
545 1327 665 1358 omnino
681 1327 741 1358 Dii
755 1328 904 1368 specimen
918 1328 1066 1359 dederunt
1080 1338 1145 1359 suae
1159 1328 1344 1368 potestatis;
1358 1328 1408 1359 cui
1423 1331 1486 1358 tam
1501 1327 1602 1359 subito

148 1373 196 1401 tot
216 1370 308 1401 simul
334 1373 364 1401 et
388 1371 540 1402 cumulate
565 1371 640 1401 bona
665 1371 872 1410 contigerunt.
931 1371 997 1402 ΡΑ.
1023 1371 1226 1406 Quamobrem
1249 1371 1299 1401 hic
1325 1370 1438 1402 laetitia
1461 1372 1605 1401 exultat?

148 1413 216 1444 CH.
243 1413 272 1443 Ο
290 1413 442 1444 Parmeno
465 1413 523 1452 mi,
545 1423 562 1444 o
586 1413 719 1444 omnium
744 1423 879 1444 mearum
895 1414 1087 1453 voluptatum
1101 1414 1255 1452 inventor,
1272 1414 1421 1453 inceptor,
1436 1413 1605 1454 perfector,

145 1455 243 1486 scisne
255 1455 364 1496 quibus
377 1456 498 1487 abundo
511 1456 661 1495 gaudiis?
683 1456 789 1487 Scisne
806 1456 1005 1496 Pamphilam
1019 1466 1116 1487 meam
1131 1458 1272 1496 agnitam
1281 1457 1386 1494 fuisse
1400 1458 1497 1487 civem
1514 1457 1603 1487 Atti-

146 1502 234 1530 cam?
281 1500 345 1530 ΡΑ.
368 1499 525 1530 Inaudivi.
571 1499 639 1530 CH.
663 1499 772 1530 Scisne
793 1499 974 1539 promissam
997 1500 1074 1530 milei
1098 1500 1132 1530 in
1156 1502 1306 1531 uxorem?
1351 1500 1417 1530 ΡΑ.
1441 1500 1541 1534 Bene,
1558 1500 1605 1529 ita

146 1551 194 1572 me
209 1542 268 1573 Dii
282 1544 397 1578 ament,
403 1543 536 1580 factum.
583 1542 653 1573 GN.
678 1543 827 1578 Audisne,
843 1542 971 1581 Thraso,
988 1543 1061 1582 quid
1083 1543 1135 1573 ille
1156 1541 1260 1574 dicit?
1305 1542 1374 1573 CH.
1402 1543 1478 1573 Tam
1501 1545 1604 1573 [tutem

143 1586 277 1624 gaudeo,
297 1585 451 1616 Phoedriae
459 1584 562 1623 fratri
578 1595 643 1615 meo
658 1594 776 1616 omnem
791 1595 924 1615 amorem
947 1595 985 1615 ecc
1007 1588 1070 1616 toto
1094 1586 1278 1625 acquisitum
1293 1595 1356 1616 esse
1371 1585 1439 1616 sine
1453 1588 1537 1617 metu
1552 1595 1604 1615 ca-

139 1626 286 1670 jusquam
300 1628 420 1660 rivalis.
470 1629 541 1660 Una
556 1628 745 1667 estfamilia.
794 1627 887 1660 Thais
911 1638 942 1660 se
966 1628 1000 1660 in
1021 1628 1193 1662 clientelam
1218 1632 1248 1660 et
1261 1628 1362 1670 fidem
1380 1629 1482 1671 patris
1504 1628 1603 1659 (ledit.

759 1736 994 1748 eeeeeeeeeeee

149 1824 206 1856 Sic
221 1823 314 1854 Perl.
330 1827 365 1854 et
382 1822 431 1853 sic
448 1823 549 1854 Both.
565 1823 622 1864 qni
639 1823 698 1854 dat
711 1824 933 1862 fortunatior?
956 1825 1057 1856 hercle
1076 1823 1081 1865 Ι
1103 1822 1203 1855 Nemo
1217 1824 1398 1864 quisquam.-
1421 1833 1493 1854 nam
1509 1824 1543 1855 in
1559 1834 1605 1855 me

145 1869 237 1907 plane
259 1866 306 1897 Di
328 1869 393 1906 pot.
408 1876 434 1896 s.
449 1876 566 1897 omnem
586 1866 591 1906 1
615 1868 838 1906 Ostenderunt,
854 1869 903 1898 cui
920 1870 984 1898 tam
1000 1868 1101 1898 subito
1118 1870 1164 1898 tot
1179 1867 1380 1906 congruerint
1395 1868 1559 1898 commoda.
1563 1885 1606 1890 —

149 1913 169 1941 2
195 1908 398 1948 Potestaeem]
422 1909 503 1941 Par.
529 1919 561 1949 p.
581 1919 651 1940 var.
674 1911 860 1950 potentiam.
885 1911 978 1942 Pena!
983 1913 1044 1940 —3
1071 1911 1240 1949 Contigere
1266 1910 1310 1941 G.
1334 1910 1413 1940 ΕΜ.
1439 1909 1520 1946 Alii,
1536 1920 1606 1940 con-

146 1951 310 1992 gruerint:
334 1952 376 1982 de
392 1961 458 1992 qua
484 1961 566 1983 voce
590 1952 666 1993 vide
684 1953 834 1984 Festum.
879 1954 947 1984 ΜΞ.
964 1954 1057 1993 Lips.
1075 1955 1239 1984 commodo.
1284 1952 1366 1991 Alii,
1383 1953 1470 1982 bona.
1496 1952 1606 1984 West.

151 1995 319 2034 contigere
335 1993 448 2025 Guelf.
463 1997 492 2026 1.
539 1995 611 2025 Cito
628 2005 689 2035 pro
704 1995 802 2026 subito
818 1999 849 2027 3.
876 1997 962 2026 Pell.
1009 1995 1234 2035 Congruerint]
1257 1995 1313 2026 Sic
1330 1995 1426 2026 dedit
1442 1995 1607 2034 Faernus,

149 2048 213 2069 nec
230 2037 409 2078 quicquam
426 2041 577 2069 annotat.
622 2037 736 2069 Abeat
762 2039 796 2070 in
825 2039 945 2069 malam
974 2048 1044 2069 rem
1073 2039 1164 2069 istud
1191 2038 1404 2086 congruerint.
1450 2038 1607 2077 Codices,

149 2085 312 2121 quantum
329 2084 381 2110 est
396 2080 538 2120 ubique,
561 2082 751 2121 contigerint
774 2082 827 2112 vel
850 2082 1060 2121 contigerunt.
1107 2082 1198 2121 Lege
1224 2080 1424 2120 contigerint,
1451 2080 1513 2112 hoc
1541 2087 1606 2120 est,

151 2123 354 2162 contingere
371 2129 529 2162 possent:
555 2124 581 2154 si
605 2126 692 2155 enim
718 2125 940 2162 contigerunt5
963 2125 1053 2155 nulla
1082 2128 1234 2163 potestas
1260 2124 1423 2161 Deorum,
1448 2124 1507 2154 sed
1525 2124 1607 2155 For-

149 2171 242 2197 tunae
260 2170 393 2196 tantum
409 2165 619 2197 ostendetur.
643 2167 742 2198 Bent.
790 2167 956 2206 Contigere
979 2168 1104 2207 placet.
1154 2167 1363 2206 Congruerint
1390 2167 1450 2197 Fa.
1479 2172 1609 2206 praeter

149 2208 250 2239 codd.
267 2207 419 2239 fecerat:
444 2208 533 2249 quod
556 2209 622 2239 hnc
643 2219 710 2240 non
734 2209 902 2248 congruit.
926 2210 1001 2249 Rip.
1048 2210 1150 2247 Vulo·
1178 2210 1305 2249 legitur
1331 2210 1519 2247 contigerint
1544 2220 1608 2250 pro

151 2261 203 2288 eo,
227 2251 315 2292 quod
335 2260 377 2281 ex
394 2251 589 2282 melionibns
606 2251 687 2282 libb.
716 2253 860 2292 protulit
883 2253 943 2283 Fa.
967 2253 1178 2292 congruerint.
1224 2253 1252 2283 B
1274 2256 1493 2291 cmvgrwerunt,
1515 2253 1606 2292 quod

151 2299 187 2325 et
215 2293 323 2334 ipsum
351 2293 436 2324 ferri
462 2299 588 2334 potest.
612 2294 722 2325 Both.
756 2295 961 2334 Contigerant
981 2295 1040 2326 ΒΓ.
1068 2296 1278 2344 congruerint
1295 2295 1483 2334 Delpl1—-4
1511 2296 1539 2325 O
1564 2296 1607 2327 mi

154 2338 304 2368 Parmeno
320 2336 424 2368 Both.
471 2337 573 2377 Quip
577 2346 613 2367 ro
632 2338 717 2372 Quis]
733 2337 850 2368 Guelf.
866 2340 962 2368 2.-5
988 2337 1044 2369 Al.
1060 2338 1170 2369 scisne.
1194 2338 1289 2369 Pe1·.l
1293 2341 1357 2369 —6
1375 2339 1483 2368 Cizem
1498 2338 1607 2369 imen-

150 2383 215 2410 tam
239 2379 342 2411 Both.
399 2379 476 2410 Scin
501 2380 699 2420 Pamphilam
724 2381 784 2411 ΒΓ.
787 2383 849 2411 -7
875 2381 946 2412 ΕΡ.
970 2384 1084 2420 ament,
1114 2381 1185 2411 bene
1200 2380 1337 2419 factum.
1386 2381 1429 2412 G.
1455 2381 1506 2421 [et
1531 2381 1579 2411 Βι-
1583 2381 1608 2421 .]

151 2422 213 2454 Dii
227 2421 299 2453 bene
313 2426 428 2460 ament,
440 2422 574 2460 factum.
620 2423 663 2453 G.
681 2423 749 2454 ET.
772 2423 893 2454 Audin’
916 2427 950 2454 tu
966 2424 1015 2454 hz'c
1031 2425 1106 2463 quid
1122 2423 1193 2456 ait?
1216 2424 1321 2455 West.
1369 2424 1460 2463 Lege
1477 2433 1518 2454 ex
1537 2434 1566 2455 0.
1583 2424 1607 2454 l.

150 2475 176 2496 a.
193 2470 229 2496 et
244 2465 313 2496 Do.
335 2464 454 2496 Audin'
472 2469 506 2495 tu
522 2465 572 2496 hic
587 2465 662 2505 quid
678 2467 744 2497 ait⁹
767 2466 827 2497 Fa.
875 2466 930 2497 Sic
945 2471 980 2497 et
1003 2466 1109 2497 nostri
1134 2476 1279 2508 quoque.
1302 2467 1398 2497 Bent.
1446 2466 1607 2497 Amabant

152 2506 265 2539 Gnelf.
281 2510 310 2538 3.
356 2507 422 2538 Hic
438 2517 499 2547 pio
515 2508 603 2539 illum
619 2511 650 2539 2.
665 2511 696 2539 3.
741 2509 821 2540 Aua.
837 2512 872 2539 tn
886 2510 959 2549 quid
975 2509 1024 2539 hic
1038 2509 1084 2540 ait
1101 2512 1130 2541 1.
1155 2510 1242 2541 Per-‚l
1289 2509 1355 2539 Hic
1372 2519 1431 2548 pro
1448 2510 1533 2540 illum
1547 2509 1608 2542 ΒΓ.

153 2551 256 2581 Bent.
279 2550 382 2581 Both.
401 2550 468 2590 Bip
473 2553 546 2581 .--8
570 2551 609 2581 In
628 2551 718 2582 nullo
732 2551 818 2582 libro
842 2552 929 2583 hanc
958 2552 1242 2582 collocationem
1234 2552 1391 2589 inveni03
1413 2551 1496 2582 sed
1489 2561 1522 2582 ln
1540 2562 1609 2583 om·

152 2593 253 2624 nibus
267 2591 342 2623 fere
358 2598 394 2624 et
408 2593 561 2629 Donato,
581 2594 668 2624 hanc
686 2604 762 2634 quae
779 2595 951 2635 sequitui·
944 2619 952 2625 .
975 2604 1040 2625 esse
1063 2605 1148 2624 amm
1150 2605 1195 2625 em
1215 2605 1346 2632 omnem,
1369 2596 1420 2633 &a
1447 2595 1504 2625 Fa.
1552 2596 1607 2626 Sic

153 2640 189 2666 et
215 2636 249 2666 in
275 2635 412 2667 nostris.
436 2636 533 2667 Bent.
557 2636 613 2677 qui
641 2646 714 2667 eam
743 2636 803 2668 dat
830 2647 907 2667 cnm
932 2638 990 2668 Bc.
1018 2637 1096 2677 Bip.
1121 2638 1213 2668 Peri.
1253 2638 1383 2668 Omnem
1399 2647 1531 2667 amorem
1546 2647 1609 2668 esse

152 2678 331 2710 Both.—9.
355 2681 396 2709 10
417 2678 474 2709 Sic
490 2679 551 2710 Fa.
597 2679 664 2710 Sed
694 2689 810 2711 omnes
837 2680 955 2719 nostri,
980 2690 1046 2711 uno
1067 2685 1227 2720 excepto,
1253 2681 1344 2711 Thais
1369 2689 1400 2710 se
1419 2680 1506 2720 patri
1529 2690 1608 2710 com—

154 2722 327 2752 mendavit:
351 2726 388 2751 ut
404 2721 457 2751 vel
474 2721 546 2761 ipso
564 2727 707 2753 accentu
723 2731 877 2763 personae
890 2722 1037 2763 dignitas
1054 2723 1279 2762 intelligatur.
1312 2723 1421 2753 Porro
1433 2722 1609 2753 distinctio

154 2763 319 2796 mutanda
335 2768 406 2796 est:
433 2764 528 2796 Thais
541 2774 573 2796 se
595 2765 681 2805 patri
696 2766 935 2798 commendavit:
961 2766 991 2796 in
1009 2765 1180 2798 clientelam
1198 2769 1227 2797 et
1236 2766 1335 2807 fidem
1352 2765 1451 2796 Nobis
1465 2765 1549 2797 dedit
1564 2775 1607 2797 se.
