1966 3302
501 233 845 264 ADELPHORUM
882 232 992 261 Aer.
1026 230 1102 259 ιιι.
1134 230 1201 259 sc.
1240 229 1301 257 ιν.
1542 214 1625 255 731

177 334 242 382 Is,
263 331 384 386 quod
404 330 511 372 mihi
534 330 587 371 de
609 330 691 370 hac
713 342 758 370 re
781 328 948 369 dederit
969 325 1216 372 consilium,
1236 323 1280 363 id
1300 334 1473 374 sequar.

176 399 273 441 ΗΕ.
305 399 411 449 Sed,
436 399 619 447 Demea,
640 398 724 437 hoc
745 401 789 436 tu
810 395 974 436 facito:
999 407 1100 435 cum
1122 392 1272 433 animo
1296 390 1484 442 cogites,
1502 431 1513 439 l
1571 391 1627 429 55

177 466 325 517 Quam
348 479 426 507 vos
445 465 651 506 facillime
674 464 824 525 agitis3
856 475 986 515 quam
1007 461 1113 501 estis
1132 471 1341 500 maxume

176 534 396 582 Potentes,
419 533 548 582 dites,
570 530 789 580 fortunati,
811 530 983 570 nobiles
1006 543 1016 579 3

174 598 286 642 Tam
322 613 529 641 maxume
550 612 632 640 vos
655 611 786 652 aequo
808 598 952 638 animo
974 607 1105 648 aequa
1121 606 1300 634 noscere

177 668 384 722 Oportet,
405 669 443 708 si
464 680 544 708 vos
567 666 700 707 voltis
723 664 941 718 perhiberi
961 663 1135 716 probos,

174 737 265 777 DE.
296 735 488 776 Redito:
519 733 636 782 fient,
660 746 759 787 quae
781 732 871 772 fieri
893 742 1071 784 aequum
1090 728 1160 778 'st,
1183 727 1346 769 omnia.
1571 728 1628 768 (50

177 803 276 844 ΗΕ.
309 803 453 843 Decet
473 805 515 842 te
535 801 690 842 facere.
751 799 881 848 Geta,
905 798 990 838 duc
1011 810 1078 837 me
1098 796 1212 836 intro
1236 795 1291 835 ad
1311 795 1569 836 Sostratam.

174 871 264 912 DE.
296 869 401 911 Non
420 883 489 910 me
508 868 729 909 indicente
751 867 844 908 haec
867 867 987 906 fiunt.
1049 863 1232 904 Utinam
1248 862 1332 903 hoc
1355 861 1414 902 sit
1435 861 1570 903 modo

177 937 470 980 Defunctum!
503 950 651 977 verum
673 936 809 976 nimia
825 934 946 975 illaec
967 931 1152 974 licentia
1416 920 1421 923 ¹

175 1084 275 1123 adibo,
293 1084 396 1124 Hegio
408 1095 420 1121 ;
443 1084 521 1124 quod
535 1083 564 1113 is
574 1082 651 1113 mihi
663 1082 701 1112 de
711 1082 768 1112 hac
781 1090 814 1111 re
827 1079 969 1118 suaserit,
984 1078 1155 1117 iclsaciom.
1189 1076 1258 1107 Hs.
1276 1076 1337 1107 Sed
1352 1080 1397 1114 tu,
1416 1077 1547 1116 Demea,
1563 1076 1628 1106 brec

174 1129 256 1167 apud
271 1131 301 1157 te
317 1128 474 1158 considera
487 1137 497 1156 .·
521 1130 633 1166 quanto
649 1125 778 1163 majores
793 1124 876 1154 vobis
890 1122 1151 1159 snntfacnltutesf
1163 1121 1485 1160 quantopotentiores‚
1499 1120 1627 1160 locuple»

174 1171 277 1210 tiores,
285 1170 456 1208 feliciores,
471 1169 634 1200 nobiliores
649 1168 733 1206 estis,
750 1171 836 1197 tanto
852 1166 1006 1197 libentiori
1021 1166 1123 1195 animo
1139 1174 1192 1194 vos
1206 1163 1348 1202 aeqnituti
1362 1163 1482 1203 obsequi
1496 1173 1553 1203 pur
1570 1166 1627 1197 est,

175 1213 204 1243 si
220 1223 272 1244 vos
287 1213 426 1243 honestos
437 1211 588 1243 aestimnri
603 1212 708 1241 vultis.
743 1211 812 1240 DE.
831 1210 935 1245 Rau,-
951 1208 1054 1239 omnia
1070 1218 1110 1237 ex
1123 1208 1268 1246 (equitate
1284 1206 1532 1237 observabuntur.
1557 1205 1590 1235 H
1596 1214 1626 1235 Ε.

175 1255 247 1286 Hoc
263 1260 293 1286 te
308 1256 417 1293 facere
437 1256 586 1289 convenit,
603 1254 703 1285 Geta.-
726 1254 784 1284 duc
800 1262 845 1283 me
859 1252 942 1282 intro
957 1253 996 1281 ud
1020 1251 1206 1281 Sostratum.
1255 1249 1325 1279 DE.
1352 1249 1423 1279 Non
1447 1249 1512 1279 licec
1527 1248 1626 1290 finnt,

176 1298 249 1338 quin
265 1303 337 1330 ante
352 1298 609 1330 denuntiaverint.
660 1296 801 1335 Utinam,
818 1296 873 1326 hoc
889 1294 1033 1333 facinore
1048 1293 1213 1324 AEschz'nus
1226 1291 1478 1333 finemflagiliis
1491 1292 1554 1322 suis
1568 1291 1627 1321 im-

773 1413 1008 1425 ‘bewe-exeo

173 1503 249 1534 dam
276 1506 353 1543 post
379 1503 553 1534 Muretum
580 1502 813 1534 crediderunt.
859 1503 904 1533 Et
921 1510 1002 1531 sane
1032 1509 1150 1539 parum
1177 1497 1353 1530 commode
1380 1497 1443 1528 hoc
1468 1496 1627 1537 locolegi

174 1546 322 1584 videtur,
339 1556 414 1577 cum
431 1547 473 1577 de
489 1546 633 1577 lEscbini
649 1547 751 1577 rebus
770 1545 849 1576 nibil
867 1544 999 1576 faceret
1015 1543 1150 1574 Demea
1167 1552 1207 1572 ex
1225 1541 1366 1573 consilio
1383 1540 1555 1578 Minionis,
1570 1541 1627 1580 qui

174 1589 347 1629 corrumpi
363 1598 438 1620 eum
454 1589 600 1628 sinebat,
619 1590 723 1620 invito
741 1590 885 1627 Demea,
904 1586 1080 1626 suumjam
1103 1595 1176 1616 esse
1191 1584 1320 1627 factum
1337 1584 1417 1624 jure
1433 1583 1627 1622 adoptionis

175 1631 290 1663 dicens
307 1631 513 1663 AEschinum.
560 1633 666 1663 Porro
688 1633 818 1663 Demea
843 1631 876 1661 in
901 1630 968 1660 fine
993 1630 1091 1669 hujus
1115 1629 1234 1660 Scenae
1261 1628 1308 1658 ita
1333 1626 1564 1657 stomachatur
1594 1626 1627 1656 in

174 1674 332 1714 fratrem,
348 1679 384 1706 nt
406 1684 483 1706 eum
499 1675 634 1705 minime
651 1675 860 1706 consulturus
878 1673 1044 1704 videatur.
1089 1671 1156 1702 Sed
1181 1680 1292 1712 neque
1310 1671 1468 1700 Donatus
1493 1678 1626 1699 versum

174 1717 266 1749 hunc
290 1717 344 1749 hic
370 1718 494 1758 legisse
520 1718 672 1757 videtur,
698 1719 776 1757 quia
799 1717 881 1748 nihil
909 1716 951 1746 ad
979 1725 1054 1746 eum
1081 1714 1226 1746 notavit.
1272 1713 1426 1753 Igiturne
1451 1711 1630 1748 delendus,

172 1761 325 1801 quamvis
343 1765 396 1791 tot
412 1761 496 1792 Mss.
513 1766 548 1791 et
573 1761 726 1800 impressi
755 1760 885 1800 antiqui
902 1769 976 1789 eum
1003 1758 1186 1789 exhibent?
1209 1756 1322 1794 ἐπέχω.
1370 1755 1433 1785 Illa
1449 1759 1573 1790 autem,
1594 1754 1628 1784 id

174 1813 296 1844 sequar,
311 1803 345 1834 in
371 1803 454 1836 Mss.
471 1804 685 1845 quibusdam,
701 1804 869 1845 editisque
896 1801 1116 1842 leguntur,id
1139 1809 1284 1840 exequar.
1310 1799 1416 1829 West.
1442 1798 1629 1835 Consilium,

172 1845 207 1877 id
218 1856 363 1887 exequar.
387 1847 513 1878 Omnes
529 1847 605 1878 libri
622 1848 766 1888 antiqui,
783 1853 816 1877 et
834 1846 986 1886 plerique
1004 1844 1060 1875 alii
1077 1854 1118 1874 ex
1137 1843 1343 1880 recentibus,
1355 1842 1387 1871 id
1401 1850 1530 1881 sequar.-
1547 1850 1628 1870 saue

172 1889 207 1919 in
223 1889 388 1920 Bembino
405 1895 495 1921 totus
512 1890 565 1920 hic
583 1900 700 1920 versus
715 1890 847 1929 deerat,
865 1888 923 1920 sed
941 1889 995 1928 qui
1014 1897 1087 1918 eum
1112 1887 1143 1916 in
1168 1886 1321 1925 margine
1337 1884 1508 1924 ascripsit,
1524 1884 1629 1922 scrip-

174 1933 219 1962 sit
235 1943 380 1972 exequar.
403 1933 462 1965 Fa.
498 1932 662 1974 Plerique
689 1933 789 1964 etiam
816 1933 922 1962 nostri
948 1932 980 1962 id
1005 1940 1126 1970 sequar.
1151 1930 1252 1960 Bent.
1283 1927 1483 1964 Conveniam,
1507 1926 1627 1965 Hegio.

174 1974 336 2006 Absurde
360 1977 450 2016 vulg.
474 1976 579 2007 assuit
600 1985 731 2006 versum
749 1986 767 2006 a
791 1975 928 2006 librario
956 1974 1099 2014 quodam
1126 1982 1168 2003 ex
1193 1972 1257 2003 Ph.
1275 1980 1329 2002 111.
1350 1973 1379 2001 3.
1396 1970 1457 2011 (al.
1474 1979 1514 2000 11.
1531 1972 1561 2000 3.
1576 1970 1628 2003 4.)

175 2020 229 2049 21.
260 2018 301 2049 Id
315 2021 406 2059 quod,
421 2021 473 2059 ἅμ’.
499 2029 596 2060 quem
619 2019 666 2050 uti
691 2019 781 2049 Mur.
799 2018 830 2050 h.
848 2019 868 2049 l.
886 2018 1030 2048 alienum
1059 2015 1189 2056 pridem
1215 2015 1390 2054 sapienter
1414 2012 1559 2050 monuit,
1580 2013 1629 2042 ita

174 2070 238 2092 nec
262 2062 416 2101 agnoscit
440 2062 515 2093 cod.
543 2063 640 2094 Bem.
666 2072 685 2092 a
709 2063 817 2102 prima
843 2071 954 2098 manu,
978 2069 1040 2090 nec
1069 2060 1136 2090 Do.
1165 2059 1287 2098 legisse
1317 2056 1463 2087 videtur.
1509 2055 1628 2085 Ceteri

174 2103 259 2135 Mss.
275 2103 422 2141 liabent3
446 2105 535 2135 unde
552 2109 709 2144 apparet,
725 2115 822 2145 quam
841 2104 885 2134 sit
903 2113 986 2134 unus
1006 2103 1099 2133 ssem.
1124 2101 1189 2132 illis
1216 2099 1370 2131 omnibus
1399 2098 1628 2139 praestantior.

176 2146 250 2177 Nos
265 2155 462 2187 expungere
478 2147 613 2178 omnino
629 2157 693 2177 non
719 2147 923 2178 dubitamus.
950 2147 1023 2185 Rip.
1061 2144 1333 2184 Expungeudum
1356 2151 1489 2183 quoque
1512 2146 1629 2172 monet

174 2189 279 2221 Both.
311 2190 460 2230 Exequar
483 2190 564 2220 Hel.
591 2188 709 2221 Guelf.
736 2193 767 2221 2.
797 2191 836 2221 Id
861 2199 921 2230 pro
945 2189 977 2218 Is
992 2191 1107 2218 3.—-55
1133 2187 1176 2218 G.
1196 2187 1234 2218 F.
1254 2186 1358 2225 facito
1379 2187 1450 2216 dum
1474 2184 1576 2214 unium
1602 2194 1631 2214 c„

175 2232 273 2272 legit.
302 2232 342 2263 In
359 2233 445 2264 Mss.
462 2237 496 2263 et
514 2233 685 2272 impressis
701 2233 902 2273 quibusdam
920 2236 983 2270 est,
1007 2235 1104 2261 tecum
1120 2230 1221 2260 animo
1236 2240 1264 2260 c.
1297 2229 1399 2259 West.
1433 2228 1542 2258 Tecum
1562 2228 1629 2257 ani-

172 2285 222 2305 mo
246 2275 372 2314 cogites.
401 2275 520 2306 Lectio
544 2275 623 2306 libri
645 2276 816 2316 Bembini,
840 2275 1041 2311 victoriani,
1067 2272 1263 2312 Basilicani,
1286 2281 1352 2302 cnm
1375 2271 1476 2302 animo
1499 2270 1627 2309 cogites,

173 2323 269 2349 sanat
284 2318 373 2349 hunc
391 2328 534 2349 versum.
562 2319 620 2350 Fa.
642 2318 854 2349 Veterrimus
877 2323 991 2348 noster
1014 2326 1079 2346 cum
1103 2316 1229 2352 animo,-
1251 2314 1372 2355 reliqui
1396 2317 1494 2345 tecum
1514 2313 1629 2344 animo.

174 2361 238 2392 Vel
262 2361 443 2401 legendum
459 2365 522 2399 est,
539 2360 652 2400 facito,
667 2371 734 2392 cum
749 2362 852 2392 animo
867 2361 996 2400 cogites,
1021 2359 1072 2389 vel
1083 2358 1187 2396 fiicito
1209 2359 1282 2388 dnm
1302 2357 1404 2388 animo
1427 2357 1554 2395 cogites,
1576 2356 1629 2386 vel

169 2403 285 2444 facito,
299 2408 400 2436 tecum
421 2404 548 2444 cogites.
595 2405 673 2436 Pari
692 2405 803 2435 omnia
826 2413 925 2435 seusu
949 2408 982 2433 et
1004 2411 1084 2432 usu:
1109 2401 1168 2431 sed
1196 2406 1402 2440 postremum
1421 2400 1553 2440 placet:
1579 2399 1628 2429 sic

176 2445 266 2477 infra
283 2456 317 2478 v.
341 2450 371 2478 3.
388 2450 441 2479 22.
477 2449 487 2464 ‘
505 2448 629 2479 Quaeso
653 2447 715 2478 hoc
740 2447 847 2478 facito
875 2451 987 2478 tecum
1013 2442 1167 2484 cogites!
1191 2444 1288 2474 Bent.
1323 2443 1431 2474 Tecum
1458 2441 1572 2472 Guelf.
1599 2444 1628 2472 1.

175 2492 261 2521 --56
282 2489 338 2521 Al.
355 2490 427 2521 estis
448 2491 682 2521 maxumis—57
709 2489 821 2522 Guelf.
837 2494 867 2521 2.
891 2489 1014 2520 divite&
1041 2491 1069 2518 l.
1088 2489 1119 2518 3.
1139 2489 1168 2517 et
1194 2487 1407 2517 nobiles.—oo
1432 2484 1628 2523 Legendum

175 2536 291 2562 monet
307 2533 407 2563 Bent.
425 2533 503 2574 fieri
525 2543 603 2573 quoe.
648 2533 704 2564 Ita
725 2538 760 2563 et
778 2532 838 2563 dat
863 2533 955 2563 Perl-
993 2530 1134 2562 Bothins
1150 2529 1232 2568 legit
1249 2538 1317 2568 quoe
1340 2538 1459 2568 oeqnnm
1475 2528 1550 2569 fieri
1571 2531 1627 2558 est.

174 2577 257 2605 -61
284 2575 373 2606 Intro
390 2575 485 2607 abest
502 2576 649 2606 Bia—62
672 2576 871 2607 Solicitatur
885 2574 922 2605 τὸ
937 2574 1091 2605 indicente
1107 2573 1202 2612 quasi
1220 2572 1326 2602 miuus
1344 2572 1514 2601 Latinum.
1531 2570 1574 2601 G.
1588 2571 1627 2601 F.

175 2620 184 2634 ‘
203 2617 392 2657 0bserva,‘
409 2628 462 2649 me
488 2618 686 2657 indicente,'
703 2619 765 2649 hoc
789 2623 851 2657 est,
866 2628 919 2648 me
947 2626 1012 2647 non
1039 2616 1198 2652 ‹licente3
1222 2614 1308 2654 quod
1335 2624 1375 2644 an
1399 2613 1478 2644 alibi
1502 2614 1628 2644 lectum

176 2660 231 2695 sit,
252 2661 392 2692 nescio!
432 2661 570 2701 Guyeto
594 2661 713 2692 durum
739 2662 844 2692 visum
860 2665 924 2699 est,
949 2658 1094 2690 mutanti
1121 2657 1153 2688 iu
1181 2657 1339 2691 inticente,
1362 2657 1471 2687 multo
1499 2655 1627 2686 durius.

185 2702 284 2735 West.
318 2703 410 2734 Fient
426 2705 520 2734 Rem.
537 2704 595 2734 sed
614 2704 668 2734 alii
685 2704 912 2745 omnesfiunt:
938 2707 974 2733 et
990 2707 1027 2732 ut
1044 2700 1191 2736 videtur,
1205 2701 1306 2730 etiam
1325 2699 1388 2729 Do.
1419 2699 1477 2730 Fu.
1507 2699 1628 2730 Nostri

179 2745 400 2792 o'mnesfiunt.
428 2747 480 2777 De
495 2747 649 2778 indicente
670 2747 745 2777 vide
763 2747 913 2778 Gronov.
928 2745 969 2776 ad
987 2745 1073 2775 Livii
1091 2752 1188 2774 xxii.
1206 2745 1257 2773 39.
1288 2742 1384 2773 Bent.
1418 2742 1547 2772 Utinam
1572 2741 1627 2772 hoc

176 2790 218 2818 sn
236 2790 334 2819 modo.
366 2790 445 2821 Duo
462 2790 592 2831 antiqui
613 2790 689 2821 libri
714 2790 808 2822 Rem.
824 2795 859 2821 et
874 2789 930 2820 Vi.
945 2788 1064 2819 utinam
1080 2786 1128 2818 hic
1151 2785 1289 2817 habent.
1321 2785 1467 2817 fon—63
1492 2784 1533 2815 In
1558 2783 1628 2825 qui-
