1966 3302
489 236 906 270 HEAU'roN'rtmoR.
941 235 1049 265 Acr.
1074 234 1104 264 1.
1138 234 1204 265 sc.
1232 235 1262 264 t.
1519 223 1605 265 553

144 340 348 382 Amicam
372 342 423 379 ut
439 337 606 379 habeas
623 348 761 390 prope
776 334 869 388 jam
892 335 934 374 in
955 332 1107 373 uxoris
1127 332 1255 373 loco?

145 409 293 457 Erras,
315 407 352 447 si
374 406 418 447 id
439 404 595 453 credis,
618 408 662 444 et
684 416 752 443 me
775 404 967 455 ignoras,
993 399 1153 441 Clinia.

146 476 240 528 Ego
264 481 306 516 te
325 487 469 515 meum
490 485 590 512 esse
611 470 699 511 dici
724 471 939 523 tantisper
961 469 1082 517 volo,

148 546 282 594 Dum,
305 543 424 597 quod
446 546 486 582 te
508 540 688 593 dignum
710 537 780 588 'st‚
800 538 965 578 facies:
998 536 1093 586 sed,
1117 535 1155 575 si
1178 534 1221 575 id
1242 547 1326 575 non
1348 533 1474 585 sacis,
1550 533 1607 573 55

147 612 257 666 Ego,
277 610 395 666 quod
416 623 486 650 me
509 608 553 648 in
575 613 616 649 te
638 608 692 648 sit
713 607 860 647 facere
881 605 1076 658 dignum,
1099 604 1318 645 invenero.

147 680 284 721 Nulla
305 678 417 720 adeo
440 690 496 718 ex
518 690 561 718 re
582 677 695 717 istuc
717 675 782 725 fit,
802 675 887 714 nisi
910 686 965 713 ex
988 672 1126 712 nimio
1151 672 1257 712 otio.

147 748 254 800 Ego,
277 747 391 786 istuc
412 743 569 793 aetatis,
591 756 678 784 non
703 741 842 783 amori
864 753 1046 795 operam
1065 740 1244 789 dabam,

146 813 237 855 Sed
254 814 298 854 in
318 811 472 853 Asiam
495 811 597 851 hinc
618 811 706 851 abii
730 814 908 863 propter
930 808 1208 862 pauperiem3
1239 812 1371 861 atque
1391 807 1453 847 ibi

147 882 286 922 Simul
308 893 412 929 rem,
434 883 478 920 et
497 878 602 919 belli
623 878 816 931 gloriam,
838 876 972 918 armis
994 876 1153 929 reperi.
1550 874 1606 915 60

145 950 375 991 Postremo
397 947 510 989 adeo
532 959 599 987 res
621 946 772 987 rediit:
805 944 1176 995 adolescentulus,

146 1017 278 1071 Saepe
299 1016 447 1057 eadem
468 1020 510 1056 et
532 1015 718 1068 graviter
740 1014 978 1063 audiendo,
1000 1014 1144 1054 victus
1168 1016 1247 1053 est.

147 1085 205 1127 Et
228 1089 361 1126 aetate
379 1085 554 1138 putavit
574 1097 661 1132 me,
683 1087 725 1125 et
746 1081 1069 1131 benevolentia,

147 1154 257 1195 Plus
279 1153 391 1194 scire
414 1156 458 1192 et
481 1150 728 1204 providere,
751 1163 881 1204 quam
903 1163 949 1189 se
966 1150 1110 1203 ipsum
1132 1149 1231 1189 sibi.
1403 1161 1417 1186 x

147 1221 200 1262 ln
223 1220 380 1263 Asiam
401 1218 456 1261 ad
478 1232 626 1272 regem
647 1219 877 1261 militatum
901 1219 1022 1268 abiit,
1045 1217 1240 1258 Chreme.
1553 1219 1610 1260 65

145 1368 291 1400 videlicet
306 1372 338 1399 ut
354 1368 466 1401 habeas
481 1368 612 1399 amicam
635 1367 700 1398 vice
725 1365 856 1398 uxoris?
880 1366 1016 1397 Falleris
1038 1365 1179 1406 opinione
1201 1368 1267 1401 lun,
1293 1365 1320 1396 εἰ
1343 1368 1438 1405 putus
1459 1364 1517 1395 tibi
1544 1364 1610 1395 hoec

142 1421 200 1452 per
215 1422 261 1443 me
285 1412 389 1451 licere,
413 1422 467 1443 nec
491 1421 587 1442 meam
612 1410 695 1441 nosti
718 1411 916 1445 voluntatem,
944 1409 1060 1440 Clinia.
1109 1409 1179 1447 Ego
1197 1409 1262 1438 volo
1286 1411 1316 1439 te
1339 1408 1492 1439 nominari
1504 1408 1612 1448 filium

145 1465 257 1494 meum,
271 1455 390 1486 interea
412 1456 484 1486 dum
492 1455 595 1491 facies
610 1453 753 1496 «fficium,
774 1454 853 1493 quod
879 1455 909 1483 te
931 1453 1012 1482 decet
1025 1463 1035 1483 .·
1063 1455 1108 1490 at,
1122 1451 1150 1482 si
1165 1452 1258 1483 talem
1271 1461 1332 1482 non
1347 1455 1377 1482 te
1389 1455 1535 1492 praestas,
1551 1457 1608 1489 ego

145 1498 328 1537 excogitabo
346 1498 390 1535 id,
413 1498 493 1539 quod
513 1498 671 1528 honestum
687 1499 716 1527 et
733 1505 851 1536 (equum
865 1498 912 1526 est
928 1505 975 1525 me
989 1505 1082 1534 agere
1097 1498 1204 1526 contra
1220 1498 1263 1526 te.
1311 1496 1404 1525 Certe
1419 1494 1515 1534 istud,
1532 1494 1612 1533 quod

138 1540 239 1581 sacis,
261 1550 301 1572 ex
325 1541 410 1572 nulla
434 1551 526 1572 causa
551 1539 702 1578 nascitur,
727 1542 936 1580 praeterquum
957 1548 997 1568 ex
1020 1538 1138 1569 desidia
1154 1541 1184 1568 et
1201 1537 1296 1568 nimia
1312 1538 1492 1569 cessatione.
1538 1537 1610 1575 Ego

146 1593 214 1614 cum
230 1594 325 1615 essem
349 1594 384 1615 ea
406 1587 512 1623 telate,
538 1593 597 1624 qua
622 1585 656 1613 tu
681 1592 724 1620 es,
750 1592 811 1612 non
833 1580 1030 1620 indulgebant
1053 1581 1164 1619 αηιονὶ,
1185 1582 1237 1611 sed
1252 1581 1379 1611 discessi
1394 1591 1433 1612 ex
1445 1579 1553 1620 patria
1577 1579 1611 1610 in

146 1626 271 1665 Asiam,
286 1626 358 1667 quia
370 1636 488 1668 pauper
503 1635 601 1665 eram,
616 1629 707 1666 atque
723 1625 766 1656 ibi
787 1625 863 1655 mihi
877 1624 1027 1664 acquisivi
1043 1624 1138 1655 armis
1153 1625 1272 1663 pariter
1286 1624 1415 1654 divitias
1431 1627 1459 1653 et
1477 1624 1611 1654 laudem.

150 1669 287 1701 Tandem
302 1679 350 1700 res
366 1680 400 1700 eo
419 1670 510 1710 plane
532 1669 663 1700 deducta
677 1671 748 1704 est;
770 1668 1013 1698 adolescentulus
1036 1667 1229 1706 defatigatus
1245 1667 1317 1705 fuit
1339 1667 1483 1697 assiduas
1508 1665 1610 1704 oliy'ur-

143 1712 288 1750 gaticmes
303 1713 467 1751 audiendo,
494 1716 524 1744 et
550 1712 652 1743 eadem
677 1711 768 1742 verba
787 1711 899 1750 grat-iu
916 1713 945 1740 et
958 1710 1084 1750 probra.
1130 1710 1344 1741 Existimavit
1361 1720 1408 1740 me
1425 1720 1459 1740 ea
1476 1719 1541 1749 (μα’
1558 1709 1609 1739 de-

145 1759 213 1787 cent
228 1755 404 1795 intelligere
419 1755 540 1794 melius,
556 1758 585 1786 et
600 1753 712 1785 certius
727 1754 894 1793 consulere,
915 1763 982 1793 quoe
998 1762 1014 1784 e
1029 1764 1062 1784 re
1076 1763 1134 1784 saa
1150 1756 1261 1792 essent,
1276 1763 1366 1794 quam
1383 1752 1410 1783 is
1427 1753 1504 1792 ipse,
1520 1762 1610 1791 prop-

146 1800 196 1830 ter
208 1802 333 1831 atatem
349 1808 459 1830 meam.
504 1798 669 1837 Profectus
690 1801 737 1829 est
760 1796 794 1827 in
819 1797 928 1828 Asiam
950 1798 990 1827 αιί
1016 1796 1136 1837 Regem
1153 1797 1334 1837 Persarum,
1355 1799 1389 1827 ut
1406 1796 1434 1827 ei
1449 1796 1611 1827 militaret.

773 1904 813 1917 00

148 1992 277 2020 careat.
319 1989 329 2007 ‘
346 1989 434 2020 Pro’
447 1993 483 2020 et
500 1988 510 2005 ‘
526 1987 604 2028 μετ’
623 1987 809 2029 saepissime
838 1986 1094 2019 confunduntur
1120 1987 1152 2017 in
1169 1985 1279 2018 codd.'
1302 1986 1486 2018 Both—52
1509 1986 1612 2027 Vulg.

144 2032 313 2064 usi—orista.
359 2031 471 2064 Abest
492 2032 525 2063 in
543 2031 659 2063 Guelf.
685 2035 802 2063 2.—55
828 2031 911 2062 Bae.
942 2032 1086 2071 conject.
1106 2030 1205 2069 fucis.
1253 2029 1367 2071 Atque
1398 2039 1514 2060 verum
1546 2037 1612 2070 est,

148 2082 299 2115 praesens
317 2080 422 2115 temp.
439 2080 516 2106 cum'
532 2075 744 2115 Dumjungi,
769 2074 959 2115 praesertim
976 2084 1052 2104 cum
1082 2083 1233 2114 praesens
1263 2073 1345 2103 item
1373 2075 1612 2106 antecesserit.

147 2116 321 2149 Pera—57
347 2117 449 2157 Vulg.
466 2117 582 2149 nisiex
596 2118 692 2149 nimio
704 2119 780 2148 otio.
826 2118 930 2149 Bent.
949 2116 1098 2158 reponit,
1119 2117 1215 2146 vitreio
1230 2126 1270 2147 ex
1285 2116 1359 2146 olio:
1406 2116 1459 2146 Ita
1477 2124 1612 2157 quoqne

147 2161 241 2192 Perl.
287 2160 430 2192 Bothius
447 2160 546 2199 tegit,
570 2160 615 2192 N.
637 2172 667 2191 α.
684 2171 724 2192 ex
739 2171 773 2191 re
788 2160 810 2191 i.
833 2160 929 2191 nimio
955 2160 1017 2191 nisi
1033 2160 1079 2200 fit
1105 2160 1180 2190 otio.
1227 2158 1337 2189 Abest
1363 2159 1426 2190 nisi
1449 2159 1613 2191 mendose

147 2202 264 2238 Guelf.
288 2203 409 2235 2.—59
435 2200 519 2235 GM.
546 2213 578 2243 p.
602 2212 670 2234 var.
692 2203 860 2234 miseriam.
883 2203 1061 2234 Fert-60
1086 2202 1143 2233 Ita
1170 2207 1247 2241 post
1271 2201 1472 2233 Goveanum
1496 2208 1531 2233 ct
1552 2203 1612 2234 Fa.

147 2245 318 2287 Gnyetus.
363 2246 498 2287 Vulgo:
522 2246 617 2277 armis
633 2246 714 2278 belli.
739 2246 848 2277 Wes't.
892 2246 1000 2276 Armis
1016 2245 1086 2276 belli
1102 2245 1185 2275 dant
1204 2245 1262 2276 ΒΓ.
1278 2245 1385 2276 Βἐ>ηῐ.·
1399 2244 1436 2275 Ζ.
1482 2245 1611 2286 Engra'-

147 2289 247 2329 phius
265 2294 300 2319 et
315 2289 376 2320 Br.
393 2289 537 2328 habent,
558 2288 660 2320 Simul
675 2293 702 2320 el
719 2298 783 2320 rem
801 2292 831 2319 et
845 2288 992 2328 gloriam.
1039 2288 1141 2318 Both.
1162 2287 1197 2319 S.
1214 2297 1338 2327 remque
1358 2291 1388 2318 et
1411 2288 1439 2319 b.
1463 2298 1497 2327 g.
1523 2300 1553 2319 α.
1581 2299 1610 2320 r.

144 2332 154 2349 ⁸
167 2332 222 2372 ,Ibi
236 2332 327 2363 simul
341 2340 369 2363 r.
387 2335 416 2363 et
430 2342 464 2371 g.
480 2342 509 2363 α.
526 2342 553 2363 r.
600 2332 700 2369 Vulg.
717 2331 930 2373 ibijungitur
948 2341 994 2362 vs,
1012 2331 1129 2371 priori,
1153 2331 1208 2372 qni
1236 2331 1282 2362 sic
1310 2331 1457 2363 excedit.
1502 2331 1612 2363 Iaitur

147 2374 231 2406 illud
257 2384 327 2415 seq.
356 2375 488 2406 initiunt
514 2384 589 2406 esse
610 2375 784 2416 jubemuS,
807 2373 953 2405 delendo
980 2374 1062 2413 belli,
1095 2374 1188 2415 quod
1210 2378 1467 2414 supervacuum.
1515 2375 1613 2407 Vett.

148 2427 215 2448 scr.
232 2422 268 2449 et
283 2417 361 2449 edd.
377 2418 505 2449 habent
520 2417 617 2449 armis
632 2418 720 2454 belli,·
745 2416 961 2448 manifestum
980 2418 1157 2457 glossema,
1180 2426 1198 2448 e
1216 2427 1282 2458 quo
1300 2417 1388 2449 Gov.
1407 2423 1441 2448 et
1460 2417 1519 2448 Fa.
1536 2427 1614 2458 per-

148 2465 266 2501 peram
293 2460 407 2492 fecere
432 2460 628 2500 vulgatum!
652 2461 728 2501 Rip.
774 2461 784 2478 ‘
800 2460 956 2501 Repperi:
980 2465 1096 2499 recte3
1121 2470 1185 2490 non
1210 2459 1333 2501 reperi?
1356 2459 1534 2491 Peri—01
1560 2461 1613 2492 Ad

146 2504 181 2534 icl
198 2513 259 2545 pro
274 2505 349 2534 adeo
367 2502 484 2535 Guel'f.
503 2506 619 2535 1.—63
647 2503 780 2534 Putavit
795 2514 841 2535 me
855 2506 949 2534 oetate
969 2507 1000 2534 el
1023 2503 1243 2534 benevolentia.
1289 2503 1432 2543 Aliquot
1458 2503 1535 2534 libri
1563 2503 1612 2534 ita

148 2546 290 2586 habeut,
314 2550 342 2577 et
360 2549 474 2578 aetate:
499 2545 589 2586 quod
606 2548 641 2577 et‘
658 2547 837 2586 elegantiae
855 2546 1028 2586 conducit,
1051 2552 1087 2577 et
1103 2546 1238 2577 versui:
1263 2555 1327 2576 non
1354 2547 1442 2577 enim
1472 2546 1611 2578 habebit

150 2594 284 2621 tantum
298 2588 423 2620 hiatum
440 2601 449 2620 :
473 2589 627 2630 quamvis
641 2594 676 2620 et
692 2589 740 2620 sic
757 2599 894 2630 qnoque
911 2599 976 2620 non
995 2589 1169 2630 oportebit
1188 2588 1304 2619 facere
1321 2589 1553 2629 synalospham
1580 2591 1614 2620 in

147 2642 195 2663 me
211 2635 267 2664 et:
291 2632 377 2663 utin
403 2632 555 2663 secunda
580 2631 661 2663 sede
688 2631 734 2663 sit
761 2633 942 2673 dactylus:
967 2633 1020 2663 vel
1048 2638 1145 2663 certe
1170 2631 1390 2662 dissolvenda
1419 2633 1485 2663 erit
1513 2631 1610 2672 diph-

149 2675 309 2715 thongus.
333 2675 390 2707 Fa.
433 2676 444 2693 ‘
461 2675 579 2706 Nostri
595 2673 668 2705 fere
685 2684 814 2715 omnes,
838 2678 866 2706 et
883 2678 988 2707 celate.
1033 2675 1196 2706 Ceterum
1222 2675 1250 2705 si
1276 2674 1406 2705 Bembo
1432 2675 1496 2715 ipsi
1527 2674 1611 2706 fides

149 2722 213 2757 est,
235 2716 344 2748 codex
360 2728 439 2749 suus
452 2717 584 2756 habuit,
607 2722 635 2748 et
651 2721 744 2749 celate
760 2721 788 2748 et
805 2718 971 2758 sapientia.
1016 2717 1083 2748 Sed
1103 2718 1158 2750 Fa.
1175 2717 1231 2758 qui
1260 2718 1371 2748 codici
1396 2718 1444 2748 illi
1473 2718 1611 2749 nimium

148 2758 301 2799 favebat,
322 2761 387 2792 hoc
403 2760 523 2792 tacuit.
568 2761 687 2796 Recte,
713 2762 749 2791 ut'
765 2770 894 2799 omnes,
917 2761 1137 2792 benevolentia.
1186 2760 1262 2791 Hoc
1289 2760 1380 2791 refer
1407 2761 1447 2791 ad
1474 2762 1609 2802 ‘provi-

149 2802 230 2835 dere
243 2802 264 2842 ς’
289 2803 298 2820 ‘
313 2803 435 2836 aetate’
453 2803 496 2835 ad
513 2803 523 2820 ‘
537 2803 620 2836 Plus
634 2803 747 2836 scire!
760 2803 769 2818 '
792 2804 888 2836 Bent.
935 2804 1068 2836 Putavit
1092 2813 1139 2836 me
1164 2806 1194 2835 et
1220 2806 1315 2836 aeiate
1329 2803 1412 2835 dant
1429 2804 1489 2836 ΒΓ.
1506 2804 1609 2835 Beut.
