1966 3302
495 260 808 292 PHoRMioNis
843 260 953 290 ACT.
978 260 1043 290 iv.
1077 258 1144 290 sc.
1166 261 1232 290 iv.
1522 251 1607 292 997

155 357 293 400 Malis
313 357 535 412 exemplis
556 357 762 411 perdant!
794 356 892 398 hem
910 357 920 397 !
952 356 991 397 si
1012 355 1118 409 quid
1141 354 1268 405 velis,

154 425 276 466 Huic
295 426 493 475 mandes,
515 424 634 479 quod
654 424 834 478 quidem
854 428 972 464 recte
994 427 1192 464 curatum
1213 421 1324 463 velis
1343 436 1354 472 ;

155 491 246 543 Qui
268 496 310 533 te
332 492 386 534 ad
409 493 641 546 scopulum
662 506 686 532 e
706 491 941 544 tranquillo
962 490 1141 531 inferat.

156 608 259 647 Inferi
272 611 439 642 eradicent.
479 611 561 642 Hem
574 611 588 642 ,Ι
610 612 680 642 huic
693 613 731 641 da
747 612 914 650 negotium,
930 614 964 641 ut
980 611 1038 642 tibi
1048 614 1204 651 procuret,
1218 611 1296 650 quod
1308 613 1388 640 recte
1404 610 1462 640 tibi
1476 619 1605 650 appara-

154 655 236 692 tum,
251 656 282 684 et
302 653 446 694 effectum
461 654 538 685 velis
551 668 559 685 :
582 658 616 685 ut
632 664 671 685 ea:
682 657 777 694 portu
792 654 960 694 tranquillo
979 658 1009 684 et
1025 657 1090 684 tuto
1105 655 1145 684 ud
1159 655 1311 694 scopulum
1326 653 1475 694 abripiat,
1490 657 1520 684 et
1535 653 1606 683 alli-

746 745 844 756 06m
848 745 985 756 eeeeee

155 815 210 841 tus
235 810 325 851 apud
342 811 528 852 Guyetum‚
545 811 601 852 qui
624 817 738 843 tamen
753 812 842 843 hunc
855 821 932 842 cum
948 810 1167 852 sequentibus
1185 810 1314 841 duobus
1332 820 1394 850 pro
1409 810 1531 850 spuriis
1547 809 1606 841 ab·

149 852 258 893 legat.
281 854 367 887 Quae
384 855 456 885 haec
471 855 610 886 vesania
626 855 698 885 est?
723 854 824 895 Apud
839 855 1050 886 Prisciauum
1068 865 1103 894 p.
1117 856 1212 884 1141.
1230 858 1265 884 et
1281 853 1470 884 Charisium
1486 862 1519 893 p.
1532 855 1606 884 197.

151 895 214 927 Dii
223 897 359 936 deaeque.
382 898 486 929 Bent.
529 896 571 927 Τὸ
585 907 641 937 que
657 897 773 928 delent
789 907 922 939 quoque
938 898 1040 928 Both.
1058 897 1202 937 Bip.——8
1225 896 1407 937 Repetitus
1425 905 1541 926 versus
1557 905 1602 927 ex

152 937 300 978 Adelph.
317 948 376 970 111.
392 942 424 972 3.
441 942 494 971 18.
516 940 640 970 Boend.
657 940 695 971 Si
709 941 782 981 qnid
797 941 868 971 huic
882 942 1019 979 mandes,
1031 941 1110 981 quod
1125 943 1206 970 recte
1221 942 1362 969 curatum
1378 938 1463 969 velis.
1489 938 1603 979 Guye-

151 985 207 1011 tus
220 981 309 1012 huuc
322 986 357 1013 et
371 982 453 1013 duos
469 984 664 1023 superiores
681 993 812 1023 versus,
826 983 869 1014 ob
886 984 1069 1014 lectionum
1087 983 1299 1020 varietatem,
1316 987 1474 1022 tanquam
1492 981 1603 1013 insiti-

154 1024 220 1055 tios
233 1028 269 1055 et
284 1025 416 1065 spurios
430 1025 578 1066 ablegat.
622 1026 664 1056 In
680 1026 725 1058 G.
743 1031 874 1058 tantum
896 1027 953 1057 illa
979 1030 1068 1063 sunt,
1083 1025 1169 1056 Huic
1184 1026 1319 1056 mandes.
1342 1026 1451 1055 West.
1497 1025 1611 1065 Scrip-

153 1070 226 1097 turu
243 1067 293 1099 sic
309 1074 385 1099 erat
407 1069 442 1099 in
465 1068 680 1100 Phormionis
695 1069 773 1101 Act.
790 1079 839 1100 lv.
853 1070 952 1100 Scen.
969 1072 1000 1100 4.
1023 1070 1068 1100 Ut
1083 1072 1112 1099 te
1127 1068 1376 1109 quidem...Huic
1390 1069 1515 1098 mandes
1529 1069 1609 1108 quod

152 1109 275 1150 quidem
289 1114 372 1142 recte
385 1114 527 1142 curatum
540 1112 626 1143 velit.
672 1112 765 1145 Quid
781 1122 897 1143 versus
914 1117 1106 1153 postremus
1117 1121 1191 1142 cum
1208 1120 1399 1141 mensuram
1411 1111 1608 1150 excederet,

151 1161 265 1193 neque
281 1158 397 1184 tamen
423 1163 520 1194 posse
547 1154 681 1185 detrahi
704 1155 881 1196 quicquam
908 1155 1072 1194 viderem,
1088 1164 1199 1195 neque
1215 1154 1372 1185 absoluta
1387 1154 1487 1184 etiam
1507 1154 1608 1194 plane

154 1204 228 1226 esse
243 1195 431 1234 videretur,
450 1196 673 1238 perfectaque
690 1199 872 1237 sententia,
890 1198 1002 1229 incido
1027 1198 1061 1228 in
1084 1197 1248 1234 codicem,
1266 1206 1332 1227 non
1347 1197 1439 1227 illum
1458 1196 1606 1237 quidem,

154 1238 212 1279 qui
226 1248 285 1269 sua
301 1240 505 1270 auctoritate
523 1239 622 1271 fidem
638 1239 754 1271 facere
772 1241 942 1280 debuerit,
958 1241 1016 1272 sed
1037 1240 1093 1282 qui
1109 1250 1246 1271 monere
1263 1245 1376 1270 tamen
1392 1239 1607 1270 dubitantem

151 1281 316 1321 potuerit.
362 1281 403 1312 In
421 1291 460 1313 eo
477 1283 524 1314 sic
541 1284 704 1323 scriptum
720 1289 791 1315 erat
812 1285 855 1315 Ut
870 1288 899 1315 te
914 1283 1159 1324 quidem...Huic
1178 1284 1312 1322 mandes,
1326 1283 1405 1323 quod
1421 1285 1502 1314 recte
1516 1292 1606 1314 cura-

152 1327 220 1355 tum
233 1324 355 1364 quidem
374 1324 378 1366 Ι
403 1325 496 1361 Velis,
509 1327 549 1356 acl
564 1327 719 1366 scopulum
744 1327 795 1367 qui
811 1331 842 1358 te
857 1338 873 1358 e
889 1327 1055 1367 tranquillo
1078 1327 1204 1364 inserat.
1255 1326 1363 1358 Quem
1389 1335 1523 1356 versum
1544 1326 1608 1357 Te-

152 1367 345 1398 remianum
358 1378 433 1399 esse
446 1378 573 1408 negare
589 1378 687 1400 nemo
706 1370 825 1409 possit.
852 1370 932 1401 Gon.
981 1369 1044 1405 Qui
1059 1373 1089 1400 te
1103 1370 1142 1400 ad
1164 1369 1318 1410 scopulum
1341 1378 1357 1400 e
1380 1368 1546 1409 tranquillo
1559 1369 1608 1399 in-

145 1408 247 1447 ferat.
269 1411 338 1442 Hic
357 1420 473 1442 versus
488 1421 551 1442 nec
567 1417 619 1443 est
646 1414 679 1443 in
705 1413 802 1444 Bem.
818 1422 882 1444 nec
907 1413 940 1443 in
969 1413 1025 1443 vi.
1042 1422 1105 1443 nec
1122 1413 1199 1443 Bas.
1221 1421 1283 1443 nec
1301 1412 1481 1452 exponitur
1499 1421 1518 1442 a
1534 1411 1607 1442 Do-

153 1457 249 1492 nato,
263 1462 327 1484 nec
344 1463 424 1485 sane
442 1455 580 1485 multum
597 1456 758 1486 momenti
774 1456 816 1486 ad
834 1465 967 1486 sensum
980 1454 1101 1494 affert3
1124 1460 1160 1486 et
1176 1460 1344 1495 praeterea
1360 1455 1526 1489 inusitati,
1545 1459 1604 1485 ant

153 1501 249 1527 certe
265 1496 445 1528 admodum
471 1498 536 1528 rari
562 1499 695 1538 generis
713 1503 779 1538 est,
795 1500 923 1540 quippe
945 1499 1138 1530 trochaicus
1161 1498 1306 1528 dimeter
1321 1498 1609 1538 hypercatalecti—

152 1547 212 1568 cus
227 1549 236 1569 :
260 1539 380 1580 quibus
398 1541 551 1571 omnibus
568 1541 706 1572 adducti
723 1551 847 1581 sumus,
863 1546 901 1572 ut
915 1550 990 1572 eum
1005 1551 1047 1572 ex
1063 1541 1148 1572 libro
1163 1547 1279 1572 nostro
1295 1540 1501 1579 deleremus,
1516 1545 1554 1571 ut
1570 1545 1607 1572 et

152 1581 323 1613 Robertus
339 1583 532 1623 Stephanus
550 1590 628 1614 ante
644 1594 705 1615 nos
722 1584 826 1616 fecit:
863 1594 939 1615 eum
964 1589 1075 1616 tamen
1100 1594 1234 1615 versum
1259 1593 1374 1615 omnes
1397 1584 1453 1614 alii
1477 1583 1607 1615 habent

150 1623 230 1655 libri
246 1627 376 1666 scripti,
391 1626 450 1656 sed
468 1627 516 1656 ita
533 1632 568 1657 ut
587 1627 689 1658 verba
706 1628 951 1667 praecedentia,
967 1627 1000 1658 id
1018 1632 1081 1667 est,
1106 1628 1186 1668 quod
1209 1627 1331 1668 quidem
1352 1630 1435 1657 recte
1463 1630 1606 1658 curatum

152 1667 240 1706 velis,
256 1672 315 1699 aut
331 1678 396 1700 non
414 1668 574 1707 habeant,
591 1674 649 1700 aut
665 1669 734 1701 fere
751 1670 867 1702 addita
884 1676 981 1702 extra
997 1675 1194 1702 contextum
1211 1670 1358 1701 habeant
1372 1681 1378 1699 z
1402 1671 1436 1700 iu
1453 1669 1608 1700 omnibus

152 1715 334 1741 contextus
349 1711 403 1742 liic
420 1711 492 1743 fere
509 1712 563 1748 sit,
580 1713 669 1744 Huic
682 1715 819 1751 mandes,
836 1714 889 1754 qui
904 1717 934 1745 te
946 1714 986 1744 ad
997 1714 1151 1753 scopulum
1164 1723 1179 1744 e
1196 1713 1359 1753 tranquillo
1371 1712 1487 1750 inferat
1500 1724 1509 1744 .-
1544 1713 1607 1744 hoc

150 1751 234 1783 item
250 1753 352 1784 modo
364 1764 482 1785 versus
499 1761 591 1786 esset
604 1757 755 1787 senarius
769 1770 777 1795 3
800 1756 860 1787 sed
872 1766 931 1787 nos
946 1756 1209 1797 antiquissimam
1225 1756 1408 1786 lectionem
1421 1755 1606 1797 sequimur.

150 1795 269 1827 Fait'm.
314 1797 443 1828 Versus
459 1798 513 1828 hic
525 1798 597 1837 jam
613 1799 690 1829 olim
707 1799 836 1840 duplici
853 1800 926 1831 colo
943 1799 1187 1830 claudebatur:
1215 1798 1282 1839 [qui
1298 1802 1329 1829 te
1351 1800 1391 1829 ad
1413 1799 1567 1839 scopulum
1590 1809 1606 1829 e

149 1839 317 1879 tranquillo
331 1839 455 1880 auferat
475 1840 480 1882 Ι
500 1841 586 1871 Huic
604 1842 871 1883 mundes‚...[quod
894 1843 1015 1883 quidem
1026 1845 1108 1873 recte
1122 1845 1265 1873 curatum
1287 1841 1375 1872 velis.
1420 1841 1461 1872 Iu
1478 1841 1606 1872 nostris

150 1881 324 1923 plerisque
341 1889 521 1924 utrumque
538 1889 609 1922 est;
636 1885 693 1915 sed
721 1885 755 1915 in
781 1886 831 1916 his
856 1886 920 1916 hoc
945 1886 1038 1926 prius
1061 1885 1166 1920 venit,
1182 1885 1216 1915 in
1231 1884 1304 1915 aliis
1321 1884 1424 1915 illud:
1459 1894 1544 1915 unus
1562 1894 1605 1915 ex

151 1924 268 1965 Regiis
285 1925 452 1965 posterius
476 1927 538 1957 hoc
565 1936 632 1958 uon
658 1927 783 1959 habet:
817 1933 938 1959 contra
955 1934 1025 1959 tres
1043 1928 1191 1968 primarii
1214 1927 1303 1967 apud
1327 1926 1494 1958 Faernum
1512 1927 1606 1967 prius

149 1967 324 2007 ignorant.
370 1969 641 2010 Qnaeriturjam,
654 1975 767 2001 utrum
782 1971 825 2002 ab
842 1970 995 2002 Auctore
1012 1972 1070 2010 sit,
1084 1975 1196 2002 utrum
1213 1971 1467 2009 interpolatum.
1506 1970 1608 2001 Fae'r-

150 2018 226 2049 nus,
241 2015 276 2041 et
292 2015 369 2050 post
396 2021 471 2042 eum
499 2013 653 2053 plerique
680 2013 748 2050 alii,
764 2015 856 2054 prius
881 2014 959 2045 hinc
986 2015 1160 2045 exulatum
1187 2014 1340 2051 mittunt,
1356 2014 1524 2053 posterius
1547 2014 1606 2044 ad-

152 2053 320 2084 sciscunt:
346 2054 378 2084 in
395 2064 460 2094 quo
480 2054 651 2094 judicium
678 2066 793 2087 eorum
820 2062 855 2088 et
883 2067 1026 2088 acumen
1054 2057 1221 2088 desidero.
1265 2056 1335 2086 Vix
1361 2056 1449 2087 enim
1473 2056 1606 2096 dubito,

151 2096 232 2136 quin
249 2096 328 2127 olim
342 2096 406 2127 huc
420 2097 598 2128 traductus
615 2101 659 2129 sit
675 2100 707 2129 in
725 2100 913 2139 marginem
929 2110 972 2131 ex
989 2099 1090 2131 Adel.
1105 2109 1161 2131 ιιι.
1173 2102 1205 2131 3.
1223 2099 1514 2130 duodevicesimus
1532 2109 1606 2130 ver-

149 2147 220 2177 sus,
243 2140 252 2156 ‘
268 2140 342 2177 Em,
357 2139 434 2171 huic
449 2141 601 2176 mandes,
617 2141 726 2182 siquid
745 2147 840 2173 recte
856 2147 1010 2174 curatum
1026 2142 1131 2183 velis?
1153 2147 1191 2173 ut
1217 2142 1296 2173 huic
1314 2142 1467 2182 geminus
1483 2148 1518 2173 et
1530 2152 1607 2183 ger-

151 2190 285 2220 manus,
301 2186 310 2199 ‘
323 2183 386 2213 Em
402 2183 510 2224 siquid
527 2184 623 2223 velis,
634 2184 710 2215 huic
726 2184 884 2217 mandes!
925 2186 1056 2217 Postea
1072 2186 1110 2224 is,
1126 2190 1163 2216 ut
1176 2195 1267 2226 saepe
1283 2185 1410 2225 evenit,
1424 2186 1456 2216 in
1472 2189 1607 2216 textum

152 2233 190 2255 se
214 2225 408 2256 insinuavit.
453 2225 568 2266 Atque
583 2227 616 2257 in
635 2226 797 2267 Adelphis
823 2227 959 2269 quidem
976 2229 1057 2259 nihil
1074 2229 1131 2259 illo
1147 2228 1267 2259 melius
1284 2228 1438 2269 aptiusve
1461 2228 1529 2259 dici
1545 2238 1604 2269 po-

152 2272 243 2306 test3
269 2268 321 2298 hic
337 2267 422 2299 nihil
438 2269 588 2308 putidius
605 2275 662 2300 ant
678 2270 820 2302 inanius.
875 2271 967 2304 Quid
984 2272 1072 2302 enim
1088 2271 1122 2301 in
1140 2281 1174 2302 se
1189 2271 1306 2310 habet,
1324 2270 1412 2312 quod
1430 2280 1494 2302 non
1512 2272 1605 2312 prius

151 2309 281 2341 dictum
297 2311 365 2349 sit3
387 2313 396 2328 ‘
413 2312 447 2342 Si
464 2311 544 2353 quid
562 2312 668 2351 velis‚'
692 2313 726 2343 id
744 2313 851 2352 ipsum
877 2319 930 2344 est
945 2314 1036 2354 quod
1058 2315 1066 2331 ‘
1081 2314 1200 2355 Siquid
1217 2319 1308 2345 recte
1325 2318 1477 2344 curatum
1495 2314 1605 2346 velis.’

153 2353 244 2393 Ergo
260 2353 314 2384 hic
329 2353 493 2385 habemus
510 2354 554 2386 δὶς
574 2354 699 2387 ταύτόν.
747 2357 874 2387 Contra
890 2357 924 2387 in
941 2357 1051 2388 altero
1078 2357 1184 2388 verba
1201 2357 1351 2397 egregia,
1369 2357 1539 2388 sententia
1564 2358 1603 2388 il-

150 2395 279 2433 lustris,
299 2396 309 2413 ‘
322 2396 388 2429 Qui
402 2397 436 2427 in
453 2398 627 2438 scopulum
645 2408 663 2429 e
687 2399 868 2439 tranquillo
881 2398 1038 2431 auferat?
1061 2400 1207 2431 Dixerat
1219 2400 1311 2431 Geta
1328 2409 1384 2431 111.
1402 2402 1432 2430 l.
1450 2403 1501 2432 15.
1522 2401 1531 2416 ‘
1544 2400 1603 2431 Sic

151 2448 189 2469 se
203 2438 333 2470 habent
349 2440 538 2480 principia:
564 2441 674 2472 adhuc
689 2443 871 2483 tranquilla
888 2452 941 2473 res
957 2442 1035 2473 est!
1077 2443 1161 2475 Jure
1178 2452 1273 2483 erg0‚
1292 2443 1346 2473 hic
1372 2443 1473 2474 Getae
1489 2443 1605 2474 irasci·

150 2485 219 2521 tur,
231 2482 289 2522 qui
305 2491 348 2512 ex
359 2483 635 2523 tranquillissima
650 2494 685 2514 re
702 2485 735 2514 in
754 2494 866 2524 novas,
878 2490 914 2516 ut
931 2485 1089 2525 putabat,
1102 2485 1218 2516 turbas
1235 2491 1269 2515 et
1285 2486 1316 2516 in
1334 2486 1516 2525 perniciem
1529 2496 1605 2517 eum

151 2525 352 2565 conjecerit.
394 2525 541 2565 Auferat,
563 2532 599 2557 ut
616 2527 771 2567 plerique
791 2537 906 2559 omues
922 2528 998 2559 libri
1020 2528 1156 2565 habent,
1170 2529 1211 2559 de
1230 2532 1432 2568 tempestate
1449 2534 1483 2559 et
1499 2527 1606 2560 fluctu

151 2567 291 2608 proprie
306 2567 450 2599 dictum.
497 2568 654 2607 Ovidius,
670 2571 783 2601 Amor.
799 2579 840 2602 11.
861 2574 894 2601 4.
918 2571 927 2588 ‘
943 2571 1089 2602 Auferor
1114 2576 1152 2602 ut
1178 2571 1298 2611 rapida
1323 2571 1456 2602 concita
1480 2574 1605 2612 puppis

152 2609 264 2651 aqua?
308 2611 374 2641 Vel
390 2611 466 2651 lege
479 2611 569 2649 ferat
581 2625 590 2642 :
615 2613 760 2647 Plautus
778 2613 888 2644 Merc.
905 2622 929 2644 1.
947 2617 977 2645 2.
992 2617 1045 2645 84.
1070 2616 1079 2630 ‘
1096 2614 1261 2654 Equidem
1272 2614 1341 2654 jam
1359 2614 1536 2645 censebam
1551 2624 1605 2646 me

152 2662 227 2684 esse
241 2653 276 2684 in
292 2657 384 2684 terra
400 2659 502 2694 atque
519 2655 552 2684 in
570 2660 644 2686 tuto
660 2656 754 2694 loco;
784 2656 909 2687 Verum
926 2657 1024 2687 video
1041 2665 1093 2687 me
1109 2657 1150 2687 ad
1175 2666 1258 2687 saxa
1272 2655 1353 2687 ferri
1370 2658 1469 2687 saevis
1492 2655 1605 2689 flucti-

151 2695 240 2727 bus!
284 2695 389 2727 Most.
406 2706 462 2727 ιιι.
486 2699 515 2727 1.
533 2700 605 2730 147.
628 2702 636 2715 ‘
652 2698 781 2729 lterum
802 2699 874 2739 jam
896 2699 939 2730 ad
966 2709 1066 2730 unum
1092 2710 1208 2730 saxum
1236 2709 1289 2730 me
1313 2698 1438 2730 fluctus
1465 2699 1606 2732 ferunt!

153 2737 252 2770 Bent.
296 2739 382 2769 Huic
397 2741 534 2777 mandes,
548 2742 600 2780 qui
621 2744 651 2772 te
666 2742 706 2771 ad
720 2743 875 2782 scopulum
889 2751 905 2772 e
919 2743 1082 2783 tranquillo
1096 2743 1218 2781 auferat
1236 2743 1338 2774 Both.
1354 2743 1492 2783 Bipont.
1511 2744 1604 2776 Peri.

153 2780 243 2812 Huic
265 2783 400 2821 mandes,
425 2783 632 2822 qui...i11ferat
659 2784 851 2824 Delph.--9
875 2785 983 2816 Codd.
999 2786 1291 2827 quidani‚aztferat.
1339 2785 1441 2817 Hunc
1460 2796 1604 2822 versum,

154 2824 213 2865 qui
235 2824 268 2856 in
284 2825 446 2865 plusculis
463 2826 548 2858 Mss.
566 2831 601 2858 et
617 2826 788 2868 impressis
804 2828 945 2869 legitur,
960 2829 1079 2860 mirum
1097 2834 1163 2868 est,
1176 2833 1371 2870 suspectum
1387 2829 1502 2861 haberi
1519 2839 1538 2860 a
1556 2829 1601 2859 vi-
