1966 3302
277 255 363 298 502
770 264 809 293 Ρ.
843 262 1082 293 TEREN'rn
1117 262 1234 294 Anni

281 362 448 403 Infelix
466 362 475 402 !
497 361 711 415 siquidem
734 363 783 400 tu
804 360 929 400 istaec
951 371 1055 399 vera
1073 358 1305 411 praedicas.

282 429 402 471 Num
424 428 469 469 id
490 428 708 481 lacrymat
727 426 883 479 virgo?
945 425 1035 465 PY.
1067 425 1120 466 Id
1151 425 1322 478 opinor.
1381 424 1473 464 Tu.
1506 424 1628 475 Quid
1651 425 1739 475 ais,

455 495 704 547 sacrilega?

283 560 503 606 Istuccine
524 562 805 604 interminata
822 573 933 611 sum,
954 560 1055 602 hinc
1077 560 1245 610 abiens,
1268 560 1379 601 tibi?

283 632 375 672 PY.
407 630 526 680 Quid
548 629 769 670 facerem?
793 629 856 669 ita
876 632 922 669 ut
943 633 989 667 tu
1007 627 1134 682 justi,
1158 628 1244 668 soli
1267 627 1436 668 credita
1455 626 1522 667 ’st.
1681 626 1736 667 15

282 699 376 740 TH.
408 698 625 746 Scelesta,
645 696 756 750 lupo
777 708 906 737 ovem
928 694 1185 735 commisisti
1204 709 1213 735 :
1237 694 1457 748 dispudet,

285 766 361 807 Sic
381 766 487 806 mihi
507 765 610 806 data
630 778 727 806 esse
750 765 893 805 verba.
955 762 1074 812 Quid
1095 763 1185 803 illic
1206 761 1396 802 hominis
1415 761 1515 802 est‘?

285 834 375 875 ΡΥ.
410 833 534 874 Hera
554 845 667 882 mea,
689 837 788 872 tace
806 845 817 883 ;
840 836 956 881 tace,
978 832 1167 871 obsecro
1186 843 1197 881 ;
1218 830 1355 870 salvae
1377 842 1526 870 sumus
1544 842 1554 869 z

287 900 520 942 Habemus
543 900 764 940 hominem
785 899 945 952 ipsum.
1004 897 1096 940 ΤΗ.
1127 897 1219 938 Ubi
1239 897 1279 937 is
1300 897 1401 937 est?
1467 897 1558 937 PY.
1590 895 1708 936 Hem
1734 886 1744 927 !

458 968 515 1008 ad
538 968 758 1008 sinistram
779 981 788 1007 ε

290 1035 516 1077 Videsne?
576 1035 669 1076 TH.
700 1034 859 1076 Video.
919 1034 1011 1075 ΡΥ.
1044 1031 1366 1086 Comprehendi
1386 1030 1508 1086 jube,
1528 1033 1740 1085 quantum

460 1106 620 1157 potest.
1685 1098 1741 1139 20

289 1191 356 1223 ΤΗ.
382 1191 492 1223 Hem!
514 1191 634 1222 Misera
648 1190 770 1229 interii,
790 1191 818 1222 si
846 1193 879 1222 tu
897 1190 1010 1229 infelix
1024 1189 1146 1231 quidem
1168 1190 1231 1220 ista
1253 1198 1322 1220 vere
1337 1196 1564 1219 commemoras.
1608 1185 1662 1217 An
1677 1186 1745 1218 ideo

291 1234 380 1272 virgo
406 1235 558 1274 lacrymas
575 1233 709 1272 fundit?
753 1234 823 1265 Pr.
855 1234 895 1265 Id
917 1234 1062 1264 arbitror.
1107 1234 1176 1264 ΤΗ.
1213 1232 1298 1267 Quid
1323 1231 1383 1268 ais,
1413 1228 1591 1268 sacrilega?
1633 1229 1745 1260 Nonne

289 1277 376 1308 istud
391 1276 449 1307 tibi
462 1276 566 1307 abiens
587 1278 706 1307 minata
721 1276 881 1317 imperavi,
900 1286 938 1307 rie
954 1277 1002 1307 vir
1023 1276 1183 1316 quisquam
1198 1276 1238 1305 ad
1253 1285 1319 1305 eam
1330 1275 1431 1304 adiret
1445 1271 1460 1304 ί)
1505 1273 1572 1303 PY.
1599 1272 1682 1307 Quid
1689 1271 1745 1309 sa-

291 1323 414 1350 cerem?
443 1320 489 1350 ita
505 1323 541 1350 ut
563 1319 733 1360 imperasti,
754 1320 802 1350 illi
816 1320 873 1350 soli
898 1319 1095 1350 custodienda
1118 1320 1192 1349 data
1208 1321 1265 1348 est.
1309 1317 1375 1348 ΤΗ.
1402 1315 1556 1354 Pessima,
1580 1315 1648 1355 lupo
1663 1324 1750 1344 ovem

292 1364 439 1393 tuendam
461 1363 585 1393 dedisti.
634 1363 729 1393 Valde
751 1372 798 1393 me
821 1364 928 1402 pudet,
951 1361 999 1392 ita
1024 1371 1071 1392 me
1093 1362 1228 1392 delusam
1254 1369 1326 1391 esse.
1388 1359 1466 1394 Quae
1488 1358 1553 1388 hoec
1575 1360 1620 1388 est
1634 1357 1747 1397 species

293 1397 450 1435 hominis?
494 1405 561 1435 ΡΥ.
588 1405 679 1435 Hera
702 1415 781 1443 mea,
804 1405 873 1441 sile,
894 1405 962 1444 silc,
987 1404 1131 1440 obsecro;
1164 1403 1258 1433 salvoe
1280 1411 1404 1438 sumus;
1438 1400 1580 1431 habemus
1596 1399 1747 1430 hominem

291 1447 392 1487 ipsum
405 1447 614 1486 (Clzoeream)
628 1448 661 1478 in
676 1451 781 1478 nostra
794 1451 953 1488 potestate.
997 1447 1064 1477 ΤΗ.
1095 1446 1157 1477 Ubi
1171 1446 1198 1476 is
1211 1447 1279 1476 est?
1326 1445 1395 1475 ΡΥ.
1420 1443 1514 1480 Hem,
1528 1442 1650 1473 videsne
1661 1442 1748 1472 illum

293 1490 532 1521 ‹1‹I.sinz'stram?
573 1491 641 1521 ΤΗ.
671 1490 776 1521 Video.
822 1491 892 1521 ΡΥ.
916 1490 1037 1520 DIanda
1052 1489 1082 1520 in
1098 1499 1167 1520 cum
1185 1497 1310 1519 manum
1323 1486 1422 1526 injici,
1438 1489 1583 1526 tanquam
1610 1486 1640 1515 in
1656 1484 1749 1523 sugi-

902 1567 1139 1581 eeeeeeeeeeee

296 1621 399 1652 Bent.
425 1620 503 1660 Bip.
558 1620 663 1652 Colon
693 1618 867 1650 dimidium
898 1619 935 1650 Z.
995 1619 1132 1650 Nullum
1163 1616 1265 1648 Both.
1293 1615 1349 1656 qui
1379 1614 1438 1646 dat
1472 1615 1554 1646 Hem
1577 1613 1749 1645 miserum!

299 1665 410 1695 Occidi
436 1663 567 1702 Infelix,
595 1665 735 1703 Esca—12
759 1663 827 1693 Ista
854 1661 941 1701 cera]
965 1661 1008 1692 Ο.
1033 1662 1054 1691 l.
1081 1671 1107 1692 s.
1132 1660 1220 1691 istoec
1244 1669 1329 1690 vera.
1354 1659 1413 1688 Fa.
1471 1658 1588 1689 Nostri
1615 1666 1751 1698 quoque

298 1716 413 1737 omnes
441 1707 537 1737 istoec.
563 1706 663 1737 Bent.
714 1705 795 1736 Vera
822 1708 856 1735 tu
877 1705 964 1735 istoec
990 1704 1177 1734 Boin—14
1203 1703 1326 1733 Istucne
1350 1699 1537 1731 Both—15
1563 1700 1629 1730 Ms.
1658 1699 1752 1739 Lips.

289 1749 427 1789 jussisti,
449 1749 569 1779 omisso
585 1752 630 1779 tu.
676 1748 827 1778 Eandem
846 1748 926 1778 lect.
943 1746 1090 1777 exVPall.
1118 1749 1153 1776 et
1178 1745 1291 1776 Paris.
1319 1744 1435 1774 laudat
1451 1743 1592 1773 Parens.
1637 1742 1682 1772 Et
1697 1747 1751 1773 est

296 1793 332 1822 in
346 1792 419 1823 EP.
440 1792 539 1823 West.
566 1791 607 1821 Ut
619 1790 758 1830 injusti]
769 1790 901 1820 Jussistz'
916 1790 954 1820 R.
974 1789 1068 1820 Lina.
1092 1788 1181 1819 Justi
1197 1788 1268 1818 sine
1284 1791 1318 1818 tu
1333 1785 1460 1826 Delph.
1486 1784 1617 1815 Jussisti
1633 1784 1703 1815 sine
1716 1787 1752 1816 tu

298 1834 448 1865 Bia-16
475 1835 572 1864 Ovem
586 1834 654 1873 lupo
671 1832 864 1872 commisisti]
888 1832 955 1864 Qui
971 1831 1122 1862 commisti
1140 1832 1269 1870 legunt,
1285 1829 1385 1859 facile
1403 1837 1439 1858 se
1456 1837 1497 1858 ex
1514 1827 1614 1868 hujns
1632 1836 1750 1858 versus

300 1875 504 1907 difficultate
521 1876 712 1916 explicant:
737 1875 794 1905 sed
813 1880 847 1905 et
873 1875 937 1905 Do.
964 1879 999 1905 et
1020 1885 1049 1906 ο.
1067 1875 1087 1904 l.
1104 1883 1130 1903 s.
1147 1872 1328 1903 commisisti
1342 1871 1479 1901 habent.
1505 1870 1563 1901 Fa.
1609 1870 1752 1908 Nonius,

301 1928 333 1950 v.
352 1919 595 1950 Committeie:
620 1919 629 1935 ‘
646 1917 826 1949 Terentius
844 1918 929 1948 Enn.
945 1916 1055 1947 Ovem
1078 1915 1275 1947 commisisti
1292 1913 1396 1954 lnpo.'
1439 1913 1495 1943 Sic
1512 1917 1546 1943 et
1562 1912 1627 1942 Ms.
1642 1917 1751 1943 vetus.

301 1960 417 1992 Acron
445 1961 485 1993 ad
518 1961 639 1992 Horat.
667 1961 779 1992 Carm.
806 1969 831 1991 1.
857 1963 888 1990 3.
923 1961 931 1976 ‘
950 1959 1144 1990 Commisit:
1182 1957 1349 1989 Credidit.
1371 1955 1514 1986 Terent.
1537 1955 1648 1985 Ovem
1673 1955 1753 1995 lnpo

298 2003 527 2035 commisisti!
572 2003 715 2035 Codices
732 2012 864 2044 quoqne
881 2002 1026 2032 universi
1043 2001 1235 2039 commisisti,
1252 2009 1349 2030 versu
1366 2003 1479 2029 tamen
1496 1997 1697 2036 indignante
1712 2007 1753 2028 ex

301 2055 369 2077 vem
393 2048 461 2086 lupo
485 2045 605 2086 pedem
629 2046 704 2076 fieri
729 2055 786 2075 sen
809 2045 991 2085 Dactylnm
1020 2054 1079 2075 sen
1104 2043 1340 2082 Anapaestnm.
1386 2040 1434 2071 At
1451 2045 1503 2070 est
1519 2040 1635 2080 quiex
1652 2039 1754 2080 culpa

303 2090 379 2129 ipsa
389 2089 546 2120 fiduciam
563 2093 691 2126 snmat3
708 2093 754 2127 et,
768 2088 847 2128 qnia
863 2087 1010 2118 admissa
1024 2088 1078 2117 hic
1094 2091 1159 2124 est,
1172 2086 1249 2116 inde
1264 2085 1403 2124 colligat
1416 2082 1614 2113 familiarem
1629 2087 1663 2113 et
1673 2091 1754 2123 quo-

303 2132 466 2163 tidianam
484 2131 598 2162 fnisse.
643 2132 773 2170 Magna
789 2130 923 2161 denium
940 2130 1006 2160 isto
1023 2134 1124 2170 pacto
1140 2129 1204 2159 erit
1222 2127 1434 2158 licentiarum
1452 2134 1564 2165 seges.
1603 2125 1757 2165 Repono,

303 2184 390 2205 ovem
413 2176 482 2215 lupo
505 2173 652 2204 commisi.
715 2173 883 2204 Nimirum
913 2172 1017 2203 'rhais
1046 2171 1212 2203 commisit
1232 2169 1397 2210 jubendo,
1419 2178 1514 2209 aeqne
1543 2177 1582 2198 ac
1611 2167 1754 2207 Pythias

299 2217 432 2257 jussum
455 2217 621 2247 faciendo.
680 2215 766 2246 Inde
797 2215 886 2256 quod
919 2216 1085 2255 seqnitur,
1118 2215 1197 2244 ‘Sic
1221 2212 1300 2243 mihi
1326 2212 1406 2242 data
1429 2220 1502 2241 esse
1532 2209 1659 2248 ve1·ba,'
1688 2219 1755 2240 non

303 2261 312 2276 ‘
333 2259 418 2290 tibi?
474 2259 569 2290 Ovem
596 2258 687 2298 tup6;
710 2262 892 2298 utrumque
919 2259 951 2288 in
976 2257 1074 2295 Arsi3
1098 2261 1133 2287 et
1163 2257 1210 2286 sic
1235 2256 1267 2285 in
1292 2253 1568 2295 pronuntiatione
1589 2250 1628 2282 fit
1650 2261 1756 2291 mora,

305 2305 345 2333 ut
367 2306 517 2342 oporiet.
561 2301 672 2331 Venia
700 2305 813 2331 tamen
843 2300 973 2340 indiget
1001 2300 1195 2337 Terentius,
1224 2297 1278 2338 qui
1309 2297 1342 2327 in
1371 2296 1458 2336 pede
1488 2295 1592 2326 tertio
1619 2293 1753 2325 finalem

305 2344 408 2375 acuit.
432 2345 528 2375 Bent.
575 2344 677 2374 Bent.
706 2343 854 2382 commisi,
883 2343 982 2373 male.
1020 2343 1097 2382 Bip.
1158 2341 1258 2380 Vulg.
1281 2339 1474 2373 commisisti,
1503 2337 1556 2368 vel
1585 2337 1758 2373 commisti;

307 2387 368 2417 sed
396 2391 489 2418 recte
521 2387 623 2418 Bent.
657 2386 808 2424 commisi,
833 2389 867 2416 et
893 2386 940 2416 sic
969 2386 1038 2416 Do.
1067 2384 1189 2424 legisse
1218 2385 1374 2422 apparet.
1408 2380 1505 2411 Both.
1566 2382 1658 2410 Ovem
1687 2381 1757 2420 lupo

308 2430 409 2460 Both.
426 2430 505 2470 Bip.
521 2429 613 2459 Perl.
660 2428 736 2467 Dis,
755 2430 849 2467 pudet
866 2429 925 2459 Br.
946 2437 1043 2467 quem
1060 2427 1107 2457 sic
1131 2426 1277 2463 dedisse,
1299 2424 1399 2455 etiam
1423 2426 1558 2453 constat
1579 2431 1619 2451 ex
1646 2422 1756 2462 glossa

309 2471 384 2511 ejus
421 2471 463 2502 ad
503 2480 619 2502 vocem
655 2471 717 2509 dis,
751 2480 798 2503 se.
833 2470 976 2501 testibus
1010 2471 1186 2500 mma—17
1224 2467 1307 2503 Quid
1336 2465 1467 2497 hominis
1495 2464 1561 2495 illic
1590 2464 1652 2504 est]
1679 2464 1756 2496 Non

309 2513 383 2545 fere
411 2514 444 2544 in
475 2514 543 2544 ullo
573 2514 660 2544 libro
691 2513 841 2544 invenias
871 2513 958 2543 hanc
989 2512 1258 2549 collocationem,
1286 2509 1344 2540 sed
1378 2517 1452 2539 eam
1488 2516 1562 2548 quae
1593 2508 1757 2548 sequitur,

313 2557 398 2591 Quid
413 2556 477 2587 illic
492 2556 623 2587 hominis
637 2553 705 2586 est?
728 2557 775 2585 ita
791 2560 826 2586 et
848 2556 1027 2586 Donatus:
1054 2554 1237 2585 Bembinns
1255 2561 1333 2582 vero
1347 2551 1409 2582 hoc
1426 2550 1582 2590 amplius,
1597 2558 1659 2590 pro
1679 2549 1756 2589 illie,

310 2599 383 2629 illuc
399 2599 511 2629 habet.
554 2599 609 2628 Vi.
626 2598 716 2638 prins
733 2597 869 2637 quidem
893 2598 964 2627 illuc
979 2597 1140 2634 habebat,
1163 2595 1223 2626 sed
1240 2599 1359 2635 postea
1375 2593 1408 2624 in
1423 2593 1490 2623 illic
1505 2596 1668 2623 mutatum
1685 2597 1755 2623 est:

312 2641 500 2680 eademqne
526 2650 624 2670 manu
653 2640 685 2669 in
714 2640 863 2679 margine
889 2641 1075 2679 ascriptum
1097 2639 1194 2668 illud:
1219 2647 1294 2677 quae
1319 2635 1400 2667 mihi
1426 2634 1540 2673 lectio,
1563 2634 1678 2674 idest,
1702 2635 1757 2665 vel

311 2683 395 2721 illuc,
411 2684 463 2713 vel
478 2683 565 2719 illud,
588 2683 693 2721 magis
711 2683 835 2721 placet,
860 2692 958 2721 qnam
975 2682 1048 2712 illic.
1072 2682 1131 2712 Fa.
1177 2681 1247 2711 Illic
1264 2680 1302 2711 Z.
1349 2679 1390 2714 Q.
1404 2678 1426 2708 i.
1442 2677 1470 2708 Ιι.
1486 2679 1530 2707 est
1546 2675 1606 2707 dat
1621 2677 1756 2718 Pythiae

313 2726 500 2756 Boin—is
526 2725 614 2755 llcra
630 2734 706 2762 mea,
721 2724 802 2763 lucc]
828 2725 900 2755 Nisi
918 2725 1011 2761 legas
1029 2724 1078 2755 bis
1094 2728 1173 2762 tace,
1195 2731 1309 2753 versus
1330 2730 1397 2751 non
1420 2723 1563 2750 constat.
1588 2719 1645 2749 Er.
1690 2720 1759 2750 Ms.

318 2768 411 2808 Lips.
438 2768 526 2798 Hera
551 2777 629 2806 mea,
653 2771 729 2805 tace,
753 2767 886 2798 obsecro.
932 2766 1027 2797 Leid.
1056 2776 1160 2797 unns:
1189 2766 1217 2795 O
1233 2765 1305 2795 hera
1321 2773 1400 2803 mea,
1427 2765 1505 2801 tace,
1527 2765 1605 2799 tace,
1624 2761 1758 2793 obsecro.

316 2811 423 2843 West.
470 2810 547 2841 Tace
562 2809 664 2841 semel
682 2809 741 2840 dat
759 2809 922 2850 Bip.—19
945 2809 1129 2840 Sinistcram
1147 2808 1246 2839 ssent.
1262 2805 1363 2838 Both.
1410 2804 1477 2836 Hie
1503 2803 1561 2835 dat
1587 2803 1682 2836 Hom.
1697 2804 1756 2845 ips.
