1966 3302
320 212 406 254 696
818 224 857 253 P.
890 222 1129 254 'rERENTn
1164 226 1278 256 ΛΡΜ

719 379 921 421 ACTUS
954 381 1018 422 Il.
1078 381 1284 424 SCENA
1316 382 1380 424 ΙΙ.

835 520 1011 552 SYRUs.
1045 522 1248 552 SANNIO.

317 597 402 638 SY.
433 595 595 636 TAOE!
627 602 801 648 egomet
821 601 1082 641 conveniam
1100 601 1192 654 jam
1214 601 1386 655 ipsum:
1418 602 1578 655 cupide
1599 605 1765 658 accipi-

489 669 550 712 at,
575 664 710 715 faxo3
742 669 875 718 atque
898 668 1027 708 etiam

316 732 438 772 Bene
474 731 594 772 dicat
621 744 771 773 secum
805 746 906 774 esse
939 738 1099 775 actum.
1159 735 1279 786 Quid
1301 737 1433 787 istuc,
1465 737 1646 789 Sannio,
1677 750 1762 789 est,

486 798 604 851 quod
636 802 678 839 te
699 800 831 840 audio

314 863 485 906 Nescio
506 867 614 919 quid
636 871 917 909 concertasse
938 881 1037 909 cum
1057 869 1192 911 hero?
1253 871 1372 912 SAN.
1405 872 1646 926 Nunquam
1668 874 1762 915 vidi

486 933 679 987 iniquius

314 1000 701 1043 Concertationem
735 1008 1054 1058 comparatam,
1088 1018 1221 1059 quam
1252 1006 1348 1048 haec
1378 1007 1508 1049 hodie
1539 1009 1653 1050 inter
1682 1022 1763 1051 nos

484 1068 566 1109 fuit
584 1083 593 1110 ε

313 1135 408 1189 Ego
426 1136 694 1189 vapulando,
709 1137 781 1178 ille
804 1139 1085 1189 verberando,
1104 1154 1240 1194 usque
1262 1143 1392 1183 ambo
1414 1142 1576 1185 defessi
1596 1157 1762 1185 sumus.

312 1204 395 1244 ΞΥ.
426 1204 526 1245 Tua
566 1206 710 1258 culpa.
788 1206 849 1246 SA
864 1218 906 1248 N.
940 1207 1061 1257 Quid
1097 1210 1299 1264 agerem?
1361 1209 1443 1252 ΞΥ.
1477 1210 1761 1253 Adolescenti

483 1285 644 1312 morem
666 1277 830 1326 gestum
853 1276 1062 1328 oportuit.
1171 1265 1182 1268 A*
1231 1265 1240 1270 ⁰
1730 1280 1761 1321 6

313 1338 431 1379 δΛΝ.
465 1339 557 1389 Qui
578 1340 704 1393 potui
726 1341 900 1391 melius,
923 1343 998 1396 qui
1030 1342 1160 1384 hodie
1179 1356 1322 1397 usque
1342 1358 1391 1386 os
1412 1346 1614 1399 praebui‘e
1675 1340 1763 1388 Sit.

483 1406 594 1460 Age,
615 1409 702 1449 scis
718 1409 824 1463 quid
847 1410 1001 1463 loquar
1014 1411 1034 1450 ‘t

351 1541 411 1573 SY.
437 1542 526 1581 Tace,
544 1543 701 1583 Ctesipho,
718 1544 791 1576 bono
816 1546 860 1576 sis
883 1548 1009 1584 animm·
1031 1551 1149 1587 egomet
1174 1549 1263 1580 adibo
1286 1549 1485 1589 Sunnionem,
1509 1551 1694 1593 efficiamque
1721 1556 1758 1584 ut

308 1584 413 1623 cupiat
427 1585 488 1615 sibe&
512 1587 602 1616 reddi
624 1587 737 1626 viginti
754 1588 853 1619 minas
866 1599 921 1629 pro
933 1591 1034 1631 puella
1059 1591 1264 1631 citharistria,
1272 1592 1473 1634 fateaturque
1489 1595 1522 1624 id
1536 1594 1594 1625 sibi
1609 1595 1759 1627 lucrosum

309 1637 384 1657 esse.
432 1628 516 1663 Quid
533 1630 579 1659 rei
594 1633 653 1668 est,
668 1630 798 1666 Sannio,
815 1633 893 1672 quod
908 1633 998 1663 audio
1011 1637 1041 1664 te
1056 1635 1156 1665 nescio
1168 1645 1258 1675 quam
1270 1638 1522 1667 concertationem
1534 1636 1674 1668 habuisse
1689 1647 1759 1669 cum

307 1670 380 1700 hero
396 1680 460 1700 meo
484 1672 657 1703 AEschz'no?
698 1674 759 1705 SA.
785 1675 953 1715 Nunquam
969 1676 1034 1707 vicli
1049 1678 1150 1715 magis
1175 1679 1354 1718 inoequalem
1379 1680 1645 1718 concertationem,
1666 1691 1759 1720 quam

310 1714 373 1743 liceo
388 1713 476 1744 hodie
492 1714 575 1745 inter
589 1725 644 1746 nos
657 1715 736 1753 fuit,
754 1727 813 1757 qua
835 1728 890 1756 ego
905 1720 1064 1758 vapulans,
1082 1721 1134 1750 ille
1149 1731 1197 1752 me
1212 1731 1305 1761 usque
1320 1723 1437 1753 coedens
1452 1723 1575 1763 utrique
1590 1723 1763 1763 defatigati

305 1766 421 1786 sumus.
466 1757 529 1788 SY.
555 1759 602 1788 Tu
617 1759 650 1789 in
665 1769 756 1789 causa
764 1759 873 1797 fuisti.
919 1762 979 1792 SA.
1006 1762 1089 1797 Quid
1097 1763 1258 1801 facerem?
1303 1765 1364 1795 SY.
1386 1765 1582 1796 Adolescenti
1596 1769 1627 1796 te
1638 1767 1760 1806 obsequi

307 1799 453 1838 oportuit.
505 1800 564 1832 SA.
600 1802 756 1837 Quomodo
778 1803 811 1833 id
835 1804 922 1844 potui
949 1805 1068 1844 melius,
1092 1806 1145 1845 qui
1167 1806 1257 1837 hodie
1282 1808 1405 1838 assidue
1419 1817 1452 1838 os
1476 1808 1505 1838 ei
1529 1809 1758 1847 percutiendum

309 1842 389 1872 decli.
435 1844 496 1874 SY.
520 1843 602 1884 Age,
627 1844 738 1885 scisne,
762 1846 836 1886 quid
859 1848 951 1878 velim
977 1846 1100 1880 dicere?
1122 1848 1297 1887 Argentum
1312 1850 1369 1880 vili
1387 1851 1496 1888 facere
1511 1851 1544 1881 in
1560 1854 1705 1892 tempore,
1725 1855 1760 1883 eb

915 1952 1150 1964 oeeeaeeeaeeaeaeo

351 2024 393 2056 In
408 2025 488 2065 Rip.
502 2029 551 2056 est
568 2025 646 2058 Act.
665 2037 707 2058 11.
724 2028 779 2059 Sc.
796 2031 890 2060 4.-1
916 2028 1006 2060 Mire
1025 2029 1059 2060 in
1076 2029 1270 2060 ordinandis
1287 2029 1386 2070 hujus
1402 2040 1516 2061 versus
1534 2029 1674 2062 vocibus
1690 2029 1758 2063 dis-

309 2067 462 2099 sentiunt
477 2069 561 2100 Mss.
577 2075 612 2100 et
628 2070 711 2101 editi
729 2072 865 2102 vetusti.
910 2072 950 2103 In
967 2072 1067 2103 Bodl.
1087 2073 1182 2104 deest
1203 2071 1327 2111 rojam.
1375 2073 1441 2104 ΕΤ.
1471 2073 1555 2113 legit
1582 2073 1672 2113 Tace,
1687 2084 1760 2114 ego-

307 2114 370 2142 met
386 2121 413 2141 c.
429 2111 549 2150 z‘psum:
571 2114 677 2153 cupide
686 2113 755 2152 jam
770 2114 904 2154 accipiat
912 2114 1005 2151 faxo.
1030 2115 1138 2146 West.
1184 2116 1303 2146 Nostri
1322 2116 1468 2146 universi
1486 2126 1561 2147 cum
1578 2115 1656 2147 edd.
1672 2122 1758 2149 vett.

306 2154 372 2184 alio
389 2154 507 2185 ordine
524 2155 627 2186 verba
643 2157 810 2188 collocant
829 2167 893 2198 quo
909 2158 1072 2188 iambicus
1090 2163 1142 2189 est
1157 2163 1368 2196 tetrameter,
1385 2165 1421 2189 ut
1445 2165 1647 2200 sequentes:
1675 2159 1711 2191 Τ.
1728 2169 1758 2193 e.

305 2206 330 2227 c.
348 2196 467 2235 ipsum:
490 2207 514 2227 c.
529 2197 746 2236 a.jamfaxo:
769 2210 799 2231 a.
816 2210 841 2230 e.
867 2201 968 2231 Bent.
1015 2201 1068 2231 Ita
1095 2206 1129 2231 et
1152 2201 1305 2241 Br.Bip.
1351 2202 1391 2232 In
1421 2202 1511 2233 Perl.
1527 2200 1642 2239 rojam
1658 2202 1758 2233 emit-

308 2239 403 2270 titur.
447 2241 521 2270 Jam
539 2240 621 2278 faxo
644 2240 758 2272 Gueif.
775 2246 858 2273 3—2
881 2243 983 2274 Both.
1001 2244 1089 2274 Bene
1110 2254 1210 2275 secum
1232 2253 1294 2275 esse
1317 2244 1402 2275 (licat
1421 2251 1534 2276 action.
1582 2244 1666 2279 Quid
1678 2245 1760 2277 istuc

306 2285 363 2317 est,
394 2283 473 2321 quod
499 2286 530 2312 te
556 2284 658 2314 audio.
709 2285 751 2315 Ut
780 2291 856 2324 post
880 2286 967 2316 Bene
992 2285 1104 2317 Guelf.
1120 2290 1218 2318 2.—4
1243 2287 1340 2318 ssodl.
1371 2287 1591 2318 Certationem.
1636 2287 1694 2318 Ita
1719 2295 1756 2320 et

307 2323 380 2354 EA.
401 2325 472 2356 ET.
489 2330 522 2355 et
538 2326 635 2357 Jnnt.
653 2337 751 2367 quam
772 2328 854 2359 lect.
870 2329 984 2360 laudat
999 2328 1043 2359 G.
1062 2329 1101 2360 F.
1146 2330 1230 2360 Mss.
1246 2335 1280 2360 et
1295 2330 1378 2360 editi
1402 2329 1557 2371 quidam:
1582 2339 1672 2369 quam
1688 2340 1756 2370 quae

306 2367 405 2398 hodie.
432 2368 539 2398 West.
587 2369 794 2401 Certationem
817 2375 1035 2410 comparatam,
1052 2381 1140 2411 quam
1163 2373 1228 2402 ltaec
1243 2372 1274 2402 Ιι.
1291 2372 1312 2402 i.
1327 2372 1392 2409 n.f.
1437 2372 1492 2403 sic
1509 2371 1605 2403 dedit
1618 2372 1678 2403 Fa.
1693 2375 1755 2406 sed

307 2419 349 2440 ex
373 2410 495 2440 nostris
520 2411 685 2451 plerique,
701 2413 766 2443 1ιαί·
792 2423 859 2454 qua·
883 2414 981 2445 hodie.
1027 2415 1170 2454 Repono
1199 2415 1407 2446 Certationem
1431 2417 1648 2454 compamtam,
1663 2425 1756 2455 quam

306 2452 394 2483 hodie
417 2462 484 2493 qua>
499 2452 582 2483 inter
596 2454 668 2492 n.f.
693 2455 796 2487 Bent.
842 2457 984 2487 Bothius
1010 2457 1094 2497 legit
1111 2457 1317 2488 Certationem
1333 2468 1359 2488 c.
1384 2468 1473 2497 quam
1493 2457 1581 2488 hodie
1606 2457 1687 2488 inter
1701 2469 1757 2490 nos

306 2496 460 2534 quoesuz‘t.
509 2496 719 2527 Certationem
736 2499 792 2528 ΒΓ.
810 2499 888 2538 Bip.
904 2499 942 2530 Z.
960 2500 1052 2530 Peri.
1071 2499 1128 2540 qui
1145 2500 1248 2530 etiam
1265 2510 1354 2541 quam
1370 2501 1432 2530 hoec
1441 2510 1507 2540 quae
1522 2500 1620 2531 hodie.
1651 2500 1754 2535 Quam

305 2548 373 2576 quoe
402 2538 490 2568 hodie
520 2539 710 2578 Delph.—5
738 2541 929 2580 Distinguit
952 2542 992 2572 Z.
1020 2547 1096 2581 post
1119 2552 1234 2582 usque:
1256 2543 1441 2574 verberando
1465 2552 1570 2582 usque,
1589 2542 1755 2589 amba—6

306 2580 399 2610 Libri
417 2580 553 2621 quidam
577 2582 695 2621 scripti
720 2587 755 2613 et
774 2583 880 2614 editi:
906 2584 1155 2623 Quidsacerem?
1181 2585 1286 2617 West.
1330 2586 1407 2615 Duo
1436 2585 1565 2625 antiqui
1587 2584 1681 2622 libri,
1706 2586 1756 2617 in-

307 2626 358 2653 ter
385 2633 466 2663 quos
488 2631 537 2654 est
565 2624 661 2655 Bem.
707 2625 791 2660 Quid
806 2625 969 2663 facerem?
993 2633 1134 2668 utroque
1162 2628 1261 2658 modo
1294 2627 1616 2667 proceleusmaticus
1638 2631 1691 2659 est
1720 2629 1755 2659 in

307 2667 410 2695 tertia
433 2665 513 2696 sede
538 2666 701 2697 octonarii
725 2668 873 2699 iambici.
899 2670 958 2700 Fa.
1004 2670 1130 2701 Omnes
1159 2671 1275 2709 nostri,
1293 2670 1421 2702 dnobus
1447 2670 1672 2701 mediocribus
1694 2679 1754 2701 ex-

306 2709 428 2747 ceptis,
448 2709 531 2743 Quid
546 2713 687 2748 agerem?
732 2710 822 2741 Nihil
844 2711 984 2743 interest
1002 2723 1010 2743 :
1035 2714 1096 2743 nisi
1122 2713 1210 2754 quod
1235 2714 1299 2744 hoc
1322 2713 1427 2753 magis
1449 2712 1490 2743 ad
1509 2712 1667 2744 Graecnm
1685 2723 1755 2744 me-

305 2754 393 2781 trum
423 2751 572 2781 accedat.
596 2752 693 2782 Bent.
739 2753 822 2787 Quia
835 2752 974 2790 facerem
1000 2755 1077 2796 Bip.
1096 2756 1254 2786 Peri—7
1276 2756 1373 2788 Junt.
1406 2755 1491 2790 Quid
1511 2754 1598 2795 potui
1617 2755 1753 2788 melius?

304 2803 396 2837 usque
411 2803 442 2824 os
456 2793 586 2834 praebui.
632 2795 829 2835 Legendum
852 2803 967 2828 mouet
991 2798 1092 2830 Bent.
1111 2798 1163 2839 qui
1178 2798 1267 2830 hodie
1282 2798 1311 2830 ei
1333 2807 1424 2839 usque
1439 2807 1481 2829 os.
1528 2798 1584 2829 Ita
1599 2801 1635 2829 et
1651 2797 1753 2832 Both.
