1966 3302
321 244 406 285 954
820 253 858 284 P.
893 252 1133 282 TERENTH
1167 252 1283 282 Auni

322 349 448 390 Prior
468 349 610 398 bibas,
631 348 749 402 prior
770 347 1038 399 decumbas;
1071 359 1201 388 coena
1223 346 1360 387 dubia
1382 345 1644 398 apponitur?

323 415 410 456 GE.
444 415 565 466 Quid
596 416 713 456 istuc
741 416 863 456 verbi
896 416 994 455 est‘?
1055 414 1214 455 PHoR.
1245 412 1335 454 Ubi
1369 415 1417 453 tu
1452 411 1644 462 dubites,
1664 412 1769 466 quid

496 495 645 523 sumas
666 482 961 535 potissimum.

327 549 457 610 Haec,
478 563 580 590 cum
600 550 814 590 rationem
836 548 972 597 ineas,
995 560 1126 601 quam
1148 547 1236 587 sint
1255 544 1413 586 suavia
1439 549 1485 585 et
1504 556 1636 598 quam
1669 557 1773 586 cara

498 617 585 657 sint
1715 611 1773 651 30

326 684 393 725 Ea
434 684 510 737 qui
551 648 734 737 piaebet,
775 695 859 723 non
901 686 948 723 tu
984 682 1100 722 hunc
1134 680 1301 721 habeas
1340 680 1471 733 plane
1510 681 1774 733 praesentem

503 750 681 791 Deum?
1432 746 1433 749 ’

329 818 417 859 GE.
449 818 596 859 Senex
631 816 779 858 adest:
809 816 924 865 vide,
950 815 1057 869 quid
1092 827 1220 867 agas:
1252 814 1393 868 prima
1424 812 1562 854 coitio
1583 811 1640 854 'st
1660 825 1777 854 acer-

499 898 623 926 mma.

330 953 378 994 Si
400 965 496 994 eam
518 951 791 1000 sustinueris,
813 949 992 1004 postilla
1006 949 1118 1003 jam,
1139 952 1187 990 ut
1207 948 1346 999 lubet,
1368 948 1495 989 ludas
1511 947 1626 989 licet.

329 1110 448 1145 cimam
478 1109 529 1139 ille
545 1108 656 1140 tacitus
671 1106 894 1143 stomachatur,
904 1107 983 1136 uttu
994 1103 1159 1139 delicieris,
1171 1103 1258 1143 prior
1269 1103 1367 1141 bibas,
1380 1102 1467 1142 prior
1475 1112 1588 1133 mensoe
1600 1102 1779 1137 accumbam

329 1162 415 1182 coeua
426 1152 519 1182 dubia
531 1151 715 1194 opponitur?
738 1150 804 1181 GE.
825 1148 924 1182 Quale
932 1147 1017 1178 istud
1029 1146 1154 1177 verbum
1171 1149 1216 1176 est
1228 1148 1240 1175 ?
1266 1146 1334 1176 ΡΗ.
1360 1145 1438 1180 Quoe
1449 1148 1494 1176 tot
1505 1145 1604 1175 variis
1618 1144 1717 1185 epulis
1731 1146 1780 1174 in-

330 1197 451 1224 structa
468 1198 524 1230 est,
541 1197 574 1224 ut
587 1194 740 1223 incertum
756 1192 814 1223 tibi
828 1191 870 1221 sit
886 1200 962 1230 quas
977 1190 1074 1228 eligas
1090 1189 1235 1219 maxime.
1268 1188 1350 1218 Haec
1364 1197 1433 1218 cum
1448 1188 1528 1218 serio
1540 1191 1638 1218 tecum
1653 1189 1785 1227 reputes,

330 1246 392 1267 vion
421 1240 493 1267 tunc
526 1236 689 1266 arbitreris
726 1235 848 1265 omnino
883 1234 986 1263 Deum
1005 1231 1165 1270 faventem
1200 1234 1230 1260 et
1256 1230 1437 1270 propitium,
1466 1230 1520 1270 qui
1548 1230 1613 1260 haec
1649 1229 1759 1260 tribuit
1771 1232 1783 1258 ?

331 1279 398 1309 GE.
423 1279 502 1309 Ecce
517 1279 576 1309 tibi
588 1287 693 1313 senex,
710 1278 780 1307 vide
795 1276 870 1316 quid
884 1279 1011 1306 acturus
1026 1274 1081 1304 sis.
1126 1273 1256 1304 Primus
1269 1273 1435 1313 conflictus
1449 1276 1495 1303 est
1506 1272 1664 1303 vehemens
1677 1272 1784 1304 valde.-

329 1321 357 1351 si
372 1321 451 1352 hunc
461 1321 608 1361 patiar-is,
619 1324 690 1361 post
703 1320 758 1351 illa
771 1319 924 1358 reliquum
938 1317 1055 1348 ludicra
1071 1319 1191 1347 tantum
1205 1316 1265 1347 erit
1279 1316 1440 1346 exercitio.

939 1422 1175 1434 eeeeeeeeeee

333 1500 412 1538 quod
428 1498 531 1528 Bent.
578 1497 664 1528 Dum
677 1497 721 1538 fit
745 1496 804 1527 tihi
818 1496 897 1536 quod
912 1495 1006 1525 Perl.
1051 1494 1120 1524 Tibi
1134 1493 1269 1534 dumfit,
1285 1493 1363 1533 quod
1384 1490 1576 1522 Rom—28
1604 1489 1786 1520 Discumbas

332 1541 419 1579 Eug.
434 1545 468 1571 et
485 1540 519 1570 id
535 1540 673 1571 verbum
691 1549 763 1570 esse
780 1538 993 1579 frequentius
1019 1542 1140 1568 notant
1165 1537 1205 1568 R.
1221 1537 1266 1566 D.
1322 1535 1406 1565 Vult
1421 1534 1521 1564 Beni.
1550 1532 1636 1563 bibas
1651 1534 1785 1563 tu.—29

333 1583 455 1614 Adduo.
489 1582 589 1614 Hanc
617 1583 699 1614 lect.
715 1582 951 1622 quodcumque
976 1579 1132 1619 voluerit,
1147 1577 1248 1609 affert
1265 1578 1357 1608 Perl.
1372 1585 1390 1607 e
1408 1574 1524 1607 Guelf.
1540 1577 1573 1606 2.
1623 1574 1698 1612 Ubi,
1714 1573 1787 1614 quid

333 1636 447 1664 ειυηαε,
462 1625 582 1656 dubites
606 1628 640 1655 tu
665 1624 858 1665 potissimum
874 1623 1062 1653 Boiu—30
1086 1621 1195 1653 Codd.
1215 1620 1362 1661 quidam,
1376 1619 1497 1649 ratione
1519 1617 1614 1648 ineas.
1661 1616 1704 1648 G.
1718 1625 1787 1647 ciem

333 1668 455 1699 ratione
467 1668 495 1698 si
510 1668 604 1698 ineas.
631 1668 666 1697 W
671 1671 733 1698 est.
778 1666 859 1697 Hoec
873 1676 941 1696 cum
955 1666 1075 1696 ratione
1091 1663 1190 1703 ineas]
1213 1664 1310 1694 Bem.
1324 1667 1359 1692 et
1371 1662 1413 1692 V.
1430 1666 1465 1692 et
1481 1661 1560 1691 Bas.
1573 1658 1726 1690 rationem
1741 1659 1788 1689 in·

334 1720 397 1742 eas,
443 1710 498 1741 Ita
514 1710 630 1740 habuit
649 1714 683 1740 et
699 1709 943 1740 Victorianus:
969 1711 1007 1738 ut
1021 1716 1061 1737 ex
1078 1716 1198 1737 rasura
1213 1710 1303 1736 notae
1321 1705 1430 1735 literae
1447 1713 1477 1733 m
1492 1705 1649 1743 apparet.
1673 1700 1789 1732 Fa'e'rn.

335 1754 416 1784 Duo
432 1754 538 1783 nostri
557 1753 731 1783 veterrimi
754 1752 930 1786 rationem;
962 1749 1021 1781 sed
1037 1759 1076 1779 ex
1094 1750 1201 1779 altero
1227 1759 1258 1779 m
1282 1757 1428 1785 erasum,
1453 1750 1491 1776 ut
1516 1746 1549 1774 in
1573 1743 1630 1774 Vi.
1653 1743 1789 1774 Faerni.

335 1795 433 1825 Bent.
479 1795 576 1826 Lect.
593 1795 698 1835 antiq.
714 1794 845 1824 ratione.
878 1792 982 1823 Haud
1000 1791 1102 1822 dubie
1118 1792 1169 1822 lit.
1186 1801 1216 1821 m
1231 1790 1361 1821 abrasa.
1386 1789 1471 1819 Perl.
1518 1787 1654 1817 Ratione
1670 1783 1788 1817 Guelf.

336 1840 367 1868 2.
385 1838 435 1869 lit.
449 1848 479 1868 m
492 1838 617 1868 deleta.
643 1838 693 1868 Id.
736 1837 871 1867 Ratione
888 1836 1031 1865 Br.-—31
1057 1835 1140 1865 Mss.
1157 1834 1250 1874 Lips.
1267 1836 1302 1863 et
1315 1831 1397 1863 Wit.
1410 1829 1560 1870 praebeat.
1582 1829 1639 1859 Ita
1653 1827 1787 1869 quidam

337 1880 455 1920 legunt
474 1882 557 1911 Eun.
573 1889 607 1911 v.
620 1883 651 1910 9.
667 1882 718 1909 57.
746 1880 842 1909 West.
888 1878 1035 1908 Prcebear.
1058 1877 1203 1907 Br.-32
1227 1876 1287 1906 Est
1302 1874 1393 1904 coitio
1412 1873 1597 1903 Boiu—33
1622 1871 1710 1901 Sunt
1724 1869 1788 1900 Co-

338 1922 429 1953 dices
454 1923 536 1954 Mss.
555 1928 589 1953 et
607 1928 740 1952 veteres
755 1921 923 1961 impressi,
941 1921 971 1950 in
989 1919 1108 1959 quibus
1125 1923 1188 1957 est,
1207 1921 1276 1958 post
1292 1918 1401 1952 illam,·
1425 1918 1514 1954 sunt,
1531 1914 1564 1944 in
1580 1913 1700 1954 quibus
1723 1916 1790 1949 est,

334 1968 407 2004 post
419 1966 517 1996 illum.
565 1965 606 1996 G.
621 1968 689 2004 post
705 1964 790 1994 illam
807 1964 888 2002 jam,
912 1966 945 1992 ut
962 1962 1065 2001 jabet,
1087 1962 1185 1992 ludas,
1214 1961 1315 1990 West.
1370 1958 1462 1989 Illam
1479 1966 1540 1998 pro
1555 1956 1610 1986 itta
1626 1953 1743 1987 Guelf.
1757 1957 1788 1985 2.

340 2007 431 2048 Eam,
445 2017 510 2039 non
526 2007 580 2038 illa
596 2010 627 2038 3.
653 2007 740 2037 Perl.

996 2088 1137 2120 NOTAE

381 2182 420 2210 31
461 2180 648 2210 Proesentem
675 2176 793 2216 Deum]
822 2176 913 2208 Quia
939 2176 1036 2205 Dens
1091 2172 1230 2212 licebat,
1269 2172 1344 2203 Nec
1383 2176 1450 2202 tam
1487 2173 1673 2210 praesentes
1712 2168 1791 2199 alibi

340 2231 487 2261 omnium
505 2230 667 2260 bonorum
686 2232 806 2258 auctor
831 2231 896 2257 est.
941 2226 1036 2256 Prae-
1092 2233 1301 2265 cognoscere
1320 2221 1451 2253 Divos!

339 2290 416 2311 sens
433 2284 484 2310 est
503 2279 681 2319 propitius,
696 2278 827 2311 favens,
852 2276 1036 2314 beneficus,
1135 2277 1176 2305 32
1193 2273 1304 2304 Prima
1319 2272 1410 2302 coitio
1426 2274 1472 2302 est
1488 2268 1654 2308 acerrima]
1670 2269 1792 2299 Trans-

341 2332 423 2372 quia
439 2332 493 2372 qui
522 2339 669 2370 praesens
686 2334 739 2359 est
755 2338 831 2359 cum
858 2329 1037 2358 invocatur
1094 2327 1173 2357 latio
1191 2329 1244 2356 est
1260 2335 1278 2355 a
1291 2323 1420 2364 praelio.
1458 2322 1546 2353 Nam
1575 2325 1612 2351 et
1627 2319 1792 2360 congredi

341 2382 438 2412 nohis
455 2381 555 2412 citius
573 2380 756 2410 auxiliatur
772 2389 869 2418 quam
896 2378 951 2419 qui
979 2378 1037 2408 ab·
1093 2381 1129 2407 et
1156 2376 1248 2406 coire
1265 2374 1435 2405 dicuutur.
1482 2372 1600 2402 Prima
1615 2370 1741 2408 coitio;
1765 2371 1793 2400 lc

341 2441 417 2461 sens
434 2436 497 2462 est.
542 2430 704 2470 Virgilius
722 2429 850 2468 Ecioga
867 2438 891 2459 1.
924 2428 933 2444 ‘
948 2427 1038 2460 Quid
1091 2425 1224 2466 premier
1250 2425 1339 2455 choc:
1364 2421 1615 2463 cumpraelium
1639 2419 1793 2452 commit-

341 2481 516 2513 facerem?
553 2490 661 2521 neque
694 2479 831 2511 servitio
861 2487 914 2509 me
945 2478 1039 2509 exire
1096 2476 1190 2507 titur.
