1966 3302
311 245 396 287 81ss
810 262 849 292 P.
884 261 1123 292 'renuunt
1160 264 1275 294 Anni

312 354 537 405 Amorem,
559 362 796 410 postquam
818 370 898 411 par
919 358 1137 411 ingenium
1157 363 1315 400 nactus
1344 363 1425 401 est.
1708 364 1765 405 95

311 421 482 463 Interea
503 423 547 463 in
571 423 719 464 Imbro
739 426 917 466 moritur
937 429 1152 478 cognatus
1174 440 1312 467 senex

310 489 517 531 Horunc:
551 504 604 532 ea
623 491 679 532 ad
700 491 779 533 hos
801 493 969 534 redibat
992 494 1084 546 lege
1105 494 1354 536 haereditas.

311 557 378 598 Eo
401 563 617 599 amantem
638 560 824 601 invitum
841 561 1123 615 Pamphilum
1145 563 1341 605 extrudit
1360 566 1502 616 pater.

310 624 540 679 Relinquit
561 639 662 667 cum
685 632 826 669 matre
846 629 917 670 hic
938 642 1150 682 uxorem3
1180 643 1280 671 nam
1305 643 1446 672 senex

310 692 409 733 Rus
431 694 600 735 abdidit
622 708 693 744 se3
724 696 807 736 huc
828 709 926 737 raro
948 698 994 738 in
1014 698 1162 738 urbem
1185 703 1416 740 commeat.
1509 723 1514 726 <
1678 701 1761 744 100

308 760 454 801 Pam.
488 760 608 812 Quid
631 763 774 804 adhuc
794 764 958 806 habent
977 765 1244 806 infirmitatis
1264 766 1464 820 nuptiae‘?

308 827 435 868 PAR.
470 828 602 870 Nunc
621 830 791 872 audies.
854 831 1004 873 Primo
1026 832 1121 873 dies
1143 833 1476 887 complusculos

307 895 428 936 Bene
450 897 743 939 conveniebat
763 912 868 940 sane
889 900 998 941 inter
1027 887 1361 999 eas.*)x1nterim

306 1015 393 1053 tulit,
421 1019 580 1056 postquam
605 1017 764 1056 ingenium
791 1029 845 1050 suo
870 1030 1042 1060 congruens
1068 1026 1099 1053 et
1124 1021 1276 1059 conforme
1300 1022 1427 1061 reperit.
1471 1022 1596 1053 Interea
1610 1023 1683 1053 dum
1697 1021 1763 1053 haec

303 1062 468 1097 geruntur,
495 1069 587 1090 senex
608 1061 732 1100 quidam
755 1073 796 1093 ex
827 1073 930 1094 eorum
955 1065 1137 1104 cognatione
1151 1065 1216 1095 vita
1231 1066 1359 1095 decessit
1373 1065 1407 1096 in
1423 1065 1528 1095 Imbro
1543 1066 1657 1103 insula,
1678 1065 1765 1103 cujus

305 1101 440 1139 legitimi
457 1106 545 1133 erant
570 1104 724 1134 lzoeredes:
747 1115 780 1135 eo
799 1106 995 1146 Pamphilum
1017 1108 1130 1138 uxoris
1149 1117 1251 1138 amore
1269 1110 1406 1148 captum,
1426 1110 1518 1148 pater·
1544 1109 1694 1139 nolentem
1723 1109 1765 1140 ad

305 1145 434 1174 ezendum
459 1146 614 1184 compulit.
658 1147 725 1178 Hic
751 1158 823 1179 vero
846 1159 973 1180 umorem
995 1159 1063 1181 cum
1084 1154 1184 1181 matre
1205 1150 1332 1190 reliquit
1343 1161 1356 1187 ;
1377 1160 1450 1181 nam
1471 1160 1566 1182 senex
1579 1158 1711 1182 seorsum
1725 1149 1764 1180 ab

307 1186 479 1217 hominibus
492 1189 633 1220 secedens
648 1199 703 1220 rus
717 1200 749 1220 se
764 1192 893 1222 contulit
905 1203 915 1222 .·
937 1192 995 1223 huc
1009 1202 1081 1223 raro
1096 1192 1238 1224 Athenas
1252 1197 1379 1224 remeat.
1410 1193 1482 1224 Pu.
1501 1193 1587 1228 Quid
1598 1193 1656 1224 huc
1670 1203 1766 1233 usque

305 1229 432 1268 dixisti,
443 1240 483 1261 ex
498 1241 555 1271 quo
571 1232 710 1273 infirmas
721 1234 799 1265 istas
810 1244 874 1266 esse
886 1235 1010 1275 nuptias
1025 1236 1274 1267 demonstrares?
1316 1236 1389 1266 ΡΗ.
1415 1237 1506 1267 Nunc
1521 1237 1628 1267 audies
1638 1247 1651 1273 ;
1663 1237 1763 1276 primo

303 1272 420 1313 aliquot
436 1274 502 1304 dies
518 1276 711 1307 concorditer
725 1280 807 1308 certe
823 1278 906 1309 inter
919 1288 951 1310 se
965 1277 1106 1310 vivebant
1121 1278 1265 1310 Sostrata
1280 1281 1311 1310 et
1326 1279 1534 1311 Philumena:
1555 1283 1680 1319 repente
1698 1278 1765 1310 hoec

912 1372 993 1384 em
1137 1372 1156 1383 e

305 1439 363 1465 est.
387 1435 487 1466 Bodl.
513 1436 583 1466 Ms.
611 1437 704 1475 Lips.
741 1437 912 1478 Bacchide,
939 1437 1062 1469 Boend.
1089 1438 1162 1469 ΕΡ.
1181 1436 1256 1469 ΕΑ.
1272 1436 1486 1474 aBacchide;
1507 1437 1650 1478 ‘elapsus’
1671 1441 1718 1468 est
1741 1449 1761 1469 a

306 1478 465 1509 Bacchide
490 1479 532 1508 V.
565 1479 616 1510 C.'
648 1479 744 1511 Lind.
776 1486 811 1511 et
843 1480 902 1512 ΒΓ.
941 1481 1037 1512 Bem.
1066 1481 1135 1517 huc,
1162 1480 1341 1521 perspicue
1367 1481 1499 1512 melius.
1538 1480 1597 1512 Fu.
1642 1480 1762 1512 Nostri

305 1521 388 1551 huic.
412 1521 477 1551 Sed
496 1526 590 1553 recte
606 1523 664 1554 huc
681 1532 737 1553 111.
753 1526 782 1555 1.
797 1526 848 1554 18.
871 1525 880 1541 ‘
896 1524 1032 1564 Vixque
1047 1522 1113 1554 huc
1126 1522 1360 1554 contuleram!
1373 1523 1476 1554 Bent.
1502 1521 1590 1554 Huic
1605 1522 1685 1562 Bip.
1700 1523 1760 1555 ΒΓ.

306 1568 342 1594 et
359 1564 535 1595 GMcnm
554 1565 599 1605 gl.
617 1565 803 1606 Pamphilae.
825 1567 834 1582 ‘
848 1565 953 1597 ‘huc'
978 1570 1124 1607 praestat
1139 1576 1209 1606 prae
1223 1566 1295 1597 huic
1310 1566 1452 1597 aliorum
1469 1565 1591 1597 Coddss
1618 1566 1764 1598 West.—

305 1608 347 1637 97
373 1607 497 1637 Horum
511 1607 596 1638 Mss.
612 1609 678 1639 duo
694 1618 713 1639 e
731 1609 837 1640 Boecl.
870 1610 977 1640 horum
1003 1610 1090 1640 Mss.
1106 1609 1242 1650 quidam
1258 1615 1294 1640 et
1309 1609 1462 1650 impressi
1479 1612 1564 1639 vett.
1580 1613 1701 1639 contra
1714 1609 1762 1640 le-

306 1658 366 1688 ges
384 1650 521 1681 senarii.
550 1651 647 1683 West.
691 1651 839 1683 Horunce
853 1653 894 1683 ad
909 1652 963 1682 hos
976 1662 1023 1690 ea,
1048 1656 1101 1683 est
1127 1653 1160 1682 in
1184 1653 1282 1683 Bem.
1299 1652 1348 1684 ita
1364 1661 1482 1683 versus
1502 1650 1623 1682 melius
1642 1660 1763 1692 proce-

304 1691 380 1722 dit:
406 1692 438 1723 in
464 1693 560 1724 Vict.
588 1694 703 1725 horunc
729 1695 829 1724 etiam
858 1695 1023 1735 scriptum
1048 1694 1154 1725 fuisse
1177 1695 1346 1736 conjicio3
1367 1704 1444 1725 nam
1460 1704 1491 1725 m
1511 1694 1545 1724 in
1565 1694 1672 1726 litura
1687 1698 1763 1734 est3

304 1735 394 1775 quod
415 1745 494 1766 vero
511 1737 666 1778 sequitur
692 1737 826 1777 redibat,
849 1747 966 1768 omnes
992 1738 1119 1779 antiqui
1149 1737 1240 1778 libri,
1262 1743 1299 1769 et
1325 1737 1461 1779 quidam
1487 1746 1530 1768 ex
1555 1737 1764 1774 recentibus,

303 1778 456 1818 itemque
480 1779 634 1811 Donatus
658 1780 799 1820 habent,
825 1780 975 1811 rediebat.
1004 1781 1066 1811 Fa.
1113 1781 1237 1812 Horum
1262 1790 1378 1811 omnes
1405 1780 1534 1811 nostri:
1562 1789 1599 1811 ea
1624 1779 1659 1810 in
1683 1784 1762 1811 octo

305 1820 427 1860 deest;
453 1831 517 1852 non
534 1823 760 1862 incommodo,
777 1824 802 1854 si
818 1823 957 1855 rediebat
973 1823 1108 1864 legeris.
1153 1823 1222 1854 Sed
1238 1823 1337 1854 Bem.
1351 1823 1417 1854 alio
1432 1822 1553 1854 ordine
1567 1822 1620 1853 Ad
1634 1822 1689 1853 hos
1703 1832 1760 1859 θα,-

304 1868 340 1894 et
357 1873 397 1894 ex
414 1867 539 1895 nostris
563 1865 631 1896 duo
658 1867 765 1897 rediit.
811 1867 926 1899 Quare
951 1867 1000 1897 sic
1026 1867 1126 1897 etiam
1153 1867 1270 1905 1egas3
1298 1866 1463 1897 Horunce:
1485 1866 1525 1896 ad
1551 1866 1605 1896 hos
1619 1875 1655 1896 ea
1668 1865 1764 1896 rediit

305 1907 373 1945 lege
398 1907 564 1941 hereditas.
609 1908 666 1940 Sic
694 1908 784 1940 And.
801 1918 851 1940 iv.
870 1913 900 1940 5.
916 1912 947 1941 4.
971 1911 980 1926 ‘
999 1909 1110 1950 Hujus
1135 1914 1243 1940 morte
1269 1918 1310 1939 ea
1335 1910 1376 1940 ad
1402 1917 1455 1939 ine
1483 1909 1557 1948 lege
1583 1907 1764 1939 redierunt

303 1948 418 1980 bona.’
443 1951 539 1981 Bent.
585 1951 696 1982 Rediit
711 1952 813 1982 Both.
831 1952 925 1983 Perl.
949 1952 1058 1983 horum
1072 1953 1111 1982 ad
1135 1952 1207 1982 sine
1230 1961 1265 1982 ea
1287 1952 1346 1982 ΒΓ.
1373 1951 1474 1982 Bodl.
1491 1955 1528 1982 at
1545 1950 1667 1981 Boend.
1692 1951 1762 1982 Ms.

304 1993 457 2024 Terentii
477 2000 513 2024 et
530 1995 657 2026 Donati
673 1999 709 2026 et
725 1995 799 2025 ΕΑ.
814 1995 920 2026 horum
936 1996 974 2025 ad
990 1995 1044 2025 hos
1059 1994 1181 2025 redibat
1195 2004 1250 2035 per
1272 1996 1381 2033 legem.
1398 1995 1532 2025 harunce
1549 1993 1675 2024 Z.—99
1699 1993 1763 2024 Re-

304 2036 398 2076 liquit
413 2036 512 2068 Bodl.
527 2042 564 2068 et
578 2039 587 2054 ‘
600 2038 640 2068 R.
657 2042 693 2068 et
709 2038 750 2068 V.
767 2037 818 2068 C.'
848 2038 943 2068 Lind.
969 2038 1020 2068 Ex
1037 2037 1155 2068 iisdem
1172 2037 1267 2068 libris
1285 2037 1381 2068 Bem.
1398 2041 1434 2068 et
1451 2036 1545 2068 Vict.
1558 2040 1593 2067 et
1613 2045 1656 2066 ex
1672 2035 1764 2067 Don.

304 2078 383 2118 lego
402 2079 575 2119 Relinquit.
600 2080 648 2111 ita
664 2086 699 2111 et
715 2082 764 2110 St.
781 2081 964 2120 impressit.
988 2080 1047 2111 Fa.
1094 2081 1252 2111 Donatus
1268 2090 1276 2110 ι
1304 2079 1470 2120 Relinquit
1487 2089 1497 2110 :
1514 2079 1658 2119 Legitur
1674 2078 1762 2110 Reli-

303 2122 382 2161 quit.
423 2122 541 2153 Nostri
558 2133 673 2154 omnes
691 2123 843 2163 Reliquit.
881 2124 928 2154 Et
944 2128 1113 2163 praeterea
1130 2133 1192 2164 pro
1211 2123 1349 2162 Reliquit
1361 2132 1429 2153 cum
1444 2126 1543 2153 matre
1558 2122 1607 2153 hic
1621 2130 1761 2160 uxorem,

304 2164 364 2194 ubi
379 2168 477 2195 matre
495 2166 527 2196 in
543 2167 645 2197 Tliesi
663 2167 850 2206 mergiturr,
874 2165 941 2196 duo
958 2176 998 2197 ex
1017 2166 1140 2197 nostris
1154 2171 1245 2196 notae
1265 2165 1449 2206 primariae,
1472 2164 1615 2205 Reliquit
1628 2163 1763 2195 hic‘com

302 2209 404 2237 matre
425 2217 565 2240 uxorem.
590 2210 694 2240 Bent.
712 2215 747 2239 et
763 2209 811 2240 sic
835 2209 935 2240 Both.
960 2209 1163 2240 Fert—100
1178 2209 1261 2240 Ruri
1278 2206 1393 2239 Guelf.
1410 2210 1443 2239 3.
1466 2207 1475 2224 ‘
1487 2217 1551 2238 sese
1566 2206 1673 2238 nostri
1690 2207 1762 2236 uni·

303 2249 417 2280 versi!
440 2251 539 2282 Bent.
557 2252 612 2292 qui
641 2252 713 2283 vult
739 2251 839 2291 abdit,
855 2257 891 2282 et
918 2261 980 2283 sese
1006 2252 1067 2283 ΒΓ.
1094 2252 1288 2283 GM.—102
1311 2251 1454 2282 Primam
1480 2250 1553 2282 ΕΡ.
1600 2249 1640 2280 In
1665 2249 1764 2280 Beni.

304 2297 380 2322 erat
403 2295 521 2332 primos
535 2295 601 2326 dies
615 2295 723 2335 compl.
740 2300 861 2335 postea
875 2306 890 2324 s
905 2294 1035 2334 deleto,
1051 2294 1215 2325 remansit
1238 2294 1353 2334 primo,
1373 2293 1462 2334 quod
1478 2291 1598 2324 habuit
1615 2296 1650 2340 et
1667 2291 1762 2322 Vict.

305 2335 365 2366 Fa.
412 2336 530 2367 Nostri
559 2347 675 2368 omnes
700 2339 849 2377 primum.
898 2338 949 2368 Ex
976 2338 1071 2368 Bem.
1097 2338 1215 2377 primos
1241 2345 1381 2377 repone,
1401 2335 1503 2376 primo
1527 2335 1582 2365 hos
1601 2335 1668 2364 dies
1682 2343 1762 2364 com-

301 2379 465 2417 plusculos.
512 2379 567 2410 Ita
584 2381 722 2420 passini,
742 2381 751 2397 ‘
767 2380 908 2421 Aliquot
925 2380 984 2410 hos
998 2379 1093 2418 dies,'
1113 2381 1122 2396 ‘
1136 2379 1251 2410 Hosce
1268 2379 1396 2419 aliquot
1420 2377 1518 2412 dies,’
1539 2380 1603 2407 διε.
1625 2376 1760 2416 primum

305 2420 386 2460 Bip.
416 2422 474 2452 ΒΓ,
498 2423 652 2462 plusculos
682 2423 850 2454 Priscian.
878 2431 934 2453 111.
967 2432 1000 2463 p.
1029 2425 1102 2453 126.
1133 2426 1221 2452 teste
1240 2421 1360 2452 Krehl.
1387 2421 1421 2451 in
1448 2419 1527 2451 edd.
1557 2419 1643 2467 Ven.
1671 2421 1701 2449 l.
1729 2421 1760 2450 2.

304 2466 410 2494 ——103
438 2465 627 2496 Concenibat
653 2475 739 2496 unus
757 2476 798 2497 ex
817 2466 951 2504 Regiis:
976 2470 1013 2496 et
1029 2466 1076 2496 sic
1093 2464 1323 2495 scribendum.
1351 2464 1444 2495 Bent.
1487 2461 1758 2503 Sequani-Both.

305 2514 354 2536 eos
370 2505 488 2538 Guelf.
506 2510 536 2539 3.
554 2508 638 2539 inter
653 2518 703 2539 eas
718 2519 792 2540 sane
807 2509 873 2540 duo
890 2508 975 2540 Mss.
992 2508 1090 2540 Boecl.
1106 2508 1237 2539 interim
1252 2507 1316 2539 ltoec
1333 2505 1435 2537 Both.
1459 2505 1539 2547 quia
1553 2505 1672 2553 abesse
1690 2504 1756 2535 haec

966 2582 994 2614 N
1003 2581 1106 2614 OTAE

348 2647 390 2675 96
415 2644 537 2676 Interea
566 2647 600 2676 in
629 2646 733 2676 Imbro
759 2645 908 2686 moritur]
939 2645 1005 2676 Im·
1061 2646 1143 2676 litur
1159 2645 1344 2683 Parmeno,
1359 2653 1432 2675 cum
1450 2652 1515 2674 non
1539 2642 1618 2673 odio
1634 2651 1761 2681 socrus,

305 2697 385 2727 brus
410 2697 511 2726 maris
529 2697 634 2735 AEgaei
658 2697 766 2727 insula
782 2702 845 2728 est.
866 2696 1005 2737 Sophia·
1061 2696 1119 2727 sed
1136 2696 1278 2736 pudore,
1293 2695 1500 2726 simultatem
1521 2693 1681 2724 adversus
1707 2702 1758 2724 so-

305 2756 368 2777 nus
386 2746 506 2776 lambro
522 2752 634 2777 vocat.
1062 2757 1154 2779 eruin
1173 2747 1374 2778 Philumena
1390 2745 1570 2777 simulavit.

352 2800 412 2828 103
430 2798 561 2828 Interim
577 2798 674 2828 Miris
690 2798 785 2829 incudis
801 2798 916 2838 odisse]
932 2798 1007 2829 Fal-
