1966 3302
473 250 891 282 HEAUTONTIMOR.
928 250 1032 280 Ac-T.
1067 249 1109 280 v,
1141 249 1207 279 sc.
1242 250 1314 278 111.
1522 240 1607 281 6:39

156 351 305 405 Egone
326 348 550 398 confitear,
571 361 717 389 meum
737 360 825 388 non
845 359 946 388 esse
967 346 1121 396 filium,
1143 347 1221 400 qui
1243 347 1300 387 sit
1318 347 1472 386 meus?

158 417 247 459 CH.
279 415 429 468 Quid?
472 416 652 465 metuis,
690 428 743 455 ne
782 428 882 465 non,
924 428 1021 455 cum
1062 414 1191 465 velis,
1233 414 1470 455 convincas
1511 428 1609 455 esse

330 485 455 525 illum
475 487 595 524 tuum
611 485 629 524 ’ἰ
1554 483 1608 522 15

162 553 239 594 So.
271 551 403 602 Quod
424 551 517 593 filia
545 556 616 592 est
637 551 848 592 inventa?
908 549 995 591 CH.
1029 549 1158 603 Non3
1190 549 1281 600 sed,
1315 549 1435 604 quod
1466 549 1608 602 magis

330 619 595 661 credendum
615 619 716 669 siet,

160 687 214 730 Id
235 687 357 742 quod
378 691 449 729 est
467 686 708 728 consimilis
730 684 940 735 moribus,

162 755 411 796 Convincas
430 754 560 795 facile
582 766 641 794 ex
662 760 705 794 te
725 758 902 805 natum3
933 766 1034 794 nam
1056 754 1119 794 tui
1141 753 1300 794 similis
1320 757 1388 794 est
1406 754 1569 808 probe3

164 823 283 864 Nam
302 822 366 863 illi
384 822 492 863 nihil
505 822 606 864 vitii
624 826 692 864 est
711 822 926 871 relictum,
948 822 1051 876 quin
1071 822 1128 863 sit
1143 825 1185 863 et
1203 822 1322 863 idem
1343 822 1439 863 tibi.

163 953 282 985 eveniat
295 954 432 985 inimicis
446 954 571 985 nostris.
618 955 728 994 Egone
743 954 844 985 dicam
859 954 938 985 hunc
952 964 1011 985 non
1027 964 1092 985 esse
1105 954 1214 996 filium
1236 963 1346 993 meum,
1368 954 1420 994 qui
1445 952 1487 984 sit
1513 956 1614 984 meus?

164 996 233 1029 CH.
261 997 369 1032 Quid?
389 1007 430 1028 an
452 998 580 1036 vereris,
594 1007 631 1029 ne
646 1008 705 1028 non
719 998 828 1037 possis,
842 1007 910 1027 cum
924 998 1069 1037 volueris,
1093 998 1223 1038 probare
1245 997 1279 1027 in
1295 998 1417 1036 judicio
1437 997 1524 1027 illum
1550 1006 1613 1027 esse

155 1038 264 1079 filium
279 1043 386 1070 tuum?
428 1039 488 1071 So.
513 1040 637 1078 Ideone,
661 1041 739 1080 quod
754 1040 830 1081 filia
853 1044 899 1070 est
915 1044 1049 1080 reperta,
1063 1042 1142 1071 hune
1154 1040 1300 1070 similiter
1316 1050 1413 1071 meum
1429 1049 1492 1070 esse
1506 1039 1614 1079 filium

161 1081 290 1121 probare
301 1082 439 1123 possim?
483 1083 551 1114 CH.
576 1084 648 1114 Non
661 1086 789 1123 propter
803 1084 857 1113 hoc
872 1083 952 1121 dico,
976 1085 1030 1114 sed
1055 1087 1180 1124 propter
1201 1083 1288 1114 aliud
1316 1085 1394 1123 quod
1421 1083 1524 1119 magis
1544 1082 1614 1123 fide

164 1124 293 1163 dignum
308 1129 366 1165 est,
382 1126 455 1166 quia
469 1135 575 1166 nempe
589 1126 649 1157 tibi
664 1126 798 1156 moribus
813 1129 859 1156 est
881 1126 1050 1165 persimilis
1061 1137 1074 1163 ‚·
1095 1127 1211 1157 ideirco
1227 1126 1322 1164 sacili
1344 1126 1521 1165 probatione
1547 1135 1615 1155 con-

164 1167 267 1199 vinces
281 1178 350 1200 eum
364 1172 395 1200 te
405 1169 578 1210 peperisse:
601 1179 673 1200 nam
688 1169 752 1210 ipse
765 1171 811 1200 est
826 1169 886 1200 tibi
900 1169 1076 1200 simillimus
1091 1179 1103 1206 ;
1125 1170 1242 1200 nullum
1264 1169 1374 1200 vitium
1400 1169 1447 1200 ini
1473 1169 1614 1200 relictum

768 1277 925 1289 eeeeeee
928 1276 1008 1290 me

167 1357 222 1386 te:
244 1352 393 1384 universi
416 1356 529 1384 autem
559 1353 638 1385 istuc
667 1354 781 1385 nostris
805 1355 966 1393 inimicis;
991 1354 1079 1386 unde
1101 1354 1264 1385 facillima
1281 1353 1390 1394 surgit
1414 1352 1619 1392 emendatio,

169 1397 230 1428 So.
253 1396 418 1427 Subditum
433 1406 464 1427 se
477 1397 661 1437 suspicatur.
709 1398 776 1429 Cn.
798 1398 865 1429 Ain
881 1402 934 1429 tu?
977 1399 1036 1429 So.
1064 1399 1154 1428 Certe
1169 1397 1213 1428 sic
1229 1396 1307 1428 erit:
1356 1397 1424 1427 Cn.
1452 1396 1617 1439 Confitere.

170 1440 228 1471 So.
249 1441 301 1470 Au
312 1439 445 1479 obsecre,
461 1439 540 1471 istuc
554 1440 670 1470 nostris
684 1440 821 1472 inimicis
833 1442 903 1472 sict.
949 1441 1109 1472 Ceterum
1126 1450 1186 1481 pro
1215 1441 1305 1470 Certe
1330 1440 1375 1470 sic
1401 1439 1486 1475 erit;
1509 1440 1618 1469 nostri

169 1492 286 1515 omnes
298 1492 489 1523 perperam,
513 1483 605 1514 Certe
616 1483 742 1524 inquam
756 1483 798 1514 mi
810 1484 870 1514 vir.
885 1485 988 1514 Bent.
1004 1485 1061 1524 qui
1074 1484 1177 1514 etiam
1194 1484 1365 1522 suspicetur
1380 1482 1480 1512 valde
1498 1491 1621 1522 repug-

170 1530 242 1556 nat.
288 1525 367 1565 Bip.
382 1526 466 1566 legit
484 1527 577 1557 Certe
591 1526 636 1556 sie
651 1527 711 1557 erit
736 1527 787 1556 Mi
800 1527 857 1558 vir.
904 1528 973 1558 CH.
1000 1527 1155 1568 Confitere
1167 1548 1174 1556 .
1193 1548 1200 1556 .
1215 1527 1287 1557 .S‹›.
1311 1526 1375 1563 Au,
1391 1525 1524 1565 obsecro,
1540 1525 1621 1555 istuc

170 1568 286 1599 nostris
306 1568 441 1599 inimicis
463 1568 535 1599 siet.
579 1569 682 1600 Both.
729 1569 799 1600 en.
821 1569 897 1600 Ain'
920 1568 976 1601 tu?
1019 1569 1076 1600 So.
1103 1571 1206 1606 Certe,
1225 1570 1268 1599 mi
1289 1569 1351 1608 vir,
1372 1569 1506 1608 inquam.
1551 1568 1620 1598 CH.

174 1611 339 1653 Confitere.
383 1611 442 1642 So.
464 1611 528 1651 Au,
545 1611 676 1647 obsecro,
692 1612 772 1642 istuc
785 1613 902 1643 nostris
912 1612 1049 1643 inimicis
1063 1611 1144 1643 siet!
1187 1613 1248 1643 ΒΓ.
1273 1612 1335 1643 Ale.
1352 1611 1471 1642 obsecro
1483 1615 1524 1650 te,
1540 1610 1623 1641 istuc

170 1653 294 1685 nimio-is
305 1654 419 1685 nostris
433 1654 502 1686 siet.
541 1655 630 1685 Pes-1.
651 1657 743 1686 Certe
767 1656 813 1686 sic
828 1657 887 1687 erit
906 1655 1071 1697 Confitere.
1109 1656 1161 1686 Au
1177 1665 1205 1686 o.
1223 1659 1264 1691 te,
1283 1656 1363 1685 istuc
1378 1665 1408 1684 n.
1425 1655 1448 1684 i.
1464 1654 1533 1685 siet.
1579 1654 1620 1684 Z.

170 1696 353 1727 istum—15
376 1697 474 1729 Junt.
500 1697 584 1732 Quid
599 1698 732 1728 meluis?
754 1708 852 1729 nonne
867 1708 935 1729 cum
951 1699 1039 1736 velis,
1055 1699 1215 1728 convincas
1232 1698 1318 1728 illam
1335 1707 1397 1728 esse
1422 1700 1529 1727 tuum?
1560 1697 1581 1728 J
1586 1707 1622 1727 u-

173 1745 274 1770 vatur
290 1744 404 1770 autem
429 1738 591 1781 διασυρμὸς
607 1741 810 1781 Chremetis,
836 1741 861 1771 si
887 1742 1057 1781 legas‚uti
1080 1741 1182 1772 edidi.
1228 1741 1427 1772 Lectionem
1443 1740 1621 1772 Juntinam

173 1786 288 1813 tuetur
302 1782 392 1822 Guy.
437 1783 484 1814 Et
500 1783 625 1813 multus
641 1784 674 1814 iu
690 1784 753 1814 hoc
778 1786 851 1815 loco
875 1784 1079 1824 explicando
1096 1789 1147 1815 est
1163 1784 1269 1814 Boecl.
1320 1784 1419 1814 IVesc.
1455 1783 1540 1818 Quid
1563 1793 1623 1813 mc-

173 1825 258 1856 tuis?
278 1835 377 1856 nonne
401 1835 470 1856 cum
491 1826 578 1861 velis,
602 1827 765 1857 convincas
785 1827 873 1857 illum
897 1836 960 1857 esse
977 1830 1082 1858 tuum?
1119 1827 1249 1858 Omnes
1267 1825 1340 1857 fere
1365 1827 1388 1858 l.
1405 1835 1431 1857 s·
1453 1832 1489 1856 et
1516 1826 1549 1855 in
1571 1826 1623 1856 his

174 1869 271 1899 Bem.
294 1868 343 1899 ita
358 1868 536 1907 collocant,
553 1869 660 1904 Quid?
682 1871 807 1908 meluis,
820 1879 858 1900 ne
872 1880 944 1907 non,
959 1871 1012 1910 ὅγε.
1038 1880 1136 1901 versu
1160 1874 1194 1900 et
1211 1869 1455 1909 compositione
1472 1869 1623 1900 meliore.

174 1911 236 1942 Fa.
261 1911 346 1948 Quid
359 1911 491 1943 metuis?
514 1911 641 1943 habent
658 1911 716 1943 ΒΓ.
733 1913 900 1953 Rip.—16
923 1914 973 1943 M.
990 1918 1025 1944 et
1047 1914 1120 1945 cod.
1137 1913 1232 1953 Lips.
1247 1914 1299 1943 sed
1313 1923 1383 1952 quo.
1428 1911 1523 1942 Idem
1539 1912 1626 1942 citat

174 1963 193 1984 e
217 1954 286 1986 Ms.
307 1953 593 1994 Lindenbrogius‚
610 1961 645 1986 et
660 1955 797 1986 exhibet
809 1956 882 1986 ΕΡ.
905 1956 1004 1987 West.
1021 1956 1140 1987 Nostri
1154 1965 1271 1986 omnes
1287 1966 1344 1995 quo
1366 1955 1480 1994 magis.
1504 1955 1626 1985 Recte.

174 1997 271 2029 Bent.
314 1997 371 2029 Ita
395 2003 431 2028 et
456 1998 514 2029 ΒΓ.
534 1998 626 2029 Perl.
655 1999 845 2030 Rom—17
869 1999 1052 2039 Elegantia
1080 1999 1233 2038 responsi
1255 2009 1298 2029 ne
1326 2003 1445 2038 pereat
1469 1998 1546 2028 dele
1574 1998 1625 2029 Id.

174 2040 277 2071 Bent.
321 2040 379 2072 Ita
401 2045 436 2071 et
457 2040 550 2072 Peri.
574 2041 624 2072 M.
647 2042 814 2073 consimile.
861 2042 928 2073 Ms.
951 2042 1025 2073 Pal.
1049 2042 1183 2073 moribus
1205 2042 1280 2073 tuis.
1323 2044 1332 2059 ‘
1357 2042 1444 2073 Post
1469 2042 1557 2071 hunc
1578 2051 1625 2071 vs.

175 2083 269 2124 vulg.
286 2083 368 2114 talia
389 2083 570 2123 leguntur:
595 2085 763 2115 Convinces
775 2085 875 2123 facile
895 2095 935 2116 ex
958 2088 988 2116 te
1007 2089 1137 2116 nalum.-
1159 2095 1230 2116 nam
1253 2084 1300 2115 tui
1322 2084 1434 2115 similis
1456 2087 1502 2115 est
1523 2083 1627 2124 probe,

175 2135 251 2166 quae
276 2126 350 2167 quis
374 2135 440 2157 non
467 2126 582 2157 videat
604 2137 646 2158 ex
670 2127 954 2159 antecedentibus
987 2138 1061 2160 esse
1084 2127 1313 2168 interpolata?
1347 2127 1423 2159 cod.
1448 2126 1499 2158 A:
1538 2127 1629 2162 Quod

175 2168 346 2200 consimilis
360 2169 494 2200 moribus
512 2170 586 2201 tuis.
609 2170 684 2201 cod.
700 2171 749 2201 B:
774 2171 812 2201 Id
827 2173 906 2210 quod
921 2171 974 2211 (et
997 2171 1047 2202 sic
1071 2170 1177 2212 vulg.)
1193 2175 1238 2201 est
1253 2170 1432 2207 consimilis,
1448 2173 1495 2200 est
1515 2170 1607 2210 probe
1622 2180 1631 2200 :

178 2211 265 2242 Nam
279 2211 327 2242 illi
341 2211 388 2242 nil
402 2213 458 2243 vit.
473 2216 519 2243 est
533 2223 561 2244 r.
576 2224 605 2253 q.
620 2213 654 2243 id
670 2213 751 2243 idem
766 2214 903 2245 moribus
920 2214 1126 2253 Convincesf.
1145 2224 1182 2245 ex
1197 2219 1227 2244 te
1242 2217 1359 2249 natum,
1376 2223 1445 2244 nam
1460 2213 1506 2244 ίιιὶ
1517 2213 1629 2243 similis

176 2254 220 2285 sit
253 2254 323 2287 tibi.
367 2254 444 2286 Tum
464 2265 513 2295 pr.
540 2256 591 2295 &a
637 2255 741 2287 Vides
763 2256 927 2296 migrare,
954 2263 991 2287 ut
1021 2257 1144 2297 solent,
1168 2258 1496 2296 interpretamenta:
1531 2256 1626 2296 cujus

178 2297 330 2329 criminis
356 2302 468 2329 tamen
496 2298 635 2330 absolvo
661 2299 765 2330 verba
780 2300 827 2330 tui
843 2304 879 2330 et
890 2300 997 2340 probe,
1012 2310 1087 2340 quae
1112 2310 1192 2330 sane
1213 2300 1359 2331 colorem
1384 2299 1629 2330 Terentianum

130 2344 137 2351 '
176 2340 317 2375 habent,
333 2347 584 2383 proptereaque
601 2351 620 2372 a
636 2351 688 2372 me
704 2343 851 2382 genuino
865 2352 937 2382 suo,
952 2343 985 2373 ni
1001 2342 1113 2382 fallor,
1131 2345 1203 2374 loco
1219 2348 1298 2373 sunt
1314 2341 1488 2382 reposita!
1532 2342 1630 2373 Both.

175 2384 233 2424 qni
256 2383 337 2415 inde
361 2383 423 2414 dat
441 2384 531 2419 Quod
547 2388 592 2416 est
614 2385 783 2416 consimilis
805 2386 941 2416 moribus
963 2386 1059 2426 probe
1082 2386 1148 2417 tui.-
1195 2386 1281 2417 Nam
1302 2386 1364 2424 illi,
1378 2387 1520 2425 &tu—18
1547 2386 1628 2415 Con-

178 2425 281 2458 vinces
296 2427 401 2458 Bent.
417 2427 495 2467 Bip.
509 2427 550 2459 Z.
566 2434 602 2458 et
618 2428 712 2459 Pei-l.
750 2429 876 2468 Del'ph.
889 2429 973 2469 legit
988 2429 1270 2460 Facileconvinces.
1317 2429 1419 2459 Bent.
1443 2432 1521 2468 post
1537 2431 1567 2458 te
1581 2428 1631 2457 in-

178 2469 287 2500 seruit
312 2479 386 2500 esse.
434 2469 487 2500 Ita
513 2475 548 2501 et
564 2470 658 2502 Peri.
674 2472 731 2512 qui
749 2472 851 2502 etiam
868 2472 909 2502 ad
938 2475 1047 2502 natum
1074 2477 1192 2503 notat:
1215 2473 1224 2489 ‘
1240 2471 1326 2502 Haec
1352 2471 1455 2502 verba
1481 2470 1560 2501 inde
1588 2471 1629 2501 ab

178 2512 274 2544 initio
288 2511 388 2553 hujus
406 2522 520 2543 versus
537 2522 577 2543 ex
593 2514 843 2545 antecedentib.
861 2515 1069 2555 interpolata
1095 2525 1166 2546 esse
1185 2514 1263 2544 mihi
1280 2524 1355 2545 cum
1373 2514 1498 2545 Bothio
1516 2513 1631 2543 viden-

180 2561 248 2588 tur.
291 2556 404 2596 Supra
426 2555 491 2586 vid.
515 2566 564 2587 vs.
592 2555 744 2588 15.’-—19
769 2557 871 2588 Hunc
896 2567 944 2588 νε.
968 2558 1074 2588 Boecl.
1101 2558 1278 2588 insititium
1305 2562 1403 2588 vocat
1430 2561 1466 2588 et
1489 2557 1633 2596 glossam

180 2598 363 2640 adjectam.
409 2598 499 2639 Guy.
517 2607 597 2630 vero
620 2599 723 2630 etiam
749 2600 902 2640 proxime
925 2601 1179 2640 praecedentem
1196 2605 1231 2631 et
1247 2604 1447 2640 sequentem
1472 2599 1634 2635 excludit,

180 2646 219 2672 ut
235 2642 379 2681 spurios.
422 2642 468 2672 Et
481 2641 574 2673 idem.
618 2641 676 2672 Ita
698 2643 756 2674 Fa.
786 2643 854 2673 Ms-
876 2643 976 2673 Bodl.
994 2649 1029 2674 et
1045 2643 1095 2674 M.
1115 2653 1189 2674 cum
1214 2642 1287 2674 EA.
1302 2642 1411 2673 itidem
1432 2642 1475 2672 sit
1491 2646 1531 2674 et.
1577 2642 1634 2673 Ita

181 2689 218 2716 et
233 2684 298 2715 duo
318 2684 404 2716 Mss.
420 2684 579 2716 Boecleri.
622 2685 732 2724 Unus,
748 2686 822 2725 quin
837 2687 870 2716 id
886 2686 966 2716 idem
988 2687 1029 2716 sit
1046 2686 1115 2716 tibi.
1162 2686 1228 2716 Alii
1246 2687 1354 2716 aliter.
1404 2685 1501 2716 West.
1548 2685 1634 2720 Quin

180 2727 215 2757 id
228 2726 336 2758 itidem
347 2728 389 2758 sit
404 2727 473 2759 tibi.
519 2727 559 2758 In
576 2727 669 2759 nullo
685 2728 772 2759 libro
783 2729 911 2768 scripto
928 2733 979 2759 est
994 2728 1098 2759 dictio
1114 2729 1168 2766 i‹l;
1194 2739 1260 2769 qua
1276 2728 1394 2759 demta
1411 2738 1526 2759 versus
1542 2733 1633 2758 stare

183 2778 248 2800 uon
270 2774 409 2810 potest:
435 2779 494 2802 nos
521 2770 724 2802 Bembinum
741 2781 931 2812 sequemur,
948 2771 982 2802 in
1003 2780 1069 2812 quo
1085 2778 1137 2803 est
1159 2773 1231 2812 qum
1247 2772 1288 2802 sit
1312 2775 1341 2803 et
1364 2771 1445 2802 idem
1461 2770 1539 2801 tibi:
1566 2780 1637 2801 ver·

182 2821 331 2854 sumque
349 2818 575 2845 sustentamus
597 2814 817 2855 producendo
842 2814 1024 2847 dictionem
1048 2818 1088 2846 et.
1134 2815 1192 2847 Fa.
1238 2814 1357 2846 Nostri
1376 2814 1538 2853 universi,
1563 2814 1636 2854 quin
