1966 3302
312 167 400 210 874
814 180 854 210 P.
885 179 1129 210 TERENTH
1162 179 1280 211 Arm

315 289 403 330 LA.
425 287 548 338 Quid
572 288 653 338 vis,
677 287 945 341 Pamphile?
1007 288 1134 329 PAM.
1158 288 1279 330 Hinc
1302 287 1423 330 abire
1443 293 1658 333 matrem?
1688 292 1768 334 mi-

490 370 637 397 nume.
697 356 783 397 LA.
817 355 941 406 Quid
962 356 1026 397 ita
1045 356 1161 397 istuc
1182 357 1251 398 vis
1265 358 1284 397 C?

315 426 444 468 PAM.
477 425 597 475 Quia
617 424 672 465 de
693 438 831 466 uxore
852 425 1046 466 incertus
1076 438 1171 466 sum
1202 426 1349 478 etiam,
1372 426 1480 481 quid
1513 427 1595 468 sim
1628 427 1770 470 factu-

485 506 572 533 rus.
632 493 720 533 LA.
753 492 875 543 Quid
896 494 997 534 est?

317 560 438 613 Quid
459 561 529 603 Vis
550 561 712 611 facere,
733 562 820 602 nisi
840 561 1084 604 reducere?
1145 563 1272 604 PAM.
1304 561 1520 617 Equidem
1543 563 1704 617 cupi03
1726 568 1772 605 et

491 630 571 672 vix
592 629 847 683 contineor3

317 698 406 741 Sed
437 710 523 739 non
554 698 748 739 minuam
782 710 927 739 meum
961 697 1216 740 consilium:
1248 711 1306 740 ex
1337 710 1421 740 usu
1455 698 1576 753 quod
1610 703 1693 751 est,
1725 699 1770 741 id

490 779 742 820 persequar.
1715 768 1772 809 10

317 835 462 878 Credo
483 848 535 876 ea
555 835 696 889 gratia
716 833 962 876 concordes
982 834 1137 888 magis,
1160 834 1199 876 si
1220 847 1311 876 non
1332 834 1559 887 reducam,
1579 835 1685 877 fore.

318 992 466 1022 exequar.
489 983 554 1014 ΡΑ.
568 983 679 1014 Pater.
703 982 766 1013 LA.
782 981 867 1018 Quid
875 982 934 1018 vis,
949 980 1131 1022 Pamphile?
1153 981 1220 1013 ΡΑ.
1241 981 1364 1013 Ηίησηε
1375 991 1430 1013 rus
1440 985 1571 1013 matrem
1581 982 1666 1014 abire
1676 981 1754 1013 sinis
1768 983 1780 1011 .⁹

315 1025 441 1058 minime
451 1025 589 1067 hoc-fiat.
613 1026 677 1057 LA.
696 1026 781 1061 Quid
789 1026 837 1056 itu
847 1025 934 1056 istud
943 1025 1014 1056 vis?
1029 1028 1160 1056 matrem
1169 1024 1287 1056 scilicet
1299 1035 1353 1056 rus
1365 1035 1423 1056 non
1434 1025 1492 1057 ire.
1524 1026 1592 1057 PA.
1611 1026 1695 1061 Quia
1707 1025 1774 1055 ani·

317 1068 359 1098 mi
367 1071 482 1108 pendeo
493 1069 604 1100 dubius
616 1069 722 1104 etiam,
734 1069 807 1109 quid
820 1078 917 1099 uxore
928 1078 996 1099 mea
1007 1067 1253 1105 debeamsacere.
1276 1068 1341 1098 LA.
1359 1068 1444 1104 Quid
1460 1067 1530 1101 est?
1545 1068 1619 1109 quid
1632 1068 1775 1106 aliudsa-

317 1121 385 1142 cere
397 1112 456 1151 vis,
465 1112 527 1142 nisi
536 1122 602 1143 eam
615 1113 696 1152 apud
706 1115 735 1143 te
747 1111 902 1151 recipcre?
933 1112 1000 1142 PA.
1021 1111 1165 1149 Profecto
1173 1111 1260 1150 cupio
1270 1121 1337 1142 eam
1345 1111 1491 1152 recipere,
1504 1115 1536 1142 et
1545 1111 1600 1142 vix
1609 1110 1686 1142 mihi
1698 1113 1774 1141 tem-

313 1164 401 1193 pero,
417 1156 490 1196 quin
505 1155 561 1185 hoc
568 1154 700 1194 sudam,
715 1156 770 1186 sed
782 1154 863 1186 nihil
876 1154 1042 1195 quidquam
1055 1156 1093 1185 de
1107 1154 1235 1186 consilio
1247 1164 1312 1185 meo
1326 1154 1450 1185 mutabo
1461 1165 1473 1191 ,·
1495 1154 1528 1185 id
1543 1156 1622 1195 quod
1636 1153 1775 1194 empedit,

315 1201 346 1228 ec
362 1197 439 1229 utile
461 1201 520 1237 est,
544 1201 580 1228 ut
601 1199 678 1238 coepi
693 1207 813 1238 sequar.
857 1198 958 1229 Credo
983 1207 1034 1228 eas
1056 1197 1141 1228 inter
1164 1207 1211 1237 se,
1232 1200 1375 1232 matrem,
1390 1201 1422 1228 et
1435 1207 1575 1236 uxorem,
1589 1197 1690 1236 magis
1705 1206 1776 1227 con-

314 1250 458 1272 sensurus
473 1251 547 1281 esse,
559 1241 587 1272 si
603 1241 820 1273 Philumenam
834 1250 962 1272 uxorem
975 1250 1034 1271 non
1046 1240 1204 1281 recipiam.
1247 1241 1310 1272 LA.
1334 1240 1467 1271 Nescius
1480 1244 1585 1272 utrum
1596 1243 1776 1272 eventurum

926 1347 1167 1360 eeeeeeeeee

316 1426 434 1466 itaque
460 1429 494 1456 et
518 1424 723 1455 sententiam
750 1423 975 1456 obscurarunt
992 1427 1028 1455 et
1054 1426 1278 1456 metrum.—7
1302 1424 1388 1455 Istuc
1409 1423 1456 1454 ita
1472 1423 1538 1455 Ms.
1554 1433 1652 1456 unus.
1675 1425 1775 1457 Boecl.

317 1472 381 1499 —S
408 1468 492 1504 Quia
509 1468 540 1498 ia
556 1472 601 1499 est
624 1468 727 1499 Both.
746 1467 925 1500 tacite—9
946 1467 1011 1499 Vix
1033 1467 1204 1507 contineor]
1220 1468 1276 1498 Tr.
1292 1472 1328 1498 et
1346 1467 1393 1498 M.
1421 1467 1485 1498 Vix
1499 1467 1650 1498 contineo.
1674 1468 1775 1500 Quod

318 1512 488 1552 Guyetus,
512 1512 706 1550 Erasmum,
725 1510 902 1550 Fae'rnum‚
919 1515 955 1542 et
971 1511 1145 1542 Muretum
1162 1515 1339 1551 sequutus,
1354 1509 1521 1547 defendit,
1545 1515 1649 1550 atque
1670 1510 1777 1542 inter-

318 1560 489 1595 pretatur,
513 1556 522 1571 ‘
538 1553 671 1594 Cupio‚’
693 1553 766 1585 sub.
783 1563 852 1585 rem
871 1554 1017 1594 aperire,
1046 1553 1068 1585 i.
1084 1563 1114 1584 e.
1142 1558 1276 1593 partum
1300 1553 1525 1590 Philumenae,
1550 1554 1559 1570 ‘
1576 1558 1611 1584 et
1627 1554 1683 1584 vix
1699 1564 1778 1585 con-

318 1596 433 1637 tiue0,'
458 1597 530 1628 sub.
548 1607 614 1628 me.
660 1597 847 1628 Existimat
872 1607 987 1637 porro,
1011 1596 1241 1636 Pamphilum,
1266 1596 1346 1637 quid
1371 1596 1608 1637 responderet,
1632 1606 1696 1627 non
1718 1597 1777 1628 ha·

318 1641 468 1676 bentem,
494 1640 534 1671 ad
554 1645 770 1681 spectatores
785 1650 820 1671 se
836 1640 1056 1679 convertisse,
1078 1644 1114 1671 et
1129 1640 1201 1670 baec
1219 1639 1381 1670 submisse
1400 1639 1649 1679 pronuntiasse,
1674 1639 1723 1671 ita
1739 1646 1779 1672 ut

319 1689 419 1724 pater
436 1693 500 1713 non
518 1682 709 1714 exaudiret.
752 1683 787 1714 Si
807 1692 886 1714 vero
903 1693 980 1713 cum
998 1683 1133 1714 Donato
1158 1683 1270 1723 legas,
1296 1682 1477 1721 Contineor,
1499 1682 1693 1714 servabitur
1717 1694 1779 1723 χα-

318 1726 434 1766 ρακτὴρ
462 1726 646 1766 Pamphili,
669 1725 882 1766 deperientis
907 1726 1157 1763 Philumenam,
1181 1725 1241 1756 sed
1267 1725 1385 1756 vitium
1404 1725 1435 1756 ei
1456 1725 1606 1756 oblatum
1624 1725 1671 1756 ita
1687 1736 1778 1767 aegre

316 1769 477 1807 ferentis,
502 1774 538 1800 ut
555 1779 648 1800 amor
666 1769 844 1811 pudorque
867 1769 1015 1802 animum
1038 1769 1112 1809 ejus
1131 1768 1302 1800 diversum
1319 1769 1465 1799 trahant.
1512 1768 1578 1798 Sed
1596 1773 1630 1798 et
1647 1769 1695 1799 ita
1709 1779 1778 1800 me-

318 1813 384 1843 lius
402 1816 512 1844 totum
540 1811 712 1850 Pamphili
738 1822 936 1852 responsum
959 1811 1169 1850 cohaerebit;
1193 1820 1302 1852 neque
1319 1811 1402 1842 alias
1419 1821 1472 1841 res
1487 1820 1590 1851 agere
1607 1811 1779 1844 videbitur

320 1856 353 1886 in
373 1866 406 1886 re
424 1858 523 1886 seria.
569 1855 659 1886 Vide
676 1864 778 1896 supra
792 1864 849 1886 ιιι.
865 1858 896 1886 5.
912 1858 965 1886 38.
998 1855 1153 1885 Donatus
1168 1855 1295 1893 optime
1323 1854 1499 1894 explicuit.
1538 1854 1648 1885 Plaut.
1674 1854 1777 1896 Capt.

318 1908 375 1930 111.
398 1902 429 1930 4.
458 1902 510 1929 60.
535 1898 739 1929 ‘Enimvero
760 1899 831 1938 jam
855 1907 987 1937 nequeo
1014 1897 1206 1929 contineri!
1252 1897 1339 1928 Rud.
1365 1906 1416 1929 ιν.
1432 1899 1463 1928 4.
1480 1899 1553 1928 128.
1576 1897 1779 1937 ‘contineri‚

319 1943 399 1983 quin
424 1941 649 1981 complectar,
671 1950 737 1972 uon
763 1941 871 1982 queo?
905 1941 998 1972 West.
1045 1940 1245 1980 Complures
1269 1939 1346 1970 libri
1374 1945 1409 1970 et
1436 1939 1467 1969 in
1491 1939 1531 1969 iis
1556 1940 1780 1981 antiquissimi

315 1985 482 2016 contineor.
512 1985 567 2015 Fa.
615 1984 735 2015 Nostri
752 1984 856 2015 etiam
879 1984 1046 2014 contineor.
1070 1983 1173 2014 Bent.
1232 1983 1381 2013 Contineo
1405 1992 1490 2013 uuus
1512 1982 1578 2012 Ms.
1600 1983 1778 2015 alteri-etz·-

319 2038 406 2059 neor.
431 2027 539 2059 Boecl.
572 2027 730 2058 contineor
756 2026 1019 2066 praeferendum.
1053 2026 1096 2056 R.
1122 2026 1166 2057 D.
1218 2026 1369 2056 Contineo
1395 2025 1477 2056 EM.
1514 2025 1671 2057 ET.—10
1705 2027 1780 2059 Non

318 2072 521 2102 comminuam
537 2070 596 2100 Br.
614 2079 692 2100 mox
710 2070 810 2101 Both.
826 2080 864 2100 ecc
880 2079 936 2100 usa
947 2070 1026 2109 quod
1040 2069 1083 2099 mi
1100 2073 1156 2104 est,
1172 2070 1436 2108 persequar.——ll
1454 2067 1566 2107 IlIagis
1581 2070 1780 2105 agnoscitur

320 2124 340 2145 a
355 2115 409 2144 Tr.
426 2119 462 2144 et
482 2114 529 2144 M.
553 2118 589 2144 et
615 2113 762 2151 Donato,
787 2117 822 2144 et
839 2112 917 2144 edd.
932 2111 1169 2143 vetustissimis
1186 2117 1221 2142 et
1236 2111 1493 2152 probatissimis.
1540 2111 1579 2143 In
1598 2112 1683 2143 Mss.
1702 2113 1779 2144 Lei-

319 2156 483 2187 densihus
500 2156 631 2186 duobus
648 2164 752 2194 supra
767 2155 947 2196 scriptum.
993 2155 1125 2194 Religio
1145 2155 1249 2194 igitur
1275 2154 1339 2185 fuit
1363 2155 1522 2185 omittere
1547 2164 1622 2185 cum
1639 2156 1779 2196 nuperis

319 2199 520 2240 quibusdam
536 2198 736 2238 editoribus,
760 2198 1002 2230 auctoritatem
1019 2198 1138 2229 Faerni
1157 2202 1192 2229 et
1208 2197 1309 2227 Parei
1327 2197 1491 2238 sequutis.
1537 2197 1727 2230 Glareanus
1744 2203 1781 2230 et

319 2243 481 2273 Muretus
498 2242 599 2272 aliter
615 2241 775 2273 ordinant
788 2241 904 2272 verba.
921 2241 978 2272 ille
995 2241 1067 2272 ita:
1094 2241 1144 2271 Ea
1167 2241 1255 2271 credo
1277 2240 1384 2279 gratia
1408 2242 1581 2279 concordes,
1603 2241 1632 2271 si
1654 2251 1714 2273 non
1730 2252 1779 2273 re—

319 2287 442 2323 ducam,
465 2284 567 2324 magis
586 2284 670 2323 fore.
716 2284 806 2316 Hic:
833 2285 945 2321 Credo,
969 2283 997 2314 si
1019 2294 1080 2315 non
1105 2284 1281 2322 redducam,
1304 2292 1339 2313 ea
1363 2283 1479 2322 gralia
1497 2284 1658 2314 concordes
1678 2285 1781 2324 magis

312 2328 396 2366 fore.
430 2327 488 2358 sed
506 2334 539 2358 et
559 2327 709 2358 Faernus
729 2327 907 2358 Reddat-am
923 2327 1019 2367 legit,
1041 2327 1083 2358 ob
1101 2330 1243 2357 metrum
1267 2326 1408 2356 scilicet.
1436 2325 1536 2357 IVest.
1583 2326 1786 2359 Quamlibet

321 2372 412 2403 Don.
429 2370 528 2401 aliter
541 2370 645 2410 legat,
662 2380 703 2400 ex
719 2370 799 2401 Vat.
815 2376 852 2401 et
865 2370 946 2401 Bas.
964 2379 1148 2410 versusque
1165 2369 1309 2407 ratione,
1331 2369 1483 2399 delemus
1500 2367 1699 2400 adverbium
1714 2380 1779 2402 ma-

317 2415 395 2453 gis;
419 2413 509 2454 quod
531 2413 636 2444 etiam
659 2413 694 2444 in
709 2412 799 2444 Vict.
826 2412 1014 2452 reperimus
1041 2415 1273 2452 expunctum:
1300 2413 1445 2442 reducam
1472 2420 1553 2442 vero
1579 2421 1641 2452 per
1669 2412 1734 2444 duo
1759 2414 1781 2444 d

322 2457 502 2487 scribimus
516 2465 559 2487 ex
577 2456 674 2488 Beni.
700 2456 761 2487 Fa.
809 2456 908 2486 Credo
924 2465 959 2486 ea
978 2456 1089 2494 gratia
1103 2456 1275 2491 concordes,
1298 2455 1399 2485 sinon
1414 2454 1679 2494 redducam,sorc.
1722 2456 1779 2497 Sic

322 2509 342 2530 a
358 2499 507 2530 Faeruoz
532 2498 591 2529 sed
607 2499 780 2529 sententia
796 2497 921 2529 stolida
936 2504 1001 2536 est,
1026 2504 1059 2528 et
1086 2498 1202 2536 miror,
1228 2498 1283 2537 qni
1310 2498 1447 2528 Donato
1464 2502 1500 2528 et
1516 2497 1588 2527 aliis
1604 2497 1779 2538 imponere

323 2542 487 2581 potuerit.
533 2543 707 2572 Concordes
721 2541 808 2580 sore,
828 2541 855 2571 si
875 2551 934 2571 non
949 2542 1103 2573 reducam,
1149 2541 1268 2572 Qualis
1288 2550 1402 2580 (iiiaeso
1417 2540 1483 2570 ista
1503 2539 1698 2572 Concordia?
1722 2542 1780 2572 ubi

323 2585 427 2614 desiit
443 2584 656 2614 familiaritas
674 2588 709 2614 et
726 2585 797 2623 ipsa
812 2584 944 2615 notitia.
989 2584 1109 2616 Qualis
1127 2593 1227 2623 porro
1252 2583 1410 2613 Lachetis
1427 2583 1614 2622 responsio,
1630 2583 1782 2615 Nescius?

325 2627 416 2659 Quid
433 2627 548 2657 nesciat
563 2626 763 2666 Pamphilus
777 2627 788 2657 ?
812 2636 934 2666 nempe
953 2628 1127 2657 Concordes
1134 2626 1220 2664 fore,
1234 2626 1261 2656 si
1275 2636 1336 2656 non
1352 2626 1490 2656 reducat.
1526 2625 1648 2665 Pergit
1665 2631 1779 2658 tamen

325 2669 469 2708 Laches,
487 2669 553 2699 Tua
567 2669 612 2700 nil
627 2669 735 2708 refert,
757 2679 825 2700 cum
851 2670 915 2700 hoec
939 2669 1051 2700 aberit.
1098 2669 1168 2700 Cur
1186 2678 1265 2700 vero
1280 2668 1347 2699 hoec
1360 2667 1441 2698 absit
1458 2667 1510 2698 vel
1527 2677 1583 2698 rus
1599 2669 1781 2710 concedat,

325 2712 352 2742 si
370 2722 404 2742 ea
426 2722 483 2742 non
501 2710 683 2742 reducitur?
708 2714 829 2743 Nonne
855 2712 930 2743 lime
953 2712 1112 2743 Lachetis
1128 2712 1221 2742 clare
1246 2711 1409 2749 indicant,
1431 2710 1472 2740 de
1487 2711 1658 2742 reducenda
1673 2722 1780 2744 uxore

326 2755 475 2786 locutum
499 2763 572 2786 esse
594 2754 824 2795 Pamphilum,
847 2765 913 2786 non
938 2754 980 2786 de
1008 2765 1066 2786 non
1092 2755 1283 2786 reducenda?
1306 2755 1351 2786 Et
1376 2751 1536 2795 profecto
1560 2754 1608 2786 sic
1634 2763 1689 2787 res
1715 2760 1779 2787 est.
