<?xml version="1.0" encoding="UTF-8"?>
<!DOCTYPE html PUBLIC "-//W3C//DTD XHTML 1.0 Transitional//EN"
    "http://www.w3.org/TR/xhtml1/DTD/xhtml1-transitional.dtd">
<html xmlns="http://www.w3.org/1999/xhtml" xml:lang="en" lang="en">
 <head>
  <title>
</title>
<meta http-equiv="Content-Type" content="text/html;charset=utf-8" />
  <meta name='ocr-system' content='tesseract 3.04.00' />
  <meta name='ocr-capabilities' content='ocr_page ocr_carea ocr_par ocr_line ocrx_word'/>
</head>
<body>
  <div class='ocr_page' id='page_1' title='image "./pubterentiiafric02tereuoft/pubterentiiafric02tereuoft_0342.png"; bbox 0 0 1966 3302; ppageno 0'>
   <div class='ocr_carea' id='block_1_1' title="bbox 292 200 1257 243">
    <p class='ocr_par' dir='ltr' id='par_1_1' title="bbox 292 200 1257 243">
     <span class='ocr_line' id='line_1_1' title="bbox 292 200 1257 243; baseline -0.001 -1"><span class='ocrx_word' id='word_1_1' title='bbox 292 200 378 243; x_wconf 74' lang='lat'><strong>832</strong></span> <span class='ocrx_word' id='word_1_2' title='bbox 785 212 826 241; x_wconf 82' lang='lat' dir='ltr'><strong>P.</strong></span> <span class='ocrx_word' id='word_1_3' title='bbox 858 211 1103 241; x_wconf 71' lang='lat' dir='ltr'><strong>TEREN&#39;ru</strong></span> <span class='ocrx_word' id='word_1_4' title='bbox 1136 211 1257 242; x_wconf 78' lang='lat' dir='ltr'>AFRI</span> 
     </span>
    </p>
   </div>
   <div class='ocr_carea' id='block_1_2' title="bbox 292 304 1761 632">
    <p class='ocr_par' dir='ltr' id='par_1_2' title="bbox 292 304 1749 425">
     <span class='ocr_line' id='line_1_2' title="bbox 292 304 1749 361; baseline -0.001 -12"><span class='ocrx_word' id='word_1_5' title='bbox 292 307 433 349; x_wconf 86' lang='lat' dir='ltr'><strong>Omne</strong></span> <span class='ocrx_word' id='word_1_6' title='bbox 465 306 581 361; x_wconf 90' lang='lat' dir='ltr'><strong>quod</strong></span> <span class='ocrx_word' id='word_1_7' title='bbox 613 309 677 347; x_wconf 82' lang='lat' dir='ltr'><strong>est</strong></span> <span class='ocrx_word' id='word_1_8' title='bbox 708 305 877 346; x_wconf 80' lang='lat' dir='ltr'><strong>interca</strong></span> <span class='ocrx_word' id='word_1_9' title='bbox 907 308 1103 358; x_wconf 85' lang='lat' dir='ltr'><strong>tempus,</strong></span> <span class='ocrx_word' id='word_1_10' title='bbox 1138 305 1261 358; x_wconf 88' lang='lat' dir='ltr'><strong>prius</strong></span> <span class='ocrx_word' id='word_1_11' title='bbox 1292 318 1423 359; x_wconf 87' lang='lat' dir='ltr'><strong>quam</strong></span> <span class='ocrx_word' id='word_1_12' title='bbox 1460 304 1507 346; x_wconf 87' lang='lat' dir='ltr'><strong>id</strong></span> <span class='ocrx_word' id='word_1_13' title='bbox 1542 306 1749 348; x_wconf 81' lang='lat' dir='ltr'><strong>rescitum</strong></span> 
     </span>
     <span class='ocr_line' id='line_1_3' title="bbox 468 376 797 425; baseline -0.009 -9"><span class='ocrx_word' id='word_1_14' title='bbox 468 381 551 425; x_wconf 74' lang='lat' dir='ltr'><strong>est,</strong></span> <span class='ocrx_word' id='word_1_15' title='bbox 568 376 692 416; x_wconf 82' lang='lat' dir='ltr'><strong>lucro</strong></span> <span class='ocrx_word' id='word_1_16' title='bbox 715 378 797 414; x_wconf 88' lang='lat' dir='ltr'><strong>est.</strong></span> 
     </span>
    </p>

    <p class='ocr_par' dir='ltr' id='par_1_3' title="bbox 296 440 1758 495">
     <span class='ocr_line' id='line_1_4' title="bbox 296 440 1758 495; baseline -0.003 -8"><span class='ocrx_word' id='word_1_17' title='bbox 296 446 424 487; x_wconf 73' lang='lat' dir='ltr'>PAR.</span> <span class='ocrx_word' id='word_1_18' title='bbox 456 443 519 485; x_wconf 83' lang='lat' dir='ltr'><strong>At</strong></span> <span class='ocrx_word' id='word_1_19' title='bbox 539 444 606 484; x_wconf 86' lang='lat' dir='ltr'><strong>sic</strong></span> <span class='ocrx_word' id='word_1_20' title='bbox 623 442 770 493; x_wconf 86' lang='lat' dir='ltr'><strong>citius,</strong></span> <span class='ocrx_word' id='word_1_21' title='bbox 793 442 871 495; x_wconf 92' lang='lat' dir='ltr'><strong>qui</strong></span> <span class='ocrx_word' id='word_1_22' title='bbox 894 447 937 482; x_wconf 80' lang='lat' dir='ltr'><strong>te</strong></span> <span class='ocrx_word' id='word_1_23' title='bbox 959 440 1178 495; x_wconf 79' lang='lat' dir='ltr'>expedias</span> <span class='ocrx_word' id='word_1_24' title='bbox 1198 440 1267 480; x_wconf 80' lang='lat' dir='ltr'><strong>his</strong></span> <span class='ocrx_word' id='word_1_25' title='bbox 1289 440 1512 491; x_wconf 87' lang='lat' dir='ltr'><strong>aerumnis,</strong></span> <span class='ocrx_word' id='word_1_26' title='bbox 1540 442 1758 494; x_wconf 83' lang='lat' dir='ltr'><strong>reperias.</strong></span> 
     </span>
    </p>

    <p class='ocr_par' dir='ltr' id='par_1_4' title="bbox 296 507 1642 562">
     <span class='ocr_line' id='line_1_5' title="bbox 296 507 1642 562; baseline -0.004 -8"><span class='ocrx_word' id='word_1_27' title='bbox 296 513 345 554; x_wconf 91' lang='lat' dir='ltr'><strong>Si</strong></span> <span class='ocrx_word' id='word_1_28' title='bbox 363 526 448 554; x_wconf 88' lang='lat' dir='ltr'><strong>non</strong></span> <span class='ocrx_word' id='word_1_29' title='bbox 468 511 675 560; x_wconf 85' lang='lat' dir='ltr'><strong>redisses,</strong></span> <span class='ocrx_word' id='word_1_30' title='bbox 695 510 765 551; x_wconf 89' lang='lat' dir='ltr'><strong>hae</strong></span> <span class='ocrx_word' id='word_1_31' title='bbox 788 510 866 551; x_wconf 84' lang='lat' dir='ltr'><strong>irae</strong></span> <span class='ocrx_word' id='word_1_32' title='bbox 887 510 1021 550; x_wconf 88' lang='lat' dir='ltr'><strong>factae</strong></span> <span class='ocrx_word' id='word_1_33' title='bbox 1042 512 1193 549; x_wconf 89' lang='lat' dir='ltr'><strong>essent</strong></span> <span class='ocrx_word' id='word_1_34' title='bbox 1213 510 1350 550; x_wconf 85' lang='lat' dir='ltr'><strong>multo</strong></span> <span class='ocrx_word' id='word_1_35' title='bbox 1372 507 1611 562; x_wconf 86' lang='lat' dir='ltr'><strong>ampliores</strong></span> <span class='ocrx_word' id='word_1_36' title='bbox 1630 522 1642 561; x_wconf 91' lang='grc'><strong>;</strong></span> 
     </span>
    </p>

    <p class='ocr_par' dir='ltr' id='par_1_5' title="bbox 295 576 1761 632">
     <span class='ocr_line' id='line_1_6' title="bbox 295 576 1761 632; baseline -0.003 -9"><span class='ocrx_word' id='word_1_37' title='bbox 295 581 386 623; x_wconf 92' lang='lat' dir='ltr'><strong>Sed</strong></span> <span class='ocrx_word' id='word_1_38' title='bbox 414 593 528 622; x_wconf 91' lang='lat' dir='ltr'><strong>nunc</strong></span> <span class='ocrx_word' id='word_1_39' title='bbox 564 579 806 621; x_wconf 85' lang='lat' dir='ltr'><strong>adventum</strong></span> <span class='ocrx_word' id='word_1_40' title='bbox 843 583 964 620; x_wconf 89' lang='lat' dir='ltr'><strong>tuum</strong></span> <span class='ocrx_word' id='word_1_41' title='bbox 997 578 1172 628; x_wconf 89' lang='lat' dir='ltr'><strong>ambas,</strong></span> <span class='ocrx_word' id='word_1_42' title='bbox 1209 576 1464 632; x_wconf 83' lang='lat' dir='ltr'><strong>Pamphile,</strong></span> <span class='ocrx_word' id='word_1_43' title='bbox 1500 576 1598 618; x_wconf 88' lang='lat' dir='ltr'><strong>scio</strong></span> <span class='ocrx_word' id='word_1_44' title='bbox 1634 589 1761 619; x_wconf 82' lang='lat' dir='ltr'><strong>reve-</strong></span> 
     </span>
    </p>
   </div>
   <div class='ocr_carea' id='block_1_3' title="bbox 297 645 1762 964">
    <p class='ocr_par' dir='ltr' id='par_1_6' title="bbox 297 645 1762 964">
     <span class='ocr_line' id='line_1_7' title="bbox 469 645 1758 689; baseline -0.003 0"><span class='ocrx_word' id='word_1_45' title='bbox 469 649 649 689; x_wconf 83' lang='lat' dir='ltr'><strong>rituras.</strong></span> <span class='ocrx_word' id='word_1_46' title='bbox 1702 645 1758 686; x_wconf 88' lang='lat'><strong>10</strong></span> 
     </span>
     <span class='ocr_line' id='line_1_8' title="bbox 297 712 1762 770; baseline -0.003 -10"><span class='ocrx_word' id='word_1_47' title='bbox 297 718 415 760; x_wconf 85' lang='lat' dir='ltr'><strong>Rem</strong></span> <span class='ocrx_word' id='word_1_48' title='bbox 435 729 705 770; x_wconf 84' lang='lat' dir='ltr'><strong>cognosces3</strong></span> <span class='ocrx_word' id='word_1_49' title='bbox 737 715 846 756; x_wconf 84' lang='lat' dir='ltr'><strong>iram</strong></span> <span class='ocrx_word' id='word_1_50' title='bbox 879 714 1122 769; x_wconf 84' lang='lat' dir='ltr'><strong>expedies;</strong></span> <span class='ocrx_word' id='word_1_51' title='bbox 1153 726 1329 755; x_wconf 87' lang='lat' dir='ltr'><strong>rursum</strong></span> <span class='ocrx_word' id='word_1_52' title='bbox 1349 713 1397 755; x_wconf 90' lang='lat' dir='ltr'><strong>in</strong></span> <span class='ocrx_word' id='word_1_53' title='bbox 1417 712 1610 766; x_wconf 80' lang='lat' dir='ltr'>gratiam</span> <span class='ocrx_word' id='word_1_54' title='bbox 1632 713 1762 757; x_wconf 52' lang='lat' dir='ltr'><strong>resti⁶</strong></span> 
     </span>
     <span class='ocr_line' id='line_1_9' title="bbox 472 790 1727 828; baseline -0.006 0"><span class='ocrx_word' id='word_1_55' title='bbox 472 790 589 828; x_wconf 86' lang='lat' dir='ltr'><strong>tues.</strong></span> <span class='ocrx_word' id='word_1_56' title='bbox 1723 822 1727 825; x_wconf 67' lang='grc'><strong>,</strong></span> 
     </span>
     <span class='ocr_line' id='line_1_10' title="bbox 298 849 1761 906; baseline -0.004 -8"><span class='ocrx_word' id='word_1_57' title='bbox 298 856 439 898; x_wconf 85' lang='lat' dir='ltr'><strong>Levia</strong></span> <span class='ocrx_word' id='word_1_58' title='bbox 461 857 560 896; x_wconf 83' lang='lat' dir='ltr'><strong>sunt</strong></span> <span class='ocrx_word' id='word_1_59' title='bbox 578 854 689 903; x_wconf 84' lang='lat' dir='ltr'><strong>haec,</strong></span> <span class='ocrx_word' id='word_1_60' title='bbox 713 865 814 906; x_wconf 85' lang='lat' dir='ltr'><strong>quae</strong></span> <span class='ocrx_word' id='word_1_61' title='bbox 835 855 882 894; x_wconf 81' lang='lat' dir='ltr'><strong>tu</strong></span> <span class='ocrx_word' id='word_1_62' title='bbox 904 851 1138 906; x_wconf 79' lang='lat' dir='ltr'><strong>pergravia</strong></span> <span class='ocrx_word' id='word_1_63' title='bbox 1168 862 1270 892; x_wconf 91' lang='lat' dir='ltr'><strong>esse</strong></span> <span class='ocrx_word' id='word_1_64' title='bbox 1290 850 1334 891; x_wconf 90' lang='lat' dir='ltr'><strong>in</strong></span> <span class='ocrx_word' id='word_1_65' title='bbox 1355 849 1549 891; x_wconf 89' lang='lat' dir='ltr'><strong>animum</strong></span> <span class='ocrx_word' id='word_1_66' title='bbox 1579 850 1761 893; x_wconf 82' lang='lat' dir='ltr'><strong>induxti</strong></span> 
     </span>
     <span class='ocr_line' id='line_1_11' title="bbox 470 928 611 964; baseline -0.028 0"><span class='ocrx_word' id='word_1_67' title='bbox 470 928 611 964; x_wconf 86' lang='lat' dir='ltr'><strong>tuum.</strong></span> 
     </span>
    </p>
   </div>
   <div class='ocr_carea' id='block_1_4' title="bbox 299 986 1764 1237">
    <p class='ocr_par' dir='ltr' id='par_1_7' title="bbox 299 986 1762 1111">
     <span class='ocr_line' id='line_1_12' title="bbox 299 986 1762 1042; baseline -0.004 -8"><span class='ocrx_word' id='word_1_68' title='bbox 299 993 427 1034; x_wconf 87' lang='lat' dir='ltr'>PAM.</span> <span class='ocrx_word' id='word_1_69' title='bbox 461 990 583 1042; x_wconf 82' lang='lat' dir='ltr'><strong>Quid</strong></span> <span class='ocrx_word' id='word_1_70' title='bbox 613 988 839 1031; x_wconf 84' lang='lat' dir='ltr'><strong>consolare</strong></span> <span class='ocrx_word' id='word_1_71' title='bbox 868 988 969 1029; x_wconf 62' lang='lat' dir='ltr'><strong>me?</strong></span> <span class='ocrx_word' id='word_1_72' title='bbox 1002 1000 1060 1028; x_wconf 90' lang='lat' dir='ltr'><strong>an</strong></span> <span class='ocrx_word' id='word_1_73' title='bbox 1081 986 1319 1042; x_wconf 88' lang='lat' dir='ltr'><strong>quisquam</strong></span> <span class='ocrx_word' id='word_1_74' title='bbox 1348 997 1540 1040; x_wconf 84' lang='lat' dir='ltr'><strong>usquam</strong></span> <span class='ocrx_word' id='word_1_75' title='bbox 1569 986 1762 1040; x_wconf 88' lang='lat' dir='ltr'><strong>gentium</strong></span> 
     </span>
     <span class='ocr_line' id='line_1_13' title="bbox 473 1056 872 1111; baseline -0.013 -11"><span class='ocrx_word' id='word_1_76' title='bbox 473 1063 542 1101; x_wconf 86' lang='lat' dir='ltr'><strong>est</strong></span> <span class='ocrx_word' id='word_1_77' title='bbox 563 1070 688 1111; x_wconf 85' lang='lat' dir='ltr'><strong>aeque</strong></span> <span class='ocrx_word' id='word_1_78' title='bbox 709 1056 872 1097; x_wconf 69' lang='lat' dir='ltr'><strong>miser?</strong></span> 
     </span>
    </p>

    <p class='ocr_par' dir='ltr' id='par_1_8' title="bbox 300 1120 1764 1237">
     <span class='ocr_line' id='line_1_14' title="bbox 300 1120 1764 1182; baseline -0.006 -11"><span class='ocrx_word' id='word_1_79' title='bbox 300 1129 431 1171; x_wconf 90' lang='lat' dir='ltr'><strong>Prius</strong></span> <span class='ocrx_word' id='word_1_80' title='bbox 445 1140 574 1182; x_wconf 88' lang='lat' dir='ltr'><strong>quam</strong></span> <span class='ocrx_word' id='word_1_81' title='bbox 592 1126 707 1167; x_wconf 85' lang='lat' dir='ltr'><strong>hanc</strong></span> <span class='ocrx_word' id='word_1_82' title='bbox 727 1138 912 1167; x_wconf 85' lang='lat' dir='ltr'><strong>uxorem</strong></span> <span class='ocrx_word' id='word_1_83' title='bbox 928 1124 1051 1175; x_wconf 79' lang='lat' dir='ltr'><strong>duxi,</strong></span> <span class='ocrx_word' id='word_1_84' title='bbox 1065 1124 1280 1166; x_wconf 83' lang='lat' dir='ltr'><strong>habebam</strong></span> <span class='ocrx_word' id='word_1_85' title='bbox 1294 1121 1403 1164; x_wconf 88' lang='lat' dir='ltr'><strong>alibi</strong></span> <span class='ocrx_word' id='word_1_86' title='bbox 1416 1120 1609 1163; x_wconf 85' lang='lat' dir='ltr'><strong>animum</strong></span> <span class='ocrx_word' id='word_1_87' title='bbox 1622 1121 1764 1164; x_wconf 86' lang='lat' dir='ltr'><strong>amori</strong></span> 
     </span>
     <span class='ocr_line' id='line_1_15' title="bbox 473 1196 693 1237; baseline -0.009 0"><span class='ocrx_word' id='word_1_88' title='bbox 473 1196 693 1237; x_wconf 88' lang='lat' dir='ltr'><strong>deditum:</strong></span> 
     </span>
    </p>
   </div>
   <div class='ocr_carea' id='block_1_5' title="bbox 299 1310 1768 1704">
    <p class='ocr_par' dir='ltr' id='par_1_9' title="bbox 299 1310 1768 1704">
     <span class='ocr_line' id='line_1_16' title="bbox 300 1310 1766 1356; baseline -0.004 -7"><span class='ocrx_word' id='word_1_89' title='bbox 300 1317 478 1356; x_wconf 78' lang='lat' dir='ltr'><strong>intercedit,</strong></span> <span class='ocrx_word' id='word_1_90' title='bbox 500 1317 595 1347; x_wconf 82' lang='lat' dir='ltr'><strong>donec</strong></span> <span class='ocrx_word' id='word_1_91' title='bbox 619 1315 653 1345; x_wconf 84' lang='lat' dir='ltr'><strong>id</strong></span> <span class='ocrx_word' id='word_1_92' title='bbox 678 1323 905 1353; x_wconf 79' lang='lat' dir='ltr'><strong>cognoscamus,</strong></span> <span class='ocrx_word' id='word_1_93' title='bbox 928 1313 961 1343; x_wconf 83' lang='lat' dir='ltr'><strong>in</strong></span> <span class='ocrx_word' id='word_1_94' title='bbox 988 1312 1073 1342; x_wconf 80' lang='lat' dir='ltr'><strong>lucro</strong></span> <span class='ocrx_word' id='word_1_95' title='bbox 1098 1312 1251 1352; x_wconf 78' lang='lat' dir='ltr'><strong>ponimus.</strong></span> <span class='ocrx_word' id='word_1_96' title='bbox 1297 1311 1391 1342; x_wconf 77' lang='lat' dir='ltr'>PAR.</span> <span class='ocrx_word' id='word_1_97' title='bbox 1414 1310 1462 1343; x_wconf 82' lang='lat' dir='ltr'><strong>At</strong></span> <span class='ocrx_word' id='word_1_98' title='bbox 1486 1311 1543 1342; x_wconf 82' lang='lat' dir='ltr'><strong>hoc</strong></span> <span class='ocrx_word' id='word_1_99' title='bbox 1566 1311 1669 1351; x_wconf 78' lang='lat' dir='ltr'><strong>modo,</strong></span> <span class='ocrx_word' id='word_1_100' title='bbox 1691 1311 1766 1352; x_wconf 80' lang='lat' dir='ltr'><strong>quia</strong></span> 
     </span>
     <span class='ocr_line' id='line_1_17' title="bbox 299 1354 1765 1400; baseline -0.005 -8"><span class='ocrx_word' id='word_1_101' title='bbox 299 1361 435 1400; x_wconf 80' lang='lat' dir='ltr'><strong>rediisti,</strong></span> <span class='ocrx_word' id='word_1_102' title='bbox 456 1360 549 1391; x_wconf 82' lang='lat' dir='ltr'><strong>citius</strong></span> <span class='ocrx_word' id='word_1_103' title='bbox 566 1362 594 1389; x_wconf 87' lang='lat' dir='ltr'><strong>te</strong></span> <span class='ocrx_word' id='word_1_104' title='bbox 610 1358 658 1389; x_wconf 84' lang='lat' dir='ltr'><strong>his</strong></span> <span class='ocrx_word' id='word_1_105' title='bbox 679 1357 908 1388; x_wconf 79' lang='lat' dir='ltr'><strong>calamitatibus</strong></span> <span class='ocrx_word' id='word_1_106' title='bbox 929 1355 1062 1386; x_wconf 85' lang='lat' dir='ltr'><strong>liberare</strong></span> <span class='ocrx_word' id='word_1_107' title='bbox 1082 1359 1182 1395; x_wconf 82' lang='lat' dir='ltr'><strong>potes.</strong></span> <span class='ocrx_word' id='word_1_108' title='bbox 1226 1354 1263 1386; x_wconf 81' lang='lat' dir='ltr'><strong>Si</strong></span> <span class='ocrx_word' id='word_1_109' title='bbox 1288 1355 1411 1386; x_wconf 83' lang='lat' dir='ltr'><strong>tardius</strong></span> <span class='ocrx_word' id='word_1_110' title='bbox 1429 1363 1570 1385; x_wconf 79' lang='lat' dir='ltr'><strong>reversus</strong></span> <span class='ocrx_word' id='word_1_111' title='bbox 1593 1364 1696 1392; x_wconf 81' lang='lat' dir='ltr'><strong>esses‚·</strong></span> <span class='ocrx_word' id='word_1_112' title='bbox 1716 1355 1765 1385; x_wconf 81' lang='lat' dir='ltr'><strong>hoe</strong></span> 
     </span>
     <span class='ocr_line' id='line_1_18' title="bbox 300 1396 1765 1445; baseline -0.005 -9"><span class='ocrx_word' id='word_1_113' title='bbox 300 1407 370 1445; x_wconf 83' lang='lat' dir='ltr'><strong>iroe,</strong></span> <span class='ocrx_word' id='word_1_114' title='bbox 394 1414 462 1444; x_wconf 82' lang='lat' dir='ltr'><strong>qaae</strong></span> <span class='ocrx_word' id='word_1_115' title='bbox 477 1405 551 1433; x_wconf 84' lang='lat' dir='ltr'><strong>sant</strong></span> <span class='ocrx_word' id='word_1_116' title='bbox 564 1402 648 1432; x_wconf 80' lang='lat' dir='ltr'><strong>inter</strong></span> <span class='ocrx_word' id='word_1_117' title='bbox 671 1404 803 1432; x_wconf 83' lang='lat' dir='ltr'><strong>matrem</strong></span> <span class='ocrx_word' id='word_1_118' title='bbox 825 1404 855 1431; x_wconf 82' lang='lat' dir='ltr'><strong>et</strong></span> <span class='ocrx_word' id='word_1_119' title='bbox 880 1409 1010 1431; x_wconf 76' lang='lat' dir='ltr'><strong>uxorem</strong></span> <span class='ocrx_word' id='word_1_120' title='bbox 1031 1402 1130 1437; x_wconf 81' lang='lat' dir='ltr'><strong>tuam,</strong></span> <span class='ocrx_word' id='word_1_121' title='bbox 1154 1398 1362 1430; x_wconf 76' lang='lat' dir='ltr'><strong>vehementius</strong></span> <span class='ocrx_word' id='word_1_122' title='bbox 1387 1397 1591 1436; x_wconf 76' lang='lat' dir='ltr'><strong>exarsissent,</strong></span> <span class='ocrx_word' id='word_1_123' title='bbox 1614 1400 1645 1428; x_wconf 77' lang='lat' dir='ltr'><strong>et</strong></span> <span class='ocrx_word' id='word_1_124' title='bbox 1663 1396 1765 1435; x_wconf 80' lang='lat' dir='ltr'><strong>factae</strong></span> 
     </span>
     <span class='ocr_line' id='line_1_19' title="bbox 300 1440 1766 1485; baseline -0.005 -6"><span class='ocrx_word' id='word_1_125' title='bbox 300 1451 400 1480; x_wconf 79' lang='lat' dir='ltr'><strong>essent</strong></span> <span class='ocrx_word' id='word_1_126' title='bbox 415 1447 511 1477; x_wconf 84' lang='lat' dir='ltr'><strong>mallo</strong></span> <span class='ocrx_word' id='word_1_127' title='bbox 523 1445 702 1485; x_wconf 77' lang='lat' dir='ltr'><strong>graviores.-</strong></span> <span class='ocrx_word' id='word_1_128' title='bbox 726 1446 777 1474; x_wconf 81' lang='lat' dir='ltr'><strong>sed</strong></span> <span class='ocrx_word' id='word_1_129' title='bbox 791 1452 872 1474; x_wconf 82' lang='lat' dir='ltr'><strong>nunc</strong></span> <span class='ocrx_word' id='word_1_130' title='bbox 886 1443 949 1473; x_wconf 81' lang='lat' dir='ltr'><strong>scio</strong></span> <span class='ocrx_word' id='word_1_131' title='bbox 965 1441 1069 1472; x_wconf 82' lang='lat' dir='ltr'><strong>ambas</strong></span> <span class='ocrx_word' id='word_1_132' title='bbox 1084 1441 1205 1472; x_wconf 84' lang='lat' dir='ltr'><strong>reditus</strong></span> <span class='ocrx_word' id='word_1_133' title='bbox 1221 1442 1268 1472; x_wconf 81' lang='lat' dir='ltr'><strong>tui</strong></span> <span class='ocrx_word' id='word_1_134' title='bbox 1283 1445 1456 1482; x_wconf 80' lang='lat' dir='ltr'><strong>respectum</strong></span> <span class='ocrx_word' id='word_1_135' title='bbox 1470 1440 1647 1480; x_wconf 72' lang='lat' dir='ltr'><strong>habituras,</strong></span> <span class='ocrx_word' id='word_1_136' title='bbox 1666 1442 1714 1472; x_wconf 81' lang='lat' dir='ltr'><strong>ita</strong></span> <span class='ocrx_word' id='word_1_137' title='bbox 1728 1443 1766 1472; x_wconf 72' lang='lat' dir='ltr'><strong>ut</strong></span> 
     </span>
     <span class='ocr_line' id='line_1_20' title="bbox 299 1484 1767 1525; baseline -0.005 -3"><span class='ocrx_word' id='word_1_138' title='bbox 299 1493 400 1522; x_wconf 81' lang='lat' dir='ltr'><strong>altera</strong></span> <span class='ocrx_word' id='word_1_139' title='bbox 415 1492 546 1522; x_wconf 82' lang='lat' dir='ltr'><strong>alteram</strong></span> <span class='ocrx_word' id='word_1_140' title='bbox 571 1497 713 1519; x_wconf 83' lang='lat' dir='ltr'><strong>accusare</strong></span> <span class='ocrx_word' id='word_1_141' title='bbox 738 1490 892 1518; x_wconf 78' lang='lat' dir='ltr'><strong>vereatur.</strong></span> <span class='ocrx_word' id='word_1_142' title='bbox 937 1486 989 1516; x_wconf 91' lang='lat' dir='ltr'><strong>De</strong></span> <span class='ocrx_word' id='word_1_143' title='bbox 1011 1485 1221 1515; x_wconf 78' lang='lat' dir='ltr'><strong>controversia</strong></span> <span class='ocrx_word' id='word_1_144' title='bbox 1245 1493 1418 1525; x_wconf 82' lang='lat' dir='ltr'><strong>cognosces,</strong></span> <span class='ocrx_word' id='word_1_145' title='bbox 1439 1484 1638 1515; x_wconf 79' lang='lat' dir='ltr'><strong>iracundiam</strong></span> <span class='ocrx_word' id='word_1_146' title='bbox 1660 1493 1767 1515; x_wconf 78' lang='lat' dir='ltr'><strong>earum</strong></span> 
     </span>
     <span class='ocr_line' id='line_1_21' title="bbox 299 1527 1767 1573; baseline -0.005 -7"><span class='ocrx_word' id='word_1_147' title='bbox 299 1535 433 1573; x_wconf 79' lang='lat' dir='ltr'><strong>sedabis,</strong></span> <span class='ocrx_word' id='word_1_148' title='bbox 449 1542 558 1564; x_wconf 83' lang='lat' dir='ltr'><strong>rursus</strong></span> <span class='ocrx_word' id='word_1_149' title='bbox 573 1532 716 1571; x_wconf 78' lang='lat' dir='ltr'><strong>gratiam</strong></span> <span class='ocrx_word' id='word_1_150' title='bbox 731 1530 814 1561; x_wconf 80' lang='lat' dir='ltr'><strong>inter</strong></span> <span class='ocrx_word' id='word_1_151' title='bbox 829 1539 880 1561; x_wconf 88' lang='lat' dir='ltr'><strong>eas</strong></span> <span class='ocrx_word' id='word_1_152' title='bbox 893 1528 1118 1560; x_wconf 78' lang='lat' dir='ltr'><strong>reconciliabis.</strong></span> <span class='ocrx_word' id='word_1_153' title='bbox 1154 1528 1276 1559; x_wconf 83' lang='lat' dir='ltr'><strong>Facilia</strong></span> <span class='ocrx_word' id='word_1_154' title='bbox 1291 1531 1364 1559; x_wconf 79' lang='lat' dir='ltr'><strong>sunt</strong></span> <span class='ocrx_word' id='word_1_155' title='bbox 1379 1527 1456 1566; x_wconf 79' lang='lat' dir='ltr'><strong>hoec,</strong></span> <span class='ocrx_word' id='word_1_156' title='bbox 1477 1536 1545 1567; x_wconf 81' lang='lat' dir='ltr'><strong>quoe</strong></span> <span class='ocrx_word' id='word_1_157' title='bbox 1560 1527 1669 1566; x_wconf 76' lang='lat' dir='ltr'><strong>magni</strong></span> <span class='ocrx_word' id='word_1_158' title='bbox 1690 1537 1767 1567; x_wconf 84' lang='lat' dir='ltr'><strong>pon-</strong></span> 
     </span>
     <span class='ocr_line' id='line_1_22' title="bbox 301 1569 1768 1618; baseline -0.005 -9"><span class='ocrx_word' id='word_1_159' title='bbox 301 1578 395 1615; x_wconf 78' lang='lat' dir='ltr'><strong>deris,</strong></span> <span class='ocrx_word' id='word_1_160' title='bbox 407 1581 437 1608; x_wconf 83' lang='lat' dir='ltr'><strong>et</strong></span> <span class='ocrx_word' id='word_1_161' title='bbox 451 1575 591 1618; x_wconf 69' lang='lat' dir='ltr'><strong>difficilia</strong></span> <span class='ocrx_word' id='word_1_162' title='bbox 606 1584 670 1606; x_wconf 80' lang='lat' dir='ltr'><strong>esse</strong></span> <span class='ocrx_word' id='word_1_163' title='bbox 686 1574 744 1604; x_wconf 76' lang='lat' dir='ltr'><strong>tibi</strong></span> <span class='ocrx_word' id='word_1_164' title='bbox 756 1573 954 1614; x_wconf 83' lang='lat' dir='ltr'><strong>persuasisti.</strong></span> <span class='ocrx_word' id='word_1_165' title='bbox 1000 1572 1067 1602; x_wconf 80' lang='grc' dir='ltr'><strong>ΡΑ.</strong></span> <span class='ocrx_word' id='word_1_166' title='bbox 1093 1571 1180 1606; x_wconf 79' lang='lat' dir='ltr'><strong>Quia</strong></span> <span class='ocrx_word' id='word_1_167' title='bbox 1191 1572 1325 1602; x_wconf 81' lang='lat' dir='ltr'><strong>dolorem</strong></span> <span class='ocrx_word' id='word_1_168' title='bbox 1339 1580 1440 1602; x_wconf 81' lang='lat' dir='ltr'><strong>meum</strong></span> <span class='ocrx_word' id='word_1_169' title='bbox 1453 1569 1549 1600; x_wconf 81' lang='lat' dir='ltr'><strong>solari</strong></span> <span class='ocrx_word' id='word_1_170' title='bbox 1565 1569 1712 1601; x_wconf 77' lang='lat' dir='ltr'><strong>conaris?</strong></span> <span class='ocrx_word' id='word_1_171' title='bbox 1726 1579 1768 1601; x_wconf 84' lang='lat' dir='ltr'><strong>an</strong></span> 
     </span>
     <span class='ocr_line' id='line_1_23' title="bbox 302 1612 1768 1662; baseline -0.007 -9"><span class='ocrx_word' id='word_1_172' title='bbox 302 1622 465 1662; x_wconf 78' lang='lat' dir='ltr'><strong>qaisquam</strong></span> <span class='ocrx_word' id='word_1_173' title='bbox 481 1620 636 1650; x_wconf 82' lang='lat' dir='ltr'><strong>hominum</strong></span> <span class='ocrx_word' id='word_1_174' title='bbox 650 1621 715 1648; x_wconf 82' lang='lat' dir='ltr'><strong>tam</strong></span> <span class='ocrx_word' id='word_1_175' title='bbox 729 1617 842 1655; x_wconf 80' lang='lat' dir='ltr'><strong>infelix</strong></span> <span class='ocrx_word' id='word_1_176' title='bbox 856 1619 914 1655; x_wconf 85' lang='lat' dir='ltr'><strong>est,</strong></span> <span class='ocrx_word' id='word_1_177' title='bbox 927 1618 962 1646; x_wconf 83' lang='lat' dir='ltr'><strong>ut</strong></span> <span class='ocrx_word' id='word_1_178' title='bbox 978 1624 1034 1655; x_wconf 83' lang='lat' dir='ltr'><strong>ego</strong></span> <span class='ocrx_word' id='word_1_179' title='bbox 1049 1624 1116 1645; x_wconf 84' lang='lat' dir='ltr'><strong>sam</strong></span> <span class='ocrx_word' id='word_1_180' title='bbox 1126 1618 1139 1645; x_wconf 89' lang='lat'><strong><em>?</em></strong></span> <span class='ocrx_word' id='word_1_181' title='bbox 1183 1615 1374 1654; x_wconf 81' lang='lat' dir='ltr'><strong>Priusquam</strong></span> <span class='ocrx_word' id='word_1_182' title='bbox 1396 1613 1476 1644; x_wconf 75' lang='lat' dir='ltr'><strong>hanc</strong></span> <span class='ocrx_word' id='word_1_183' title='bbox 1498 1612 1719 1644; x_wconf 76' lang='lat' dir='ltr'><strong>Philumenam</strong></span> <span class='ocrx_word' id='word_1_184' title='bbox 1732 1612 1768 1643; x_wconf 76' lang='lat' dir='ltr'><strong>in</strong></span> 
     </span>
     <span class='ocr_line' id='line_1_24' title="bbox 302 1656 1768 1704; baseline -0.006 -8"><span class='ocrx_word' id='word_1_185' title='bbox 302 1674 431 1696; x_wconf 73' lang='lat' dir='ltr'><strong>uxorem</strong></span> <span class='ocrx_word' id='word_1_186' title='bbox 445 1664 558 1704; x_wconf 74' lang='lat' dir='ltr'><strong>accepi,</strong></span> <span class='ocrx_word' id='word_1_187' title='bbox 574 1661 721 1694; x_wconf 77' lang='lat' dir='ltr'><strong>habebam</strong></span> <span class='ocrx_word' id='word_1_188' title='bbox 734 1662 767 1691; x_wconf 87' lang='lat' dir='ltr'><strong>in</strong></span> <span class='ocrx_word' id='word_1_189' title='bbox 782 1661 846 1691; x_wconf 85' lang='lat' dir='ltr'><strong>alia</strong></span> <span class='ocrx_word' id='word_1_190' title='bbox 860 1659 986 1690; x_wconf 82' lang='lat' dir='ltr'><strong>muliere</strong></span> <span class='ocrx_word' id='word_1_191' title='bbox 997 1658 1134 1690; x_wconf 78' lang='lat' dir='ltr'><strong>animum</strong></span> <span class='ocrx_word' id='word_1_192' title='bbox 1147 1668 1250 1689; x_wconf 85' lang='lat' dir='ltr'><strong>amore</strong></span> <span class='ocrx_word' id='word_1_193' title='bbox 1264 1660 1445 1699; x_wconf 80' lang='lat' dir='ltr'><strong>occupatum</strong></span> <span class='ocrx_word' id='word_1_194' title='bbox 1452 1667 1466 1694; x_wconf 89' lang='lat'><em>;</em></span> <span class='ocrx_word' id='word_1_195' title='bbox 1481 1666 1562 1688; x_wconf 79' lang='lat' dir='ltr'><strong>nunc</strong></span> <span class='ocrx_word' id='word_1_196' title='bbox 1576 1656 1611 1688; x_wconf 78' lang='lat' dir='ltr'><strong>in</strong></span> <span class='ocrx_word' id='word_1_197' title='bbox 1624 1666 1670 1697; x_wconf 82' lang='lat' dir='ltr'><strong>eo,</strong></span> <span class='ocrx_word' id='word_1_198' title='bbox 1679 1666 1768 1697; x_wconf 81' lang='lat' dir='ltr'><strong>quem</strong></span> 
     </span>
    </p>
   </div>
   <div class='ocr_carea' id='block_1_6' title="bbox 916 1754 1157 1767">
    <p class='ocr_par' dir='ltr' id='par_1_10' title="bbox 916 1754 1157 1767">
     <span class='ocr_line' id='line_1_25' title="bbox 916 1754 1157 1767; baseline -0.012 0"><span class='ocrx_word' id='word_1_199' title='bbox 916 1754 1157 1767; x_wconf 64' lang='lat' dir='ltr'><strong>eeeeeeeeeeee</strong></span> 
     </span>
    </p>
   </div>
   <div class='ocr_carea' id='block_1_7' title="bbox 294 1826 1772 2826">
    <p class='ocr_par' dir='ltr' id='par_1_11' title="bbox 294 1826 1772 2826">
     <span class='ocr_line' id='line_1_26' title="bbox 304 1826 1767 1874; baseline -0.005 -6"><span class='ocrx_word' id='word_1_200' title='bbox 304 1838 353 1869; x_wconf 81' lang='lat' dir='ltr'><strong>sic</strong></span> <span class='ocrx_word' id='word_1_201' title='bbox 381 1837 562 1868; x_wconf 83' lang='lat' dir='ltr'><strong>Donatus:</strong></span> <span class='ocrx_word' id='word_1_202' title='bbox 597 1834 712 1873; x_wconf 81' lang='lat' dir='ltr'><strong>‘Hoc‚</strong></span> <span class='ocrx_word' id='word_1_203' title='bbox 735 1834 797 1873; x_wconf 88' lang='lat' dir='ltr'><strong>ait,</strong></span> <span class='ocrx_word' id='word_1_204' title='bbox 825 1843 932 1874; x_wconf 80' lang='lat' dir='ltr'><strong>genus</strong></span> <span class='ocrx_word' id='word_1_205' title='bbox 959 1832 1126 1865; x_wconf 85' lang='lat' dir='ltr'><strong>orationis</strong></span> <span class='ocrx_word' id='word_1_206' title='bbox 1150 1831 1346 1862; x_wconf 80' lang='lat' dir='ltr'><strong>absolutum</strong></span> <span class='ocrx_word' id='word_1_207' title='bbox 1373 1828 1515 1860; x_wconf 82' lang='lat' dir='ltr'><strong>dicitur.</strong></span> <span class='ocrx_word' id='word_1_208' title='bbox 1551 1826 1767 1869; x_wconf 81' lang='lat' dir='ltr'><strong>(Legendum</strong></span> 
     </span>
     <span class='ocr_line' id='line_1_27' title="bbox 303 1871 1767 1922; baseline -0.007 -11"><span class='ocrx_word' id='word_1_209' title='bbox 303 1881 435 1922; x_wconf 87' lang='lat' dir='ltr'><strong>opinor,</strong></span> <span class='ocrx_word' id='word_1_210' title='bbox 461 1879 614 1910; x_wconf 77' lang='lat' dir='ltr'><strong>Solaecum</strong></span> <span class='ocrx_word' id='word_1_211' title='bbox 637 1876 781 1918; x_wconf 78' lang='lat' dir='ltr'><strong>dicitur.)</strong></span> <span class='ocrx_word' id='word_1_212' title='bbox 804 1878 888 1908; x_wconf 74' lang='lat' dir='ltr'><strong>Tale</strong></span> <span class='ocrx_word' id='word_1_213' title='bbox 915 1882 969 1907; x_wconf 86' lang='lat' dir='ltr'><strong>est</strong></span> <span class='ocrx_word' id='word_1_214' title='bbox 995 1876 1087 1916; x_wconf 86' lang='lat' dir='ltr'><strong>apud</strong></span> <span class='ocrx_word' id='word_1_215' title='bbox 1105 1874 1284 1915; x_wconf 81' lang='lat' dir='ltr'><strong>Virgilium</strong></span> <span class='ocrx_word' id='word_1_216' title='bbox 1301 1875 1355 1913; x_wconf 84' lang='lat' dir='ltr'><strong>(x.</strong></span> <span class='ocrx_word' id='word_1_217' title='bbox 1371 1871 1466 1914; x_wconf 82' lang='grc'>244.)</span> <span class='ocrx_word' id='word_1_218' title='bbox 1486 1872 1495 1889; x_wconf 91' lang='lat'>‘</span> <span class='ocrx_word' id='word_1_219' title='bbox 1509 1871 1670 1903; x_wconf 80' lang='lat' dir='ltr'><strong>Crastina</strong></span> <span class='ocrx_word' id='word_1_220' title='bbox 1695 1871 1767 1911; x_wconf 81' lang='lat' dir='ltr'><strong>lux,</strong></span> 
     </span>
     <span class='ocr_line' id='line_1_28' title="bbox 302 1913 1769 1961; baseline -0.006 -6"><span class='ocrx_word' id='word_1_221' title='bbox 302 1934 381 1955; x_wconf 86' lang='lat' dir='ltr'><strong>mea</strong></span> <span class='ocrx_word' id='word_1_222' title='bbox 397 1924 424 1954; x_wconf 90' lang='lat' dir='ltr'><strong>si</strong></span> <span class='ocrx_word' id='word_1_223' title='bbox 441 1932 507 1953; x_wconf 91' lang='lat' dir='ltr'><strong>non</strong></span> <span class='ocrx_word' id='word_1_224' title='bbox 524 1922 623 1953; x_wconf 82' lang='lat' dir='ltr'><strong>irrita</strong></span> <span class='ocrx_word' id='word_1_225' title='bbox 638 1921 733 1952; x_wconf 90' lang='lat' dir='ltr'><strong>dicta</strong></span> <span class='ocrx_word' id='word_1_226' title='bbox 750 1921 895 1961; x_wconf 83' lang='lat' dir='ltr'><strong>putaris,</strong></span> <span class='ocrx_word' id='word_1_227' title='bbox 920 1920 1084 1959; x_wconf 84' lang='lat' dir='ltr'><strong>Ingentes</strong></span> <span class='ocrx_word' id='word_1_228' title='bbox 1104 1919 1242 1949; x_wconf 83' lang='lat' dir='ltr'><strong>Rutulae</strong></span> <span class='ocrx_word' id='word_1_229' title='bbox 1267 1915 1441 1957; x_wconf 81' lang='lat' dir='ltr'><strong>spectabis</strong></span> <span class='ocrx_word' id='word_1_230' title='bbox 1457 1914 1563 1946; x_wconf 85' lang='lat' dir='ltr'><strong>caedis</strong></span> <span class='ocrx_word' id='word_1_231' title='bbox 1580 1913 1746 1946; x_wconf 64' lang='lat' dir='ltr'><strong>acervos!</strong></span> <span class='ocrx_word' id='word_1_232' title='bbox 1760 1914 1769 1927; x_wconf 90' lang='lat'>’</span> 
     </span>
     <span class='ocr_line' id='line_1_29' title="bbox 303 1957 1768 2008; baseline -0.008 -10"><span class='ocrx_word' id='word_1_233' title='bbox 303 1967 374 1999; x_wconf 89' lang='lat' dir='ltr'><strong>Ubi</strong></span> <span class='ocrx_word' id='word_1_234' title='bbox 391 1966 480 2008; x_wconf 89' lang='lat' dir='ltr'><strong>apud</strong></span> <span class='ocrx_word' id='word_1_235' title='bbox 508 1965 663 1996; x_wconf 86' lang='lat' dir='ltr'><strong>Servium</strong></span> <span class='ocrx_word' id='word_1_236' title='bbox 689 1973 824 2004; x_wconf 85' lang='lat' dir='ltr'><strong>quoque</strong></span> <span class='ocrx_word' id='word_1_237' title='bbox 840 1963 956 1994; x_wconf 85' lang='lat' dir='ltr'><strong>Velius</strong></span> <span class='ocrx_word' id='word_1_238' title='bbox 974 1964 1109 2002; x_wconf 87' lang='lat' dir='ltr'><strong>Longus</strong></span> <span class='ocrx_word' id='word_1_239' title='bbox 1124 1968 1159 1992; x_wconf 88' lang='lat' dir='ltr'><strong>et</strong></span> <span class='ocrx_word' id='word_1_240' title='bbox 1175 1961 1232 1991; x_wconf 84' lang='lat' dir='ltr'><strong>alii</strong></span> <span class='ocrx_word' id='word_1_241' title='bbox 1249 1960 1411 2000; x_wconf 83' lang='lat' dir='ltr'><strong>Magistri</strong></span> <span class='ocrx_word' id='word_1_242' title='bbox 1427 1957 1591 1999; x_wconf 83' lang='lat' dir='ltr'><strong>legebant</strong></span> <span class='ocrx_word' id='word_1_243' title='bbox 1603 1957 1768 1998; x_wconf 76' lang='lat' dir='ltr'><strong>spectabis.</strong></span> 
     </span>
     <span class='ocr_line' id='line_1_30' title="bbox 303 2000 1771 2052; baseline -0.007 -10"><span class='ocrx_word' id='word_1_244' title='bbox 303 2011 414 2052; x_wconf 85' lang='lat' dir='ltr'><strong>Atqui</strong></span> <span class='ocrx_word' id='word_1_245' title='bbox 436 2014 472 2040; x_wconf 85' lang='lat' dir='ltr'><strong>et</strong></span> <span class='ocrx_word' id='word_1_246' title='bbox 488 2008 652 2047; x_wconf 76' lang='lat' dir='ltr'><strong>Virgilius</strong></span> <span class='ocrx_word' id='word_1_247' title='bbox 675 2007 846 2047; x_wconf 53' lang='lat' dir='ltr'><strong>spectatam</strong></span> <span class='ocrx_word' id='word_1_248' title='bbox 871 2011 908 2037; x_wconf 91' lang='lat' dir='ltr'><strong>ut</strong></span> <span class='ocrx_word' id='word_1_249' title='bbox 933 2015 1022 2036; x_wconf 88' lang='lat' dir='ltr'><strong>nunc</strong></span> <span class='ocrx_word' id='word_1_250' title='bbox 1045 2005 1183 2036; x_wconf 81' lang='lat' dir='ltr'><strong>codices</strong></span> <span class='ocrx_word' id='word_1_251' title='bbox 1198 2004 1345 2042; x_wconf 84' lang='lat' dir='ltr'><strong>vetusti3</strong></span> <span class='ocrx_word' id='word_1_252' title='bbox 1371 2007 1406 2033; x_wconf 83' lang='lat' dir='ltr'><strong>et</strong></span> <span class='ocrx_word' id='word_1_253' title='bbox 1421 2001 1618 2040; x_wconf 83' lang='lat' dir='ltr'><strong>Terentius,</strong></span> <span class='ocrx_word' id='word_1_254' title='bbox 1634 2000 1771 2040; x_wconf 82' lang='lat' dir='ltr'><strong>opinor,</strong></span> 
     </span>
     <span class='ocr_line' id='line_1_31' title="bbox 301 2043 1772 2096; baseline -0.007 -12"><span class='ocrx_word' id='word_1_255' title='bbox 301 2055 431 2096; x_wconf 88' lang='lat' dir='ltr'><strong>(neque</strong></span> <span class='ocrx_word' id='word_1_256' title='bbox 447 2053 537 2083; x_wconf 90' lang='lat' dir='ltr'><strong>enim</strong></span> <span class='ocrx_word' id='word_1_257' title='bbox 555 2051 667 2082; x_wconf 85' lang='lat' dir='ltr'><strong>sciens</strong></span> <span class='ocrx_word' id='word_1_258' title='bbox 685 2050 833 2090; x_wconf 88' lang='lat' dir='ltr'><strong>prudens</strong></span> <span class='ocrx_word' id='word_1_259' title='bbox 854 2047 1040 2087; x_wconf 76' lang='grc' dir='ltr'>σολοικίζειν</span> <span class='ocrx_word' id='word_1_260' title='bbox 1055 2046 1204 2087; x_wconf 61' lang='lat' dir='ltr'><strong>malum)</strong></span> <span class='ocrx_word' id='word_1_261' title='bbox 1232 2047 1318 2077; x_wconf 83' lang='lat' dir='ltr'><strong>Nam</strong></span> <span class='ocrx_word' id='word_1_262' title='bbox 1332 2044 1472 2077; x_wconf 79' lang='lat' dir='ltr'><strong>omnibus</strong></span> <span class='ocrx_word' id='word_1_263' title='bbox 1485 2044 1586 2084; x_wconf 79' lang='lat' dir='ltr'><strong>nobis,</strong></span> <span class='ocrx_word' id='word_1_264' title='bbox 1600 2043 1711 2084; x_wconf 77' lang='lat' dir='ltr'><strong>quibus</strong></span> <span class='ocrx_word' id='word_1_265' title='bbox 1725 2047 1772 2074; x_wconf 83' lang='lat' dir='ltr'><strong>est</strong></span> 
     </span>
     <span class='ocr_line' id='line_1_32' title="bbox 302 2085 1769 2133; baseline -0.006 -5"><span class='ocrx_word' id='word_1_266' title='bbox 302 2097 457 2128; x_wconf 79' lang='lat' dir='ltr'><strong>alicunde.</strong></span> <span class='ocrx_word' id='word_1_267' title='bbox 502 2095 559 2126; x_wconf 90' lang='lat' dir='ltr'><strong>Ita</strong></span> <span class='ocrx_word' id='word_1_268' title='bbox 574 2095 682 2125; x_wconf 90' lang='lat' dir='ltr'><strong>codex</strong></span> <span class='ocrx_word' id='word_1_269' title='bbox 699 2103 742 2124; x_wconf 84' lang='lat' dir='ltr'><strong>ex</strong></span> <span class='ocrx_word' id='word_1_270' title='bbox 758 2093 874 2133; x_wconf 84' lang='lat' dir='ltr'><strong>Regiis</strong></span> <span class='ocrx_word' id='word_1_271' title='bbox 891 2103 995 2131; x_wconf 77' lang='lat' dir='ltr'><strong>unus-3</strong></span> <span class='ocrx_word' id='word_1_272' title='bbox 1019 2092 1097 2122; x_wconf 92' lang='lat' dir='ltr'><strong>Duo</strong></span> <span class='ocrx_word' id='word_1_273' title='bbox 1113 2091 1171 2121; x_wconf 81' lang='lat' dir='ltr'><strong>alii</strong></span> <span class='ocrx_word' id='word_1_274' title='bbox 1188 2090 1275 2121; x_wconf 89' lang='lat' dir='ltr'><strong>Nam</strong></span> <span class='ocrx_word' id='word_1_275' title='bbox 1294 2089 1383 2120; x_wconf 79' lang='lat' dir='ltr'><strong>nobis</strong></span> <span class='ocrx_word' id='word_1_276' title='bbox 1403 2087 1555 2118; x_wconf 78' lang='lat' dir='ltr'><strong>omnibus.</strong></span> <span class='ocrx_word' id='word_1_277' title='bbox 1600 2085 1698 2118; x_wconf 84' lang='lat' dir='ltr'><strong>Infra</strong></span> <span class='ocrx_word' id='word_1_278' title='bbox 1711 2095 1769 2119; x_wconf 86' lang='lat'>111.</span> 
     </span>
     <span class='ocr_line' id='line_1_33' title="bbox 303 2129 1769 2174; baseline -0.008 -2"><span class='ocrx_word' id='word_1_279' title='bbox 303 2143 336 2172; x_wconf 83' lang='lat'><strong>3.</strong></span> <span class='ocrx_word' id='word_1_280' title='bbox 354 2143 408 2172; x_wconf 82' lang='lat'><strong>20.</strong></span> <span class='ocrx_word' id='word_1_281' title='bbox 433 2140 443 2156; x_wconf 92' lang='lat'>‘</span> <span class='ocrx_word' id='word_1_282' title='bbox 457 2138 626 2170; x_wconf 86' lang='lat' dir='ltr'><strong>Omnibus</strong></span> <span class='ocrx_word' id='word_1_283' title='bbox 645 2136 742 2168; x_wconf 87' lang='lat' dir='ltr'><strong>nobis</strong></span> <span class='ocrx_word' id='word_1_284' title='bbox 760 2142 795 2168; x_wconf 91' lang='lat' dir='ltr'><strong>ut</strong></span> <span class='ocrx_word' id='word_1_285' title='bbox 812 2146 866 2167; x_wconf 88' lang='lat' dir='ltr'><strong>res</strong></span> <span class='ocrx_word' id='word_1_286' title='bbox 882 2136 965 2167; x_wconf 88' lang='lat' dir='ltr'><strong>dant</strong></span> <span class='ocrx_word' id='word_1_287' title='bbox 980 2134 1077 2167; x_wconf 70' lang='lat' dir='ltr'><strong>sese!</strong></span> <span class='ocrx_word' id='word_1_288' title='bbox 1102 2135 1197 2165; x_wconf 84' lang='lat' dir='ltr'><strong>Bent.</strong></span> <span class='ocrx_word' id='word_1_289' title='bbox 1213 2142 1312 2174; x_wconf 85' lang='lat' dir='ltr'><strong>quem</strong></span> <span class='ocrx_word' id='word_1_290' title='bbox 1330 2132 1486 2172; x_wconf 88' lang='lat' dir='ltr'><strong>sequitur</strong></span> <span class='ocrx_word' id='word_1_291' title='bbox 1501 2129 1606 2161; x_wconf 82' lang='lat' dir='ltr'><strong>Both.</strong></span> <span class='ocrx_word' id='word_1_292' title='bbox 1622 2135 1658 2160; x_wconf 77' lang='lat' dir='ltr'><strong>et</strong></span> <span class='ocrx_word' id='word_1_293' title='bbox 1673 2130 1769 2161; x_wconf 73' lang='lat' dir='ltr'><strong>Peri.</strong></span> 
     </span>
     <span class='ocr_line' id='line_1_34' title="bbox 301 2173 1770 2220; baseline -0.007 -6"><span class='ocrx_word' id='word_1_294' title='bbox 301 2183 391 2214; x_wconf 66' lang='lat' dir='ltr'><strong>‘nobis</strong></span> <span class='ocrx_word' id='word_1_295' title='bbox 405 2182 544 2213; x_wconf 78' lang='lat' dir='ltr'><strong>omnibus</strong></span> <span class='ocrx_word' id='word_1_296' title='bbox 561 2180 602 2212; x_wconf 85' lang='lat' dir='ltr'><strong>A.</strong></span> <span class='ocrx_word' id='word_1_297' title='bbox 620 2180 653 2210; x_wconf 91' lang='lat' dir='ltr'><strong>in</strong></span> <span class='ocrx_word' id='word_1_298' title='bbox 671 2180 710 2211; x_wconf 90' lang='lat' dir='ltr'><strong>C.</strong></span> <span class='ocrx_word' id='word_1_299' title='bbox 736 2189 840 2211; x_wconf 85' lang='lat' dir='ltr'><strong>omnes</strong></span> <span class='ocrx_word' id='word_1_300' title='bbox 856 2189 959 2220; x_wconf 88' lang='lat' dir='ltr'><strong>super</strong></span> <span class='ocrx_word' id='word_1_301' title='bbox 974 2178 1114 2209; x_wconf 75' lang='lat' dir='ltr'><strong>omnibus</strong></span> <span class='ocrx_word' id='word_1_302' title='bbox 1137 2177 1384 2217; x_wconf 59' lang='lat' dir='ltr'><strong>scriptum—9</strong></span> <span class='ocrx_word' id='word_1_303' title='bbox 1407 2174 1513 2205; x_wconf 79' lang='lat' dir='ltr'><strong>Multo</strong></span> <span class='ocrx_word' id='word_1_304' title='bbox 1528 2173 1578 2204; x_wconf 80' lang='lat' dir='ltr'><strong>hoe</strong></span> <span class='ocrx_word' id='word_1_305' title='bbox 1591 2173 1650 2203; x_wconf 87' lang='lat' dir='ltr'><strong>iroe</strong></span> <span class='ocrx_word' id='word_1_306' title='bbox 1666 2173 1770 2211; x_wconf 65' lang='grc' dir='ltr'><em>[κείω</em></span> 
     </span>
     <span class='ocr_line' id='line_1_35' title="bbox 294 2216 1770 2265; baseline -0.007 -7"><span class='ocrx_word' id='word_1_307' title='bbox 294 2227 435 2263; x_wconf 79' lang='lat' dir='ltr'><strong>fuissent</strong></span> <span class='ocrx_word' id='word_1_308' title='bbox 457 2225 622 2265; x_wconf 83' lang='lat' dir='ltr'><strong>ampliores</strong></span> <span class='ocrx_word' id='word_1_309' title='bbox 637 2233 720 2254; x_wconf 79' lang='lat' dir='ltr'><strong>imus</strong></span> <span class='ocrx_word' id='word_1_310' title='bbox 737 2232 754 2252; x_wconf 87' lang='lat' dir='ltr'><strong>e</strong></span> <span class='ocrx_word' id='word_1_311' title='bbox 772 2224 880 2254; x_wconf 86' lang='lat' dir='ltr'><strong>Boecl.</strong></span> <span class='ocrx_word' id='word_1_312' title='bbox 926 2224 934 2238; x_wconf 92' lang='lat'>‘</span> <span class='ocrx_word' id='word_1_313' title='bbox 949 2222 1075 2252; x_wconf 85' lang='lat' dir='ltr'><strong>Versus</strong></span> <span class='ocrx_word' id='word_1_314' title='bbox 1091 2224 1146 2252; x_wconf 87' lang='lat' dir='ltr'><strong>est</strong></span> <span class='ocrx_word' id='word_1_315' title='bbox 1170 2219 1279 2251; x_wconf 83' lang='lat' dir='ltr'><strong>trocb.</strong></span> <span class='ocrx_word' id='word_1_316' title='bbox 1297 2223 1433 2250; x_wconf 80' lang='lat' dir='ltr'><strong>tetram.</strong></span> <span class='ocrx_word' id='word_1_317' title='bbox 1451 2217 1630 2248; x_wconf 80' lang='lat' dir='ltr'><strong>acatalect.</strong></span> <span class='ocrx_word' id='word_1_318' title='bbox 1654 2216 1682 2246; x_wconf 89' lang='lat' dir='ltr'><strong>si</strong></span> <span class='ocrx_word' id='word_1_319' title='bbox 1706 2225 1770 2256; x_wconf 85' lang='lat' dir='ltr'><strong>pro</strong></span> 
     </span>
     <span class='ocr_line' id='line_1_36' title="bbox 305 2259 1772 2306; baseline -0.007 -7"><span class='ocrx_word' id='word_1_320' title='bbox 305 2270 410 2301; x_wconf 86' lang='lat' dir='ltr'><strong>verbo</strong></span> <span class='ocrx_word' id='word_1_321' title='bbox 435 2268 580 2306; x_wconf 77' lang='lat' dir='ltr'><strong>redisses,</strong></span> <span class='ocrx_word' id='word_1_322' title='bbox 600 2267 635 2297; x_wconf 89' lang='lat' dir='ltr'><strong>in</strong></span> <span class='ocrx_word' id='word_1_323' title='bbox 662 2266 839 2297; x_wconf 82' lang='lat' dir='ltr'><strong>scansione</strong></span> <span class='ocrx_word' id='word_1_324' title='bbox 867 2265 911 2297; x_wconf 92' lang='lat' dir='ltr'><strong>sit</strong></span> <span class='ocrx_word' id='word_1_325' title='bbox 937 2265 1094 2302; x_wconf 78' lang='lat' dir='ltr'><strong>rediisses,</strong></span> <span class='ocrx_word' id='word_1_326' title='bbox 1115 2268 1151 2294; x_wconf 87' lang='lat' dir='ltr'><strong>et</strong></span> <span class='ocrx_word' id='word_1_327' title='bbox 1178 2264 1212 2293; x_wconf 90' lang='lat' dir='ltr'><strong>in</strong></span> <span class='ocrx_word' id='word_1_328' title='bbox 1240 2262 1289 2292; x_wconf 83' lang='lat' dir='ltr'><strong>hoe</strong></span> <span class='ocrx_word' id='word_1_329' title='bbox 1313 2262 1371 2291; x_wconf 82' lang='lat' dir='ltr'><strong>irae</strong></span> <span class='ocrx_word' id='word_1_330' title='bbox 1387 2270 1453 2291; x_wconf 92' lang='lat' dir='ltr'><strong>non</strong></span> <span class='ocrx_word' id='word_1_331' title='bbox 1469 2259 1531 2290; x_wconf 88' lang='lat' dir='ltr'><strong>fiat</strong></span> <span class='ocrx_word' id='word_1_332' title='bbox 1547 2259 1772 2300; x_wconf 69' lang='lat' dir='ltr'><strong>synaloepha!</strong></span> 
     </span>
     <span class='ocr_line' id='line_1_37' title="bbox 303 2302 1771 2351; baseline -0.007 -7"><span class='ocrx_word' id='word_1_333' title='bbox 303 2313 366 2344; x_wconf 68' lang='lat' dir='ltr'><strong>Fu.</strong></span> <span class='ocrx_word' id='word_1_334' title='bbox 410 2312 420 2328; x_wconf 91' lang='lat'>‘</span> <span class='ocrx_word' id='word_1_335' title='bbox 437 2312 590 2351; x_wconf 77' lang='lat' dir='ltr'><strong>Repone‚</strong></span> <span class='ocrx_word' id='word_1_336' title='bbox 614 2309 652 2341; x_wconf 83' lang='lat' dir='ltr'><strong>Si</strong></span> <span class='ocrx_word' id='word_1_337' title='bbox 666 2319 729 2340; x_wconf 81' lang='lat' dir='ltr'><strong>non</strong></span> <span class='ocrx_word' id='word_1_338' title='bbox 741 2311 885 2341; x_wconf 83' lang='lat' dir='ltr'><strong>rediisses</strong></span> <span class='ocrx_word' id='word_1_339' title='bbox 899 2309 963 2339; x_wconf 78' lang='lat' dir='ltr'><strong>lioec</strong></span> <span class='ocrx_word' id='word_1_340' title='bbox 987 2310 1065 2339; x_wconf 81' lang='lat' dir='ltr'><strong>iroe:</strong></span> <span class='ocrx_word' id='word_1_341' title='bbox 1089 2307 1154 2338; x_wconf 75' lang='lat' dir='ltr'><strong>haec</strong></span> <span class='ocrx_word' id='word_1_342' title='bbox 1179 2315 1266 2336; x_wconf 90' lang='lat' dir='ltr'><strong>unus</strong></span> <span class='ocrx_word' id='word_1_343' title='bbox 1282 2314 1325 2335; x_wconf 82' lang='lat' dir='ltr'><strong>ex</strong></span> <span class='ocrx_word' id='word_1_344' title='bbox 1349 2303 1486 2342; x_wconf 85' lang='lat' dir='ltr'><strong>nostris,</strong></span> <span class='ocrx_word' id='word_1_345' title='bbox 1508 2302 1598 2333; x_wconf 78' lang='lat' dir='ltr'><strong>alter</strong></span> <span class='ocrx_word' id='word_1_346' title='bbox 1614 2306 1771 2333; x_wconf 84' lang='lat' dir='ltr'><strong>vetustus</strong></span> 
     </span>
     <span class='ocr_line' id='line_1_38' title="bbox 301 2345 1770 2392; baseline -0.008 -6"><span class='ocrx_word' id='word_1_347' title='bbox 301 2357 363 2387; x_wconf 66' lang='lat' dir='ltr'><strong>Jaeae.</strong></span> <span class='ocrx_word' id='word_1_348' title='bbox 410 2354 491 2385; x_wconf 79' lang='lat' dir='ltr'><strong>Haec</strong></span> <span class='ocrx_word' id='word_1_349' title='bbox 517 2353 715 2384; x_wconf 86' lang='lat' dir='ltr'><strong>femininum</strong></span> <span class='ocrx_word' id='word_1_350' title='bbox 735 2363 795 2392; x_wconf 81' lang='lat' dir='ltr'><strong>pro</strong></span> <span class='ocrx_word' id='word_1_351' title='bbox 814 2353 878 2383; x_wconf 83' lang='lat' dir='ltr'><strong>Hae</strong></span> <span class='ocrx_word' id='word_1_352' title='bbox 897 2352 970 2392; x_wconf 87' lang='lat' dir='ltr'><strong>jam</strong></span> <span class='ocrx_word' id='word_1_353' title='bbox 997 2360 1089 2391; x_wconf 84' lang='lat' dir='ltr'><strong>saepe</strong></span> <span class='ocrx_word' id='word_1_354' title='bbox 1112 2346 1315 2380; x_wconf 85' lang='lat' dir='ltr'><strong>habuimus.&#39;</strong></span> <span class='ocrx_word' id='word_1_355' title='bbox 1339 2347 1435 2378; x_wconf 83' lang='lat' dir='ltr'><strong>Bent.</strong></span> <span class='ocrx_word' id='word_1_356' title='bbox 1451 2345 1606 2386; x_wconf 80' lang='lat' dir='ltr'><strong>sequitur</strong></span> <span class='ocrx_word' id='word_1_357' title='bbox 1621 2345 1770 2376; x_wconf 77' lang='lat' dir='ltr'><strong>Both.—</strong></span> 
     </span>
     <span class='ocr_line' id='line_1_39' title="bbox 304 2388 1770 2433; baseline -0.007 -3"><span class='ocrx_word' id='word_1_358' title='bbox 304 2402 348 2430; x_wconf 89' lang='grc'><strong>10</strong></span> <span class='ocrx_word' id='word_1_359' title='bbox 372 2397 539 2430; x_wconf 59' lang='lat' dir='ltr'><strong>Rei-eritas</strong></span> <span class='ocrx_word' id='word_1_360' title='bbox 555 2397 624 2428; x_wconf 79' lang='lat' dir='ltr'><strong>Ms.</strong></span> <span class='ocrx_word' id='word_1_361' title='bbox 643 2397 683 2428; x_wconf 89' lang='lat' dir='ltr'><strong>R.</strong></span> <span class='ocrx_word' id='word_1_362' title='bbox 707 2397 889 2427; x_wconf 61' lang='lat' dir='ltr'><strong>Lirem—11</strong></span> <span class='ocrx_word' id='word_1_363' title='bbox 915 2395 1002 2425; x_wconf 88' lang='lat' dir='ltr'><strong>Iram</strong></span> <span class='ocrx_word' id='word_1_364' title='bbox 1017 2394 1170 2433; x_wconf 84' lang='lat' dir='ltr'><strong>expendes</strong></span> <span class='ocrx_word' id='word_1_365' title='bbox 1190 2400 1352 2423; x_wconf 88' lang='lat' dir='ltr'><strong>excusum</strong></span> <span class='ocrx_word' id='word_1_366' title='bbox 1377 2389 1481 2427; x_wconf 89' lang='lat' dir='ltr'><strong>volui,</strong></span> <span class='ocrx_word' id='word_1_367' title='bbox 1504 2388 1687 2419; x_wconf 80' lang='lat' dir='ltr'><strong>sententiae</strong></span> <span class='ocrx_word' id='word_1_368' title='bbox 1712 2397 1770 2428; x_wconf 83' lang='lat' dir='ltr'><strong>ap.-</strong></span> 
     </span>
     <span class='ocr_line' id='line_1_40' title="bbox 305 2431 1770 2482; baseline -0.006 -10"><span class='ocrx_word' id='word_1_369' title='bbox 305 2447 391 2480; x_wconf 77' lang='lat' dir='ltr'><strong>tum,</strong></span> <span class='ocrx_word' id='word_1_370' title='bbox 401 2440 560 2482; x_wconf 86' lang='lat' dir='ltr'><strong>quodque</strong></span> <span class='ocrx_word' id='word_1_371' title='bbox 574 2440 700 2470; x_wconf 86' lang='lat' dir='ltr'><strong>liberat</strong></span> <span class='ocrx_word' id='word_1_372' title='bbox 713 2449 731 2469; x_wconf 87' lang='lat' dir='ltr'><strong>a</strong></span> <span class='ocrx_word' id='word_1_373' title='bbox 744 2439 885 2470; x_wconf 86' lang='lat' dir='ltr'><strong>crimine</strong></span> <span class='ocrx_word' id='word_1_374' title='bbox 894 2437 1102 2475; x_wconf 77' lang='grc' dir='ltr'>ταυτολογίας</span> <span class='ocrx_word' id='word_1_375' title='bbox 1110 2437 1313 2475; x_wconf 88' lang='lat' dir='ltr'><strong>scriptorem</strong></span> <span class='ocrx_word' id='word_1_376' title='bbox 1327 2431 1658 2473; x_wconf 83' lang='lat' dir='ltr'><strong>eloquentissimum.</strong></span> <span class='ocrx_word' id='word_1_377' title='bbox 1670 2431 1770 2463; x_wconf 72' lang='lat' dir='ltr'><strong>Both.</strong></span> 
     </span>
     <span class='ocr_line' id='line_1_41' title="bbox 308 2473 1771 2522; baseline -0.006 -7"><span class='ocrx_word' id='word_1_378' title='bbox 308 2485 470 2515; x_wconf 83' lang='lat' dir='ltr'><strong>Restitues</strong></span> <span class='ocrx_word' id='word_1_379' title='bbox 482 2493 608 2514; x_wconf 81' lang='lat' dir='ltr'><strong>rursum</strong></span> <span class='ocrx_word' id='word_1_380' title='bbox 622 2484 655 2514; x_wconf 82' lang='lat' dir='ltr'><strong>in</strong></span> <span class='ocrx_word' id='word_1_381' title='bbox 668 2482 810 2521; x_wconf 81' lang='lat' dir='ltr'><strong>gratiam</strong></span> <span class='ocrx_word' id='word_1_382' title='bbox 826 2482 1038 2522; x_wconf 79' lang='lat' dir='ltr'><strong>Delph.—l2</strong></span> <span class='ocrx_word' id='word_1_383' title='bbox 1055 2480 1138 2511; x_wconf 85' lang='lat' dir='ltr'><strong>Sunt</strong></span> <span class='ocrx_word' id='word_1_384' title='bbox 1153 2479 1218 2509; x_wconf 74' lang='lat' dir='ltr'><strong>lioec</strong></span> <span class='ocrx_word' id='word_1_385' title='bbox 1231 2477 1324 2509; x_wconf 83' lang='lat' dir='ltr'><strong>Perl.</strong></span> <span class='ocrx_word' id='word_1_386' title='bbox 1343 2476 1444 2506; x_wconf 84' lang='lat' dir='ltr'><strong>abest</strong></span> <span class='ocrx_word' id='word_1_387' title='bbox 1455 2475 1521 2505; x_wconf 82' lang='lat' dir='ltr'><strong>hoec</strong></span> <span class='ocrx_word' id='word_1_388' title='bbox 1536 2484 1557 2505; x_wconf 86' lang='lat' dir='ltr'><strong>a</strong></span> <span class='ocrx_word' id='word_1_389' title='bbox 1572 2474 1676 2505; x_wconf 69' lang='lat' dir='ltr'><strong>Beni.</strong></span> <span class='ocrx_word' id='word_1_390' title='bbox 1691 2473 1771 2514; x_wconf 92' lang='lat' dir='ltr'><strong>Bip.</strong></span> 
     </span>
     <span class='ocr_line' id='line_1_42' title="bbox 305 2516 1770 2566; baseline -0.008 -9"><span class='ocrx_word' id='word_1_391' title='bbox 305 2527 409 2557; x_wconf 83' lang='lat' dir='ltr'><strong>Both.</strong></span> <span class='ocrx_word' id='word_1_392' title='bbox 427 2527 485 2558; x_wconf 69' lang='grc' dir='ltr'><strong>ΒΓ.</strong></span> <span class='ocrx_word' id='word_1_393' title='bbox 512 2527 521 2543; x_wconf 89' lang='lat'>‘</span> <span class='ocrx_word' id='word_1_394' title='bbox 535 2526 624 2558; x_wconf 88' lang='lat' dir='ltr'><strong>bona</strong></span> <span class='ocrx_word' id='word_1_395' title='bbox 640 2526 727 2557; x_wconf 84' lang='lat' dir='ltr'><strong>Mss.</strong></span> <span class='ocrx_word' id='word_1_396' title='bbox 744 2535 822 2566; x_wconf 88' lang='lat' dir='ltr'><strong>pars</strong></span> <span class='ocrx_word' id='word_1_397' title='bbox 840 2529 877 2556; x_wconf 92' lang='lat' dir='ltr'><strong>ut</strong></span> <span class='ocrx_word' id='word_1_398' title='bbox 893 2531 930 2556; x_wconf 87' lang='lat' dir='ltr'><strong>et</strong></span> <span class='ocrx_word' id='word_1_399' title='bbox 956 2523 1036 2554; x_wconf 83' lang='lat' dir='ltr'><strong>edd.</strong></span> <span class='ocrx_word' id='word_1_400' title='bbox 1061 2527 1141 2564; x_wconf 87' lang='lat' dir='ltr'><strong>post</strong></span> <span class='ocrx_word' id='word_1_401' title='bbox 1167 2521 1239 2553; x_wconf 89' lang='grc' dir='ltr'><strong>ΕΡ.</strong></span> <span class='ocrx_word' id='word_1_402' title='bbox 1266 2530 1331 2551; x_wconf 89' lang='lat' dir='ltr'><strong>non</strong></span> <span class='ocrx_word' id='word_1_403' title='bbox 1358 2522 1549 2559; x_wconf 87' lang='lat' dir='ltr'><strong>agnoscunt</strong></span> <span class='ocrx_word' id='word_1_404' title='bbox 1570 2516 1656 2548; x_wconf 76' lang='lat' dir='ltr'><em>haec:</em></span> <span class='ocrx_word' id='word_1_405' title='bbox 1679 2516 1770 2548; x_wconf 84' lang='lat' dir='ltr'><strong>unde</strong></span> 
     </span>
     <span class='ocr_line' id='line_1_43' title="bbox 305 2559 1770 2608; baseline -0.005 -8"><span class='ocrx_word' id='word_1_406' title='bbox 305 2569 425 2600; x_wconf 88' lang='lat' dir='ltr'><strong>Rivius</strong></span> <span class='ocrx_word' id='word_1_407' title='bbox 441 2569 546 2608; x_wconf 86' lang='lat' dir='ltr'><strong>delet,</strong></span> <span class='ocrx_word' id='word_1_408' title='bbox 562 2570 601 2600; x_wconf 90' lang='lat' dir='ltr'><strong>F.</strong></span> <span class='ocrx_word' id='word_1_409' title='bbox 620 2568 754 2600; x_wconf 85' lang='lat' dir='ltr'><strong>Fabric.</strong></span> <span class='ocrx_word' id='word_1_410' title='bbox 772 2567 911 2600; x_wconf 87' lang='lat' dir='ltr'><strong>tuetur.’</strong></span> <span class='ocrx_word' id='word_1_411' title='bbox 940 2567 1041 2599; x_wconf 85' lang='lat' dir='ltr'><strong>West.</strong></span> <span class='ocrx_word' id='word_1_412' title='bbox 1062 2565 1216 2597; x_wconf 75' lang='lat' dir='ltr'><strong>induxisti</strong></span> <span class='ocrx_word' id='word_1_413' title='bbox 1240 2561 1358 2595; x_wconf 80' lang='lat' dir='ltr'><strong>Guelf.</strong></span> <span class='ocrx_word' id='word_1_414' title='bbox 1374 2563 1493 2593; x_wconf 71' lang='grc'><strong>3.-13</strong></span> <span class='ocrx_word' id='word_1_415' title='bbox 1518 2560 1585 2591; x_wconf 88' lang='lat' dir='ltr'><strong>Ms.</strong></span> <span class='ocrx_word' id='word_1_416' title='bbox 1602 2560 1696 2600; x_wconf 82' lang='lat' dir='ltr'><strong>Lips.</strong></span> <span class='ocrx_word' id='word_1_417' title='bbox 1719 2559 1770 2592; x_wconf 88' lang='lat' dir='ltr'><strong>M.</strong></span> 
     </span>
     <span class='ocr_line' id='line_1_44' title="bbox 305 2603 1770 2652; baseline -0.008 -8"><span class='ocrx_word' id='word_1_418' title='bbox 305 2612 431 2643; x_wconf 80' lang='lat' dir='ltr'><strong>Boend.</strong></span> <span class='ocrx_word' id='word_1_419' title='bbox 458 2612 556 2643; x_wconf 89' lang='lat' dir='ltr'><strong>Bodl.</strong></span> <span class='ocrx_word' id='word_1_420' title='bbox 579 2613 632 2643; x_wconf 78' lang='lat' dir='ltr'><strong>An</strong></span> <span class='ocrx_word' id='word_1_421' title='bbox 646 2612 807 2652; x_wconf 72' lang='lat' dir='ltr'><strong>qaisquam</strong></span> <span class='ocrx_word' id='word_1_422' title='bbox 821 2612 974 2651; x_wconf 77' lang='lat' dir='ltr'><strong>gentium,</strong></span> <span class='ocrx_word' id='word_1_423' title='bbox 999 2609 1122 2640; x_wconf 87' lang='lat' dir='ltr'><strong>omisso</strong></span> <span class='ocrx_word' id='word_1_424' title='bbox 1147 2609 1295 2648; x_wconf 74' lang='lat' dir='ltr'><strong>Usquam.</strong></span> <span class='ocrx_word' id='word_1_425' title='bbox 1344 2604 1399 2636; x_wconf 75' lang='lat' dir='ltr'><strong>lta</strong></span> <span class='ocrx_word' id='word_1_426' title='bbox 1421 2608 1456 2635; x_wconf 82' lang='lat' dir='ltr'><strong>et</strong></span> <span class='ocrx_word' id='word_1_427' title='bbox 1482 2603 1566 2634; x_wconf 78' lang='lat' dir='ltr'><strong>Hui.</strong></span> <span class='ocrx_word' id='word_1_428' title='bbox 1591 2606 1628 2633; x_wconf 91' lang='lat' dir='ltr'><strong>et</strong></span> <span class='ocrx_word' id='word_1_429' title='bbox 1653 2611 1770 2634; x_wconf 80' lang='lat' dir='ltr'><strong>omnes</strong></span> 
     </span>
     <span class='ocr_line' id='line_1_45' title="bbox 306 2646 1770 2695; baseline -0.005 -10"><span class='ocrx_word' id='word_1_430' title='bbox 306 2654 470 2692; x_wconf 84' lang='lat' dir='ltr'><strong>Boecleri‚</strong></span> <span class='ocrx_word' id='word_1_431' title='bbox 493 2664 569 2686; x_wconf 90' lang='lat' dir='ltr'><strong>cum</strong></span> <span class='ocrx_word' id='word_1_432' title='bbox 597 2655 717 2686; x_wconf 87' lang='lat' dir='ltr'><strong>Leidd.</strong></span> <span class='ocrx_word' id='word_1_433' title='bbox 742 2656 905 2695; x_wconf 85' lang='lat' dir='ltr'><strong>quinque,</strong></span> <span class='ocrx_word' id='word_1_434' title='bbox 926 2653 991 2684; x_wconf 85' lang='lat' dir='ltr'><strong>nisi</strong></span> <span class='ocrx_word' id='word_1_435' title='bbox 1018 2651 1108 2694; x_wconf 88' lang='lat' dir='ltr'><strong>quod</strong></span> <span class='ocrx_word' id='word_1_436' title='bbox 1134 2652 1169 2682; x_wconf 90' lang='lat' dir='ltr'><strong>in</strong></span> <span class='ocrx_word' id='word_1_437' title='bbox 1197 2651 1316 2692; x_wconf 85' lang='lat' dir='ltr'><strong>quinto</strong></span> <span class='ocrx_word' id='word_1_438' title='bbox 1341 2656 1467 2688; x_wconf 80' lang='lat' dir='ltr'><strong>usquam</strong></span> <span class='ocrx_word' id='word_1_439' title='bbox 1485 2646 1770 2686; x_wconf 81' lang='lat' dir='ltr'><strong>suprascriptum.</strong></span> 
     </span>
     <span class='ocr_line' id='line_1_46' title="bbox 307 2688 1768 2737; baseline -0.008 -8"><span class='ocrx_word' id='word_1_440' title='bbox 307 2698 362 2729; x_wconf 87' lang='lat' dir='ltr'><strong>Ex</strong></span> <span class='ocrx_word' id='word_1_441' title='bbox 382 2697 483 2728; x_wconf 76' lang='lat' dir='ltr'><strong>editis</strong></span> <span class='ocrx_word' id='word_1_442' title='bbox 506 2707 573 2729; x_wconf 88' lang='lat' dir='ltr'><strong>nou</strong></span> <span class='ocrx_word' id='word_1_443' title='bbox 599 2702 790 2737; x_wconf 77' lang='lat' dir='ltr'><strong>agnoscunt</strong></span> <span class='ocrx_word' id='word_1_444' title='bbox 816 2698 889 2729; x_wconf 86' lang='grc' dir='ltr'><strong>ΕΡ.</strong></span> <span class='ocrx_word' id='word_1_445' title='bbox 917 2697 990 2729; x_wconf 84' lang='lat' dir='ltr'><strong>EV.</strong></span> <span class='ocrx_word' id='word_1_446' title='bbox 1016 2699 1045 2726; x_wconf 84' lang='lat' dir='ltr'><strong>l.</strong></span> <span class='ocrx_word' id='word_1_447' title='bbox 1071 2694 1181 2735; x_wconf 82' lang='lat' dir='ltr'><strong>Lugd.</strong></span> <span class='ocrx_word' id='word_1_448' title='bbox 1210 2696 1306 2725; x_wconf 87' lang='lat'>1520.</span> <span class='ocrx_word' id='word_1_449' title='bbox 1351 2691 1416 2722; x_wconf 89' lang='lat' dir='ltr'><strong>Est</strong></span> <span class='ocrx_word' id='word_1_450' title='bbox 1441 2694 1558 2720; x_wconf 82' lang='lat' dir='ltr'><strong>autem</strong></span> <span class='ocrx_word' id='word_1_451' title='bbox 1583 2688 1616 2719; x_wconf 86' lang='lat' dir='ltr'><strong>in</strong></span> <span class='ocrx_word' id='word_1_452' title='bbox 1646 2688 1768 2720; x_wconf 78' lang='lat' dir='ltr'><strong>Boend.</strong></span> 
     </span>
     <span class='ocr_line' id='line_1_47' title="bbox 308 2731 1770 2781; baseline -0.008 -9"><span class='ocrx_word' id='word_1_453' title='bbox 308 2741 433 2781; x_wconf 82' lang='lat' dir='ltr'><strong>Neque</strong></span> <span class='ocrx_word' id='word_1_454' title='bbox 451 2740 585 2772; x_wconf 84' lang='lat' dir='ltr'><strong>videtur</strong></span> <span class='ocrx_word' id='word_1_455' title='bbox 603 2740 723 2771; x_wconf 85' lang='lat' dir='ltr'><strong>abesse</strong></span> <span class='ocrx_word' id='word_1_456' title='bbox 739 2740 878 2779; x_wconf 85' lang='lat' dir='ltr'><strong>debere,</strong></span> <span class='ocrx_word' id='word_1_457' title='bbox 902 2745 938 2771; x_wconf 83' lang='lat' dir='ltr'><strong>et</strong></span> <span class='ocrx_word' id='word_1_458' title='bbox 954 2739 998 2770; x_wconf 94' lang='lat' dir='ltr'><strong>ob</strong></span> <span class='ocrx_word' id='word_1_459' title='bbox 1022 2738 1213 2769; x_wconf 80' lang='lat' dir='ltr'><strong>venustatis</strong></span> <span class='ocrx_word' id='word_1_460' title='bbox 1230 2744 1399 2769; x_wconf 85' lang='lat' dir='ltr'><strong>numeros,</strong></span> <span class='ocrx_word' id='word_1_461' title='bbox 1422 2736 1458 2763; x_wconf 84' lang='lat' dir='ltr'><strong>et</strong></span> <span class='ocrx_word' id='word_1_462' title='bbox 1471 2731 1574 2763; x_wconf 78' lang='lat' dir='ltr'><strong>metri</strong></span> <span class='ocrx_word' id='word_1_463' title='bbox 1591 2732 1770 2770; x_wconf 85' lang='lat' dir='ltr'><strong>rationem,</strong></span> 
     </span>
     <span class='ocr_line' id='line_1_48' title="bbox 312 2774 1769 2826; baseline -0.007 -11"><span class='ocrx_word' id='word_1_464' title='bbox 312 2794 413 2826; x_wconf 88' lang='lat' dir='ltr'><strong>quum</strong></span> <span class='ocrx_word' id='word_1_465' title='bbox 430 2783 622 2816; x_wconf 86' lang='lat' dir='ltr'><strong>octonarius</strong></span> <span class='ocrx_word' id='word_1_466' title='bbox 638 2784 681 2815; x_wconf 86' lang='lat' dir='ltr'><strong>sit</strong></span> <span class='ocrx_word' id='word_1_467' title='bbox 698 2793 826 2815; x_wconf 85' lang='lat' dir='ltr'><strong>versus.</strong></span> <span class='ocrx_word' id='word_1_468' title='bbox 873 2784 918 2814; x_wconf 91' lang='lat' dir='ltr'><strong>Et</strong></span> <span class='ocrx_word' id='word_1_469' title='bbox 942 2781 1032 2814; x_wconf 78' lang='lat' dir='ltr'><strong>forte</strong></span> <span class='ocrx_word' id='word_1_470' title='bbox 1061 2780 1172 2821; x_wconf 80' lang='grc' dir='ltr'>ἄκυρον</span> <span class='ocrx_word' id='word_1_471' title='bbox 1187 2786 1253 2819; x_wconf 88' lang='lat' dir='ltr'><strong>est,</strong></span> <span class='ocrx_word' id='word_1_472' title='bbox 1275 2780 1284 2796; x_wconf 88' lang='lat'>‘</span> <span class='ocrx_word' id='word_1_473' title='bbox 1299 2777 1489 2818; x_wconf 85' lang='lat' dir='ltr'><strong>Quisquam</strong></span> <span class='ocrx_word' id='word_1_474' title='bbox 1505 2775 1656 2816; x_wconf 77' lang='lat' dir='ltr'><strong>gentium</strong></span> <span class='ocrx_word' id='word_1_475' title='bbox 1666 2774 1689 2814; x_wconf 88' lang='lat'><strong>;&#39;</strong></span> <span class='ocrx_word' id='word_1_476' title='bbox 1711 2784 1769 2806; x_wconf 85' lang='lat' dir='ltr'><strong>ne·</strong></span> 
     </span>
    </p>
   </div>
  </div>
 </body>
</html>
