1966 3302
746 229 1011 260 Pssulocui.
1520 220 1605 263 669

161 373 227 422 C.
283 368 585 422 SULPICII
656 365 1132 416 APOLLINARIS
1218 364 1589 414 PERIOCHA

473 475 545 517 IN
575 472 887 516 TERENTII
919 471 1277 513 ADELPHOS.

305 583 429 621 Duos
452 594 540 620 cum
565 580 727 618 haberet
748 578 897 617 Demea
916 577 1250 622 adolescentulos,

304 647 386 685 Dat
405 645 564 684 Micioni
586 644 697 683 fratri
717 642 986 694 adoptandum
1007 640 1264 678 AEschinum:

305 710 385 748 Sed
406 709 683 761 Ctesiphonem
704 708 866 746 retinet:
895 707 1015 751 hunc,
1037 704 1293 743 Citharistriae

305 775 452 826 Lepore
473 781 646 826 captum,
667 773 740 811 sub
756 772 853 810 duro
869 785 915 810 ac
930 770 1030 808 tristi
1051 776 1175 821 patre,

305 838 440 876 Frater
459 838 614 876 celabat
633 836 868 879 AEschinus;
899 836 1041 873 famam
1063 833 1116 871 rei
1137 835 1148 851 ¹

303 903 567 953 Amoremque
584 903 601 921 2
628 902 667 939 in
689 901 802 939 sese³
833 900 1118 938 transferebat:
1149 897 1315 949 denique

305 966 522 1006 Fidicinam
543 965 675 1004 lenoni
696 963 841 1015 eripit.⁴
893 963 1111 1003 Vitiaverat

307 1030 417 1069 Idem
438 1030 649 1068 AEschinus
671 1029 795 1068 civem
810 1029 978 1068 Atticam
1000 1030 1294 1081 pauperculam,

307 1094 524 1146 Fidemque
545 1094 724 1142 dederat,
744 1094 846 1133 hanc
866 1094 939 1133 sibi
961 1107 1119 1133 uxorem
1140 1096 1236 1134 fore.

308 1159 458 1197 Demea
469 1158 659 1210 jurgare,⁵
691 1159 857 1209 graviter
876 1159 1004 1197 ferre:
1034 1173 1124 1197 mox
1152 1166 1298 1206 tamen,

309 1223 364 1261 Ut
382 1223 524 1262 veritas
544 1223 741 1275 patefacta
756 1230 830 1270 est,
850 1223 961 1261 ducit
980 1223 1191 1262 AEschinus

306 1288 493 1326 Vitiatam
511 1301 520 1326 z
550 1288 695 1339 potitur
715 1288 904 1338 Ctesipho
925 1287 1251 1336 Citharistriam,⁶

309 1352 480 1391 Exorato
497 1365 569 1391 suo
591 1352 689 1391 duro
709 1360 819 1404 patre
834 1353 995 1392 Demea.

184 1466 400 1506 Demea,duos
414 1465 632 1508 habensfilios,
647 1468 701 1497 dat
718 1476 758 1497 ex
772 1467 836 1498 illis
850 1468 1032 1499 AEschz'num
1040 1467 1144 1507 fratri
1162 1468 1291 1499 Mitionz'
1307 1468 1339 1499 in
1356 1467 1563 1508 adoptionem,
1581 1472 1611 1499 et

152 1509 369 1550 ctesiphonem
383 1510 514 1540 alterum
529 1510 563 1540 in
574 1520 630 1541 sna
644 1514 797 1550 potestate
811 1510 942 1541 retinet.-
975 1511 1067 1550 hunc,
1072 1511 1218 1552 fidicinoe
1225 1511 1346 1550 festiva
1352 1511 1460 1549 forma
1476 1515 1505 1541 et
1522 1513 1612 1550 inge-

148 1552 200 1584 nio
219 1552 387 1592 irretitum,
408 1562 476 1583 cum
492 1562 596 1594 aspero
613 1556 642 1584 et
661 1563 742 1583 soevo
757 1554 841 1591 patri
862 1554 1002 1585 subditus
1017 1557 1107 1593 esset,
1115 1555 1223 1592 frater
1236 1555 1402 1586 AEschz'nus
1417 1554 1588 1585 occultabat
1601 1565 1612 1590 ,-

149 1605 300 1626 rumorem
315 1599 346 1626 et
357 1605 491 1626 amorem
502 1597 536 1626 in
550 1606 583 1627 se
598 1596 813 1634 transferebat,
833 1596 981 1628 simulans
996 1607 1026 1628 se
1040 1607 1104 1628 esse
1125 1602 1293 1628 (invitorem
1308 1597 1533 1629 citharistrioe:
1561 1599 1613 1628 de-

149 1639 244 1678 nique
259 1648 326 1669 eam
339 1638 439 1669 lenom'
452 1648 509 1679 per
525 1638 587 1669 vim
602 1638 750 1679 abripuit.
786 1638 994 1680 Stupraverat
1010 1651 1127 1680 qaoque
1144 1641 1310 1671 AEschz'nus
1329 1641 1535 1680 Pamphilam,
1548 1640 1613 1670 vir-

148 1680 255 1720 ginem
269 1681 420 1720 Atticam,
446 1682 661 1721 pauperculam
677 1682 811 1722 quidem,
835 1684 888 1714 sed
905 1683 1025 1722 bonam,
1043 1683 1130 1714 bom's
1145 1683 1264 1714 civibus
1276 1688 1474 1724 prognatam,
1495 1683 1615 1723 pollici-

150 1723 372 1764 tusquefuerat
385 1733 417 1754 se
432 1733 499 1755 eam
511 1726 675 1755 ducturum
691 1735 827 1756 umorem.
873 1726 990 1757 Demea
1007 1736 1160 1757 morosum
1174 1726 1388 1766 etja1·giosmn
1405 1737 1435 1757 se
1446 1726 1615 1768 prcebebat,

152 1769 183 1797 et
205 1766 310 1806 iniquo
334 1767 436 1798 animo
452 1767 589 1805 serebat.
636 1767 698 1798 Sed
713 1770 787 1807 cito,
802 1771 965 1808 postquam
980 1769 1014 1799 icl
1039 1771 1117 1809 quod
1139 1779 1189 1800 res
1203 1773 1271 1800 erat
1286 1769 1561 1808 irianifestittnsait
1577 1770 1614 1800 de

148 1808 294 1850 psaltria,
316 1810 500 1841 AEschiuum
521 1820 581 1841 non
605 1810 677 1850 sibi,
702 1812 754 1842 sed
775 1811 955 1851 Ctesiphoni
970 1812 1074 1850 fratri
1096 1823 1161 1843 eam
1177 1813 1328 1853 rapuisse,
1343 1814 1426 1844 ducit
1445 1813 1616 1844 AEschiuus

150 1862 278 1883 uaeorem
305 1852 504 1893 Pamphilam
532 1864 552 1884 a
573 1863 606 1884 se
631 1863 856 1894 compressam;
884 1855 1028 1895 Ctesipho
1044 1855 1091 1897 fit
1112 1865 1232 1896 compos
1250 1856 1407 1897 fidicinas,
1428 1857 1552 1896 placato
1579 1859 1609 1886 et

151 1895 232 1926 victo
244 1895 386 1936 precibus
400 1896 531 1933 Demea,
544 1900 635 1938 patre
649 1907 752 1928 severo
762 1901 792 1928 et
807 1897 944 1929 molesto.

766 1992 1002 2006 eeeeeeee

163 2094 169 2099 N
197 2060 216 2088 1
241 2057 372 2088 Famam
387 2057 449 2098 rei]
472 2057 516 2090 Ο.
531 2068 558 2091 S.
575 2059 596 2092 1.
613 2059 793 2101 famamque
816 2061 944 2093 Amoris
959 2062 993 2094 in
1018 2072 1097 2094 sese.
1121 2062 1220 2094 Lind.
1266 2061 1336 2092 Pro
1353 2062 1399 2093 rei
1416 2062 1460 2093 al.
1476 2072 1592 2103 quoque
1608 2073 1618 2093 .·

156 2100 199 2131 al.
207 2100 396 2139 famamque.
419 2101 514 2133 Peri.
559 2102 672 2142 Vulgo
683 2103 874 2145 famamque,
901 2106 982 2136 satis
1008 2104 1182 2147 frequenti
1196 2115 1322 2136 errore.
1347 2105 1444 2137 Both.
1471 2105 1527 2147 qui
1554 2105 1615 2137 dat

155 2152 280 2183 quoque.
317 2143 380 2174 Rei
394 2143 488 2174 Peri.
515 2144 655 2176 Caelabat
670 2146 795 2178 ssr.-2
819 2149 946 2179 Amoris
962 2149 1021 2179 ΒΓ.
1037 2149 1138 2180 Both.
1177 2149 1361 2188 Amorisque
1389 2148 1548 2180 Peri—3
1572 2148 1615 2179 Se

155 2186 283 2226 legitur
299 2185 332 2216 iu
350 2186 485 2218 nostris.
510 2187 608 2219 Both.
633 2189 691 2229 qui
712 2189 747 2220 id
764 2190 823 2221 dat
839 2200 915 2222 cum
934 2192 992 2223 ΒΥ.
1010 2196 1044 2223 et
1066 2192 1224 2224 Perl.—4
1248 2192 1359 2231 Vulgo
1376 2191 1502 2232 eripuit,
1518 2191 1614 2222 duris

157 2228 318 2259 numeris.
343 2228 441 2260 Both.
465 2230 610 2270 quicum
626 2231 720 2262 Perl-
738 2232 798 2264 dat
814 2234 983 2274 eripit.—5
999 2236 1139 2274 Jurgare
1151 2238 1180 2266 et
1192 2245 1226 2274 g.
1239 2234 1297 2265 dat
1310 2235 1410 2265 Both.
1426 2235 1482 2275 qui
1497 2239 1616 2266 notat:

156 2271 167 2288 ‘
183 2271 298 2311 Vulgo
314 2271 412 2303 abest
428 2274 573 2313 copuia:
599 2273 660 2305 sed
677 2274 705 2305 A
724 2281 760 2306 et
779 2276 857 2308 Hel.
874 2281 903 2307 et
913 2277 1056 2317 jurgare,
1075 2278 1102 2308 B
1120 2289 1156 2309 ac
1172 2278 1279 2316 j.’-6
1303 2277 1448 2310 Quidam
1466 2277 1617 2317 codices,

157 2314 192 2353 iu
206 2314 256 2345 his
271 2315 390 2350 nostri,
408 2315 456 2346 sic
472 2314 544 2347 fere
559 2327 568 2348 ε
591 2316 621 2348 A
634 2327 666 2348 se
682 2318 826 2350 vitiatam
840 2320 1007 2360 virginem,
1023 2322 1120 2352 civem
1130 2321 1283 2360 Atticam,
1301 2321 1435 2352 Uxorem
1446 2324 1511 2361 pot.
1530 2321 1614 2352 Ctes.

156 2357 234 2388 cita.
256 2356 321 2388 Suo
333 2362 460 2389 exorato
475 2360 551 2390 duro
564 2363 656 2400 patre
672 2360 789 2393 Demea
803 2373 813 2393 .·
834 2373 908 2404 quae
925 2365 1039 2403 spuria
1056 2373 1130 2395 esse
1146 2365 1199 2396 vel
1215 2363 1294 2395 inde
1311 2369 1513 2404 arguuntur,
1527 2363 1617 2404 quod

158 2409 323 2441 nusquam
339 2400 372 2430 in
389 2401 439 2431 his
455 2402 631 2433 Periochis
641 2403 885 2437 duodenarium
901 2407 1059 2442 migravit
1076 2417 1229 2438 versuum
1245 2416 1419 2438 numerum
1431 2406 1616 2447 Sulpicius.

158 2443 255 2474 Both.
301 2442 356 2474 ΑΙ.
387 2444 470 2475 libb.
496 2445 574 2476 add.
596 2447 740 2478 Exorato
754 2459 808 2479 sao
821 2452 913 2490 patre
927 2451 1004 2480 duro
1017 2451 1136 2481 Demea
1147 2461 1157 2481 .·
1183 2450 1249 2481 Hic
1267 2459 1348 2480 vero
1365 2459 1482 2480 versus
1499 2459 1619 2488 super-

159 2485 234 2517 fluit
250 2489 286 2517 et
301 2495 462 2517 summam
481 2489 530 2519 rei
546 2488 817 2530 describendam,
841 2498 877 2523 et
903 2502 1080 2524 numerum
1109 2493 1292 2524 duodecim
1310 2493 1470 2523 linearum
1488 2491 1618 2532 Apolli—

159 2529 232 2559 nari
247 2533 458 2560 consuetum.
482 2531 570 2562 Perl.
614 2532 655 2562 In
673 2533 747 2563 aliis
763 2534 841 2565 edd.
860 2545 942 2576 quas
963 2536 1016 2566 hic
1034 2546 1168 2577 quoque
1184 2537 1339 2577 sequitur
1355 2537 1464 2567 West.
1479 2535 1619 2566 additur

160 2571 224 2602 sub
245 2570 346 2602 finem
365 2572 420 2603 hic
438 2583 567 2613 versus,
587 2575 727 2606 Exorata
741 2587 798 2608 suo
809 2578 884 2608 duro
903 2582 994 2618 patre
1010 2579 1137 2610 Demea.
1162 2579 1270 2610 Zeun.
1316 2580 1417 2610 Ducet
1434 2579 1617 2619 AEschiuus]

161 2615 248 2663 Μῦς).
265 2615 307 2645 R.
318 2618 354 2645 et
370 2615 462 2646 Pub.
486 2618 572 2647 ducit
588 2618 756 2650 AEschinus
771 2622 799 2651 A
816 2630 848 2650 se
863 2621 1006 2652 vitiatam
1022 2622 1118 2652 civem
1133 2622 1274 2653 Atticam
1287 2622 1452 2661 virginem.
1484 2622 1619 2652 Uxorem,

158 2660 278 2696 potatur
296 2657 442 2698 Ctesipho
458 2659 695 2700 citam-istriam,
712 2663 853 2694 Exorata
864 2674 917 2694 suo
934 2665 1010 2694 duro
1023 2668 1113 2704 patre
1129 2665 1260 2696 Demea.
1286 2665 1385 2696 Liud.
1413 2664 1619 2696 Citharistria

161 2704 198 2730 et
211 2709 266 2730 sao
278 2703 368 2739 patre
382 2703 458 2732 duro
474 2703 531 2734 Er.
577 2703 655 2734 Hoc
672 2708 706 2735 et
723 2706 849 2746 Delph.
871 2707 940 2738 dat.
991 2707 1125 2738 Uxorem
1152 2708 1193 2738 ad
1222 2707 1322 2739 finem
1346 2717 1461 2738 versus
1479 2707 1619 2738 exhibet

163 2742 297 2817 Bntszd
307 2752 378 2817 ἴῃῖῃ
395 2744 515 2778 tribuit
531 2746 643 2778 Bruns
660 2746 692 2778 ei
717 2749 829 2780 codici
847 2749 1102 2782 distinctionem
1119 2751 1221 2782 ullam
1243 2757 1301 2782 aut
1322 2756 1399 2792 post
1416 2760 1542 2782 uxorem
1559 2756 1617 2781 aut

163 2794 224 2825 pos
288 2795 305 2814 ο
321 2795 330 2816 ι
350 2796 398 2818 ur.
