1966 3302
608 220 824 252 HECYRAE
856 219 966 250 Aer.
1003 219 1053 249 ιι.
1085 219 1153 249 sc.
1189 219 1218 247 1.
1556 207 1641 248 821

186 323 252 364 Te
272 319 529 363 immerito?
563 331 619 359 an
641 317 878 371 quicquam
909 329 989 369 pro
1022 315 1118 356 istis
1137 313 1269 356 factis
1292 313 1468 365 dignum
1491 316 1532 353 te-
1554 312 1643 353 dici

356 390 519 442 potest,

186 457 302 508 Quae
323 469 408 505 me,
431 459 477 495 et
498 459 559 504 te,
580 458 624 494 et
645 453 855 493 familiam
878 452 1137 500 dedecoras,
1160 450 1250 491 filio
1272 450 1440 490 luctum
1459 449 1622 502 paras?

182 526 298 567 Tum
318 528 475 573 autem,
490 535 547 563 ex
568 520 725 562 amicis
746 519 912 595 Qici
934 524 982 560 ut
1003 519 1090 559 sint
1108 518 1239 558 nobis
1261 517 1427 565 affines,
1450 516 1586 566 facis;

186 593 278 645 Qui
310 592 436 633 illum
470 590 701 631 decrerunt
735 587 928 640 dignum,
958 599 1066 627 suos
1098 586 1171 627 cui
1205 586 1365 627 liberos
1402 585 1644 626 committe-

354 662 460 700 rent.
1583 653 1639 693 15

182 728 252 769 Tu
278 727 377 769 sola
397 738 594 786 exorere,
616 737 716 777 quae
739 722 966 776 perturbes
988 721 1084 762 haec
1105 724 1178 761 tua
1198 721 1490 775 impudentia.
1547 732 1550 733 ⁷

183 795 264 837 So,
296 780 485 849 Egone'ff
538 790 628 834 LA
658 791 746 841 Tu,
780 791 978 844 inquam,
1016 788 1188 839 mulier,
1218 802 1318 842 quae
1352 802 1421 829 me
1459 789 1643 830 omnino

351 862 566 916 lapidem,
588 873 674 900 non
695 857 916 899 hominem
936 862 1082 911 putas.

179 929 266 981 An,
288 931 391 984 quia
412 931 502 971 ruri
522 928 675 970 crebro
697 939 795 968 esse
817 925 953 974 soleo,
973 924 1143 965 nescire
1166 923 1452 974 arbitramini,

180 1058 233 1086 tuo
244 1054 377 1085 merito?
399 1064 467 1096 quoe
479 1064 539 1094 me,
553 1064 620 1094 quae
636 1055 679 1091 te,
693 1051 892 1090 etfamilz'nm
905 1050 1076 1089 ignominia
1087 1050 1200 1091 afficis.
1195 1053 1207 1072 ⁹
1228 1049 1338 1090 etfilio
1354 1050 1483 1088 luctum,
1495 1054 1525 1081 et
1538 1060 1645 1082 moero-

180 1108 245 1129 rem
257 1098 393 1138 qnoeris?
416 1098 492 1138 quin
508 1098 601 1128 etiam
612 1105 705 1126 causa
721 1105 764 1134 es,
779 1104 833 1125 cur
848 1094 1001 1136 qffinztnte
1016 1092 1287 1131 n0)28J1tncllex
1300 1092 1409 1123 amicis
1424 1093 1543 1124 inimici
1558 1095 1645 1125 nobis

179 1142 350 1173 reddantw
352 1164 361 1179 ,
386 1141 439 1180 qui
453 1140 563 1180 filium
587 1142 725 1170 nostrum
749 1137 831 1169 tanti
853 1139 1022 1173 duxerunt,
1047 1140 1082 1168 ut
1105 1138 1171 1176 ey’us
1183 1136 1266 1175 fidei
1291 1146 1360 1166 suos
1381 1136 1493 1166 liberos
1519 1139 1648 1168 tuendos

180 1185 303 1215 darent.
349 1184 396 1215 Tu
419 1184 485 1214 sola
500 1186 621 1231 reperta
636 1192 680 1221 es,
701 1191 769 1221 quae
791 1181 846 1211 has
869 1179 1117 1220 perturbationes
1141 1170 1256 1220 afferas
1279 1178 1453 1219 ρειτίεαεὶα
1476 1183 1539 1211 lua.
1585 1181 1644 1212 So.

180 1228 313 1266 Egone?
357 1227 421 1257 LA.
449 1227 507 1264 Tu,
522 1226 660 1266 inquam,
677 1225 787 1255 mulier
802 1224 870 1264 ipsa
886 1224 950 1253 hoec
957 1223 1056 1261 facis,
1071 1233 1139 1262 quoe
1153 1232 1199 1253 me
1215 1222 1337 1252 omnino
1352 1232 1461 1253 saxum
1475 1231 1564 1254 sensu
1578 1224 1646 1263 pri-

179 1273 298 1311 vatum,
314 1279 375 1301 non
389 1269 542 1301 hominem
556 1278 621 1300 esse
636 1267 814 1299 arbitrans.
849 1267 900 1298 An
915 1275 988 1306 quw
994 1266 1180 1306 frequenter
1194 1266 1262 1296 ruri
1276 1274 1344 1296 sum
1359 1275 1391 1296 zn
1404 1266 1535 1306 praedio,
1550 1266 1647 1297 idcir-

177 1455 257 1496 Bip.
303 1455 387 1487 Cum
402 1454 506 1485 Bent.
521 1453 734 1494 aliquatenus
751 1453 926 1485 consentit
941 1454 984 1484 W
987 1456 1051 1484 est.
1069 1451 1159 1483 ‘Ant
1175 1461 1287 1483 secum
1304 1451 1378 1482 haec
1395 1451 1483 1483 dixit
1501 1453 1645 1494 Laches,

179 1503 240 1530 aut
254 1499 394 1538 languet
409 1507 489 1536 vox,
499 1506 542 1528 ne
559 1496 683 1536 dicam,
701 1496 848 1528 absurda
865 1501 929 1528 est.
953 1496 1019 1529 Qui
1036 1496 1123 1527 scire
1138 1505 1174 1526 se
1190 1496 1320 1526 diceret
1337 1505 1454 1534 senex,
1472 1495 1641 1528 immerito

177 1551 198 1573 a
212 1551 248 1572 se
265 1540 418 1572 accusari
434 1549 591 1579 uxorem,
607 1550 708 1581 qnam
725 1539 844 1571 eodem
863 1545 1019 1580 tempore
1037 1539 1252 1570 meritissimo
1273 1538 1350 1578 jure
1375 1539 1532 1569 accusari
1554 1538 1643 1570 affir-

177 1585 272 1616 mat?
296 1585 341 1615 Et
356 1588 434 1615 sunt
451 1583 633 1623 Codices,
626 1593 659 1614 in
674 1583 795 1624 quibus
809 1582 847 1613 τὸ
864 1582 935 1614 Scio
951 1593 1016 1613 non
1034 1582 1170 1623 legitur.
1216 1581 1306 1613 Quid
1323 1591 1418 1621 vero,
1431 1582 1457 1612 si
1473 1582 1643 1614 Sostratae

177 1627 373 1659 tribuatur?
408 1631 445 1657 ut
469 1626 524 1657 hic
550 1626 596 1656 sit
622 1627 800 1658 verborum
826 1626 934 1657 ordo
927 1637 934 1643 ·
969 1627 1082 1666 Meque
1097 1625 1196 1656 abste
1212 1624 1368 1655 immerito
1392 1635 1455 1656 esse
1469 1629 1645 1657 accusatam

174 1671 372 1711 postmodum
385 1669 540 1708 rescisces,
553 1669 627 1701 scio.
671 1670 735 1701 LA.
761 1670 804 1700 Te
820 1669 995 1700 immerito?
1028 1669 1123 1699 Idem
1150 1668 1290 1708 Gnyeto
1318 1667 1503 1708 placebat?
1548 1669 1645 1701 Scio?

177 1712 263 1755 (sic)
279 1714 340 1744 Bi.
355 1722 418 1752 pro
435 1722 466 1743 v.
482 1713 590 1743 1.-13
615 1713 713 1743 Beni.
739 1717 768 1743 et
786 1712 948 1750 familiam
972 1722 1092 1743 omnem
1114 1712 1302 1742 dedecoras.-
1337 1721 1436 1742 veisn
1454 1711 1557 1742 etiam
1575 1722 1642 1743 non

173 1760 411 1797 repugnante.
436 1756 496 1787 Fa.
540 1765 657 1786 omnem
686 1765 730 1786 ex
754 1756 851 1786 Bem.
879 1755 1012 1786 addidit
1040 1755 1099 1785 Fa.
1135 1757 1144 1772 ‘
1163 1753 1285 1791 versn‚’
1322 1754 1446 1794 inquit,
1471 1759 1562 1785 ‘non
1591 1765 1645 1786 re-

178 1804 366 1840 pugnante.
370 1797 379 1811 '
425 1799 546 1834 Miror,
564 1798 621 1847 qui
638 1798 700 1834 vir¹
717 1799 764 1830 sie
781 1799 861 1830 satis
879 1804 1061 1829 metrorum
1090 1798 1233 1838 peritus,
1248 1797 1312 1827 hoc
1337 1797 1453 1828 dicere
1478 1799 1644 1838 potuerit.

178 1842 309 1874 Omnes
325 1841 447 1881 nostri,
462 1851 529 1872 non
547 1841 656 1872 minus
672 1851 770 1882 quam
788 1852 904 1872 versus
917 1841 1004 1882 ipse,
1021 1841 1215 1882 repudiant.
1260 1839 1350 1872 Quin
1366 1845 1400 1871 et
1417 1842 1492 1881 ipsa
1508 1848 1644 1873 seuten-

177 1886 228 1917 tia
245 1886 405 1924 abnegat.
451 1885 488 1915 Si
505 1885 593 1915 enim
617 1886 626 1902 ‘
645 1884 813 1915 Omnem’
833 1884 930 1925 dicis,
946 1894 1062 1915 servos
1079 1884 1163 1915 dicis
1187 1888 1222 1914 et
1251 1883 1414 1922 ancillas;
1439 1889 1476 1915 ut
1491 1884 1623 1915 Adel.»

176 1931 210 1960 7.
227 1931 280 1960 12.
307 1930 317 1946 ‘
333 1926 487 1959 Traduce
505 1932 541 1959 et
556 1932 700 1959 manem
717 1932 752 1959 et
776 1927 939 1958 familiam
956 1937 1087 1959 omnem
1106 1927 1147 1958 ad
1163 1937 1235 1957 nos.
1240 1926 1248 1939 '
1294 1925 1373 1957 An
1367 1937 1410 1967 igi
1403 1928 1469 1958 tur
1484 1932 1520 1958 et
1537 1894 1643 1959 fanni

175 1971 286 2003 litium
312 1971 502 2002 dedecorat
523 1971 701 2002 Sostrata?
736 1971 843 2002 Immo
866 1973 875 1989 ‘
892 1970 1093 2010 Familiam,
1118 1971 1236 2003 Genus
1263 1970 1394 2000 scilicet
1420 1975 1455 2001 et
1478 1971 1642 2011 Majores.

176 2015 274 2046 Bent.
329 2013 448 2045 ‘Libii
472 2014 610 2055 qnidam
637 2012 763 2054 pnaefex
768 2018 840 2054 unt
865 2024 983 2045 omnem
1002 2013 1174 2052 familiam.
1222 2012 1322 2045 Quod
1350 2018 1461 2044 tamen
1487 2014 1641 2055 plerique

174 2052 262 2089 Mss.
279 2066 345 2088 non
362 2062 563 2097 agnoscunt,
580 2066 689 2098 neque
710 2057 791 2088 Hul.
809 2067 872 2088 nec
890 2058 961 2089 ΕΡ.
1008 2057 1049 2088 In
1066 2057 1167 2088 Bodl.
1185 2066 1202 2087 a
1220 2056 1328 2096 prima
1345 2066 1445 2087 manu
1469 2063 1555 2092 erat,
1581 2058 1641 2089 Fa-

176 2099 279 2130 bulam
302 2099 489 2130 dedecoras!
512 2100 622 2131 West.
637 2099 669 2138 s.
686 2110 802 2130 omnem
819 2101 897 2142 Bip.
901 2102 985 2131 -14
1011 2101 1058 2131 Τιι
1073 2103 1175 2131 autem
1190 2101 1274 2131 Mss.
1292 2109 1406 2137 omnes
1423 2100 1514 2149 apud
1531 2101 1641 2133 Boecl.

169 2141 268 2182 factis
283 2143 427 2173 lan—15
452 2142 656 2173 Βεονευειὶηε
673 2142 740 2172 dno
764 2144 849 2174 Mss.
867 2143 956 2183 apud
975 2144 1082 2174 Boecl.
1109 2153 1194 2174 unns
1209 2144 1419 2180 decreverunt,
1437 2148 1471 2174 et
1488 2143 1536 2174 sic
1553 2143 1641 2176 GM.

175 2186 324 2216 Br.—-16
349 2185 396 2216 Τιι
411 2186 477 2216 sola
491 2185 635 2225 exorere]
669 2190 677 2203 ‘
696 2186 778 2216 Hul.
797 2186 986 2218 Exhorrore.
1030 2185 1157 2217 Aldina
1172 2185 1291 2225 editio,
1308 2186 1386 2216 anni
1405 2189 1499 2218 1521.
1514 2187 1641 2218 Exhor-

174 2237 255 2260 rere.
300 2229 494 2269 Utrumque
511 2228 666 2259 barbare.
710 2229 796 2260 Mss.
822 2229 1004 2260 Leidenses
1030 2234 1111 2265 tres,
1138 2230 1309 2260 Exorrere.
1354 2228 1455 2260 Unde
1480 2230 1640 2270 conjicie-

176 2271 252 2303 bam
270 2270 466 2312 legendum,
485 2271 657 2302 Exoriere:
680 2271 770 2312 qnod
787 2271 1035 2313 ἐμφατικώτερον
1050 2272 1185 2304 videtin·
1202 2282 1277 2302 cum
1294 2270 1485 2311 indignanti
1502 2273 1642 2304 interro-

176 2315 313 2355 gatione
331 2313 552 2354 expressum!
580 2314 677 2345 West.
723 2315 861 2345 emoreris
875 2316 933 2345 Ην.
952 2325 970 2346 e
988 2325 1039 2355 pr.
1058 2325 1103 2346 m.
1147 2315 1231 2346 Tres
1246 2324 1287 2345 ex
1304 2316 1442 2352 nostris,
1456 2320 1491 2347 et
1508 2326 1568 2355 pro
1584 2327 1641 2348 va-

174 2359 226 2388 ria
240 2357 389 2388 lectione
405 2361 557 2398 quartuS‚
570 2357 783 2397 inprudentia.
829 2358 956 2396 Recte;
984 2367 1093 2398 neque
1110 2357 1199 2389 enim
1216 2367 1331 2388 versus
1348 2363 1440 2389 amat
1455 2358 1488 2389 in
1504 2369 1545 2390 ea
1558 2360 1639 2392 sede

172 2401 375 2432 Trochaenm
390 2410 400 2438 ;
423 2410 533 2441 neque
552 2400 679 2431 Laches
696 2409 739 2431 eo
754 2401 923 2441 procedit,
940 2405 977 2432 nt
994 2401 1255 2432 moratissimam
1273 2410 1414 2432 uxorem
1429 2402 1438 2418 ‘
1453 2402 1640 2442 Impuden-

174 2443 233 2474 tiae
247 2443 256 2457 '
278 2448 430 2474 accuset.
477 2448 485 2460 ⁸
504 2442 750 2483 Imprudentia'
775 2444 878 2474 etiam
897 2444 983 2475 bono
1000 2445 1135 2484 marito,
1149 2444 1177 2474 si
1202 2445 1306 2474 iratus
1334 2444 1389 2482 sit,
1412 2446 1583 2481 convenit,
1601 2452 1640 2478 nt

176 2486 305 2518 Heaut.
321 2495 374 2518 lv.
390 2489 420 2517 1.
438 2488 491 2516 20.
514 2485 597 2521 Scio,
624 2490 655 2517 te
679 2486 860 2517 inscientem
874 2490 964 2527 atque
978 2488 1194 2526 inprudentem
1219 2488 1320 2518 dicere
1343 2497 1379 2517 ac
1395 2487 1506 2526 fucere
1521 2490 1639 2522 omnia.

172 2529 182 2546 ‘
199 2529 439 2570 Impudentia'
463 2538 544 2559 vero
561 2538 626 2560 non
653 2535 706 2559 est
732 2529 869 2560 hnmani
891 2530 955 2561 viri
983 2529 1110 2561 dictum
1139 2539 1217 2567 erga
1235 2539 1384 2561 uxorem.
1417 2531 1513 2561 Bent.
1560 2533 1638 2564 Non

174 2573 303 2611 placet.
327 2573 502 2603 Part—17
527 2572 579 2603 Ah
602 2582 697 2610 egone
713 2582 828 2603 omnes
852 2573 944 2613 apud
969 2573 1076 2604 Boecl.
1104 2571 1221 2604 Guelf.
1246 2576 1277 2604 1.
1322 2576 1355 2603 tu
1371 2572 1498 2613 inquom
1512 2584 1568 2612 ego
1586 2577 1637 2608 M.

174 2615 323 2646 Versum
339 2615 426 2646 hunc
443 2614 492 2645 ita
508 2614 660 2645 invenias
687 2615 721 2645 in
750 2615 920 2656 plerisque
945 2615 1041 2646 libris
1067 2616 1229 2656 scriptis:
1263 2615 1323 2647 So.
1346 2616 1478 2655 Egone?
1524 2619 1586 2650 LA.
1603 2623 1640 2650 tu

174 2658 302 2699 *inquam
323 2658 445 2695 mulier,
461 2668 528 2698 qua:
543 2667 590 2688 me
604 2657 726 2688 omnino
741 2659 872 2698 lapidem
890 2669 950 2689 non
965 2659 1117 2689 hominem
1136 2662 1239 2699 putas.
1283 2659 1328 2690 Et
1350 2664 1419 2690 stat
1437 2661 1566 2700 optime
1581 2662 1638 2694 hic

175 2701 382 2737 octonarius,
394 2701 420 2730 si
438 2701 578 2740 primam
597 2700 671 2740 ejus
687 2701 847 2741 syllabam
866 2700 1076 2741 praecedenti
1088 2701 1288 2733 attribueris
1304 2713 1312 2733 :
1331 2712 1411 2732 sane
1429 2704 1530 2733 etiam
1543 2705 1635 2736 Don.

175 2743 274 2783 legit,
289 2754 347 2775 non
362 2744 514 2775 hominem
527 2747 631 2783 putas.
657 2744 716 2774 Fa.
762 2745 892 2784 Egone?
918 2745 965 2775 Tu
979 2745 1104 2785 inquam
1120 2745 1241 2776 mulier.
1281 2745 1335 2776 Sic
1351 2745 1448 2776 dedit
1461 2746 1610 2778 Faernus
1626 2758 1633 2778 :

176 2788 235 2818 sed
252 2786 374 2819 misere
390 2792 500 2819 metro
516 2786 689 2828 providet,
707 2796 783 2818 cnm
802 2788 832 2818 E
846 2787 1014 2829 superiori
1031 2789 1187 2830 apponit,
1205 2792 1240 2820 et
1255 2788 1343 2820 huuc
1359 2798 1377 2819 a
1391 2799 1470 2828 gone
1486 2790 1634 2822 inchoat.
