1966 3302
488 233 834 265 ADELPHORUM
869 232 979 262 ACT.
1003 229 1070 260 1v.
1102 227 1170 259 sc.
1191 228 1278 257 vu.
1533 216 1619 258 7623

170 335 259 376 DE.
292 330 410 383 Quid
433 342 546 370 nunc
566 329 760 370 futurum
784 328 885 367 est?
947 325 1034 367 Μι.
1066 323 1119 365 Id
1140 323 1274 373 enim,
1292 319 1414 375 quod
1434 332 1501 361 res
1522 318 1621 373 ipsa

339 400 450 440 sert:

167 469 298 511 Illinc
319 468 403 508 huc
426 464 707 507 transferetur
725 463 863 515 virgo.
925 462 1015 502 DE.
1047 459 1086 501 O
1109 457 1310 512 Jupiter!

170 536 395 579 Istoccine
417 538 549 588 pacto
571 533 774 586 oportet?
835 530 922 570 M1.
955 528 1077 579 Quid
1096 528 1257 568 faciam
1280 523 1508 577 amplius?

170 605 263 646 DE.
296 602 417 652 Quid
436 602 606 642 facias?
639 601 677 640 si
696 613 781 640 non
803 599 903 652 ipsa
924 611 970 638 re
992 597 1110 636 istuc
1131 594 1212 636 tibi
1233 593 1366 641 dolet,
1569 591 1624 631 15

170 671 384 713 Simulare
406 675 524 711 certe
547 673 616 709 est
637 667 841 708 hominis.
903 664 988 705 Μι.
1022 663 1144 713 Quin
1160 662 1254 715 jam
1279 661 1487 713 virginem

172 737 402 792 Despondi
419 750 429 789 ;
462 750 534 777 res
553 733 802 788 composita
822 731 902 783 'st3
932 732 1042 772 fiunt
1059 731 1222 783 nuptiae
1244 742 1253 769 :

170 806 326 849 Demsi
346 809 511 846 metum
533 814 731 843 omnem:
761 800 860 841 haec
881 799 1022 852 magis
1044 801 1141 838 sunt
1161 794 1368 837 hominis.
1428 794 1520 836 DE.
1543 792 1626 835 Ce-

343 878 496 921 terum,

171 942 328 984 Placet
347 940 429 981 tibi
450 939 633 987 factum,
655 935 827 977 Micio?
890 935 978 976 Ml.
1010 933 1054 974 N
1058 947 1127 982 on,
1150 932 1187 973 si
1210 944 1370 985 queam

171 1009 349 1050 Mutare
367 1021 376 1048 :
406 1019 536 1055 nunc,
558 1018 660 1046 cum
680 1016 766 1044 non
786 1016 916 1056 queo,
937 1014 1064 1054 aequo
1087 1000 1232 1041 animo
1255 999 1359 1039 fero.
1573 997 1629 1038 20

173 1078 247 1119 Ita
269 1077 364 1118 vita
384 1073 438 1116 ’st
459 1074 696 1122 hominum,
718 1071 862 1125 quasi,
884 1083 983 1111 eum
1003 1069 1129 1110 ludas
1150 1067 1328 1109 tesseris
1347 1081 1357 1108 ε

173 1145 221 1186 Si
239 1144 364 1193 illud,
385 1142 505 1196 quod
524 1152 728 1181 maxume
750 1151 864 1192 opus
887 1142 953 1178 est
967 1136 1111 1190 jactu,
1131 1148 1213 1175 non
1234 1134 1367 1184 cadit,

174 1212 308 1263 Illud,
330 1209 446 1265 quod
471 1208 635 1251 cecidit
654 1207 778 1256 forte,
799 1205 845 1262 id
863 1209 959 1246 >arte
978 1209 1030 1245 ut
1051 1203 1258 1256 corrigas

173 1367 267 1399 talem
281 1369 380 1398 ducet.
426 1366 492 1397 DE.
519 1364 604 1401 Quid
620 1373 702 1394 nunc
717 1362 787 1393 inde
803 1363 985 1392 eventurum
1008 1361 1075 1389 est?
1106 1357 1173 1388 Μι.
1197 1357 1237 1387 Id
1250 1355 1380 1394 scilicet,
1396 1357 1476 1396 quod
1490 1365 1539 1386 res
1553 1355 1632 1395 ipsa,

173 1414 207 1442 ut
223 1414 282 1450 est,
297 1411 403 1441 suadet
415 1420 426 1446 ‚·
448 1409 536 1447 virgo
552 1418 592 1438 ex
603 1407 721 1438 aedz'bus
734 1406 845 1436 matris
857 1404 897 1435 ad
914 1406 1035 1434 nostras
1051 1402 1108 1432 huc
1121 1401 1296 1431 deducetur.
1344 1401 1411 1430 DE.
1439 1400 1467 1428 Ο
1483 1397 1632 1438 Jupiter!

173 1454 287 1484 siccine
302 1454 454 1492 agendam
467 1454 534 1482 est?
579 1451 644 1482 Mt.
669 1449 757 1485 Quid
772 1458 818 1478 me
832 1447 879 1477 cis
892 1445 1024 1486 amplius
1036 1447 1146 1483 agere?
1193 1443 1261 1474 DE.
1287 1442 1371 1477 Quid
1393 1445 1489 1479 agas?
1510 1441 1538 1471 si
1562 1450 1632 1471 rere

173 1498 211 1527 de
225 1496 273 1527 his
287 1496 376 1527 rebus
392 1505 450 1525 non
466 1495 558 1531 doles,
579 1497 672 1531 certe,
686 1493 714 1523 si
739 1492 826 1522 homo
841 1490 963 1521 ratione
979 1488 1083 1528 aliqua
1100 1497 1131 1517 es
1150 1486 1314 1527 praeclitus,
1330 1485 1431 1516 dolere
1454 1488 1485 1515 te
1499 1484 1632 1515 simules.

174 1540 242 1570 Μι.
268 1539 352 1575 Quin
367 1539 459 1569 immo
475 1538 562 1576 tirgo
570 1537 638 1575 jam
654 1537 803 1574 desponsa
819 1537 865 1564 est
880 1531 1041 1569 AEschz’no,
1064 1540 1114 1560 res
1140 1532 1298 1560 transacta
1319 1531 1377 1567 est,
1395 1531 1424 1558 et
1446 1528 1545 1557 omnis
1564 1536 1633 1557 con-

175 1581 271 1613 tentio
285 1583 421 1622 placata,
436 1584 535 1620 pactae
550 1583 622 1610 simt
648 1579 777 1618 nuptioe,
800 1585 918 1607 omnem
942 1573 1064 1605 timoris
1087 1582 1210 1604 causam
1226 1571 1328 1603 ademi
1343 1571 1438 1601 matri
1456 1574 1485 1601 et
1501 1570 1633 1608 virgini.

175 1625 256 1656 Hoec
269 1624 373 1665 magis
385 1626 456 1654 sunt
468 1622 600 1653 hominis
615 1621 734 1652 ratione
745 1620 885 1660 proediti,
902 1627 991 1657 quam
1006 1626 1041 1648 ea
1053 1626 1121 1656 quae
1135 1616 1256 1646 suades.
1301 1614 1368 1645 DE.
1392 1614 1552 1652 Attamen,
1567 1613 1633 1652 pla-

175 1671 223 1699 cet
254 1667 313 1698 tibi
333 1668 457 1705 factum
481 1666 565 1696 istud
591 1663 757 1696 AEscln'm‘?
802 1663 866 1693 Mi.
889 1660 1035 1698 Minime,
1056 1659 1084 1690 si
1100 1659 1247 1697 infectum
1262 1658 1389 1687 reddere
1402 1656 1534 1697 possim:
1555 1665 1635 1686 nunc

175 1720 244 1741 cum
266 1720 326 1741 non
340 1710 467 1750 possim,
482 1709 516 1739 ia
529 1708 686 1748 patienter
700 1707 808 1737 tolero.
859 1705 934 1735 Vita
956 1703 1112 1733 hominum
1144 1711 1205 1732 non
1227 1699 1380 1731 absimilis
1395 1702 1440 1730 est
1457 1700 1527 1730 ludo
1541 1702 1635 1729 tesse-

176 1763 305 1790 rarum‚·
328 1753 449 1792 siquod
464 1750 663 1792 optas,jactu
686 1759 746 1780 non
772 1747 917 1778 ceciderit
936 1746 1091 1784 feliciter,
1114 1754 1189 1784 opus
1212 1747 1273 1781 est,
1299 1746 1334 1773 ut
1351 1743 1429 1782 quod
1449 1741 1590 1780 infausta
1604 1745 1635 1772 et

174 1805 282 1827 aversa
290 1794 423 1834 fortuna
437 1795 560 1834 cecidit,
575 1794 653 1824 illud
667 1795 735 1824 arte
751 1795 781 1822 et
797 1789 952 1822 industria
965 1787 1113 1828 corrigas.
1158 1788 1227 1820 DE.
1250 1786 1426 1825 Egregium
1440 1785 1558 1816 scilicet
1568 1793 1635 1815 cor-

784 1914 1026 1928 eeeeeeeeeeee

176 2022 270 2054 Tolie
286 2025 401 2053 notam
416 2018 706 2061 interrogationis,
728 2022 766 2050 ut
787 2017 876 2049 infra
892 2027 941 2048 vs,
956 2018 1009 2047 33.
1032 2016 1130 2047 Bent.
1176 2011 1305 2045 Sustuli
1332 2015 1447 2043 notam
1471 2010 1634 2049 interrog.

177 2066 266 2097 Perl.
309 2064 455 2096 Sustulit
471 2068 506 2094 et
523 2063 713 2094 Rom—13
741 2061 943 2099 Transfertur
960 2060 1016 2090 ΒΓ.
1033 2059 1059 2089 si
1077 2058 1110 2089 id
1130 2058 1242 2088 Bruns
1259 2059 1421 2087 accurate
1438 2054 1635 2093 exscripsit-

166 2112 262 2139 --—-l5
283 2106 491 2145 QuidfaciaS,
502 2106 641 2145 rogitas?
655 2107 683 2136 si
699 2115 758 2136 non
775 2116 807 2135 re
818 2105 884 2145 ipsa
900 2103 959 2134 tibi
974 2103 1054 2133 istuc
1069 2100 1167 2140 dolet]
1191 2102 1271 2131 Duo
1286 2099 1341 2129 hic
1355 2096 1519 2129 mutanda
1532 2107 1539 2126 :
1560 2106 1635 2127 nam

179 2156 216 2183 et
233 2150 374 2182 verbum
390 2149 521 2189 rogitas,
545 2148 635 2190 quod
662 2157 726 2179 nec
743 2153 796 2178 est
813 2147 848 2178 in
865 2146 1046 2184 Bembino,
1069 2149 1103 2175 et
1120 2143 1229 2174 versui
1254 2146 1434 2183 repugnat,
1457 2140 1636 2170 delendum

178 2198 247 2234 est,
266 2198 302 2224 et
317 2194 389 2224 haec
405 2192 509 2223 verba
526 2192 588 2223 hoc
604 2190 722 2222 ordine
738 2195 817 2221 sunt
836 2189 1013 2231 ponenda:
1036 2188 1065 2219 si
1089 2197 1148 2218 non
1165 2186 1232 2226 ipsa
1257 2195 1310 2221 re,·
1334 2184 1436 2225 idque
1460 2192 1503 2214 ex
1520 2192 1552 2213 o.
1568 2183 1590 2213 l.
1609 2192 1636 2214 S.

179 2236 238 2268 Fa.
286 2236 405 2267 Leidd.
421 2235 582 2276 quinque,
599 2235 649 2265 M.
667 2233 766 2265 Bodl.
784 2233 827 2264 G.
847 2237 883 2264 et
904 2233 996 2272 Lips.
1014 2239 1090 2262 cum
1119 2230 1192 2261 ΕΡ.
1217 2228 1318 2260 Junt.
1346 2225 1448 2257 Aldd.
1474 2227 1527 2256 St.
1555 2224 1637 2256 EM.

182 2280 267 2315 Quid
281 2279 400 2318 facias,
426 2276 572 2317 rogitus?
615 2277 676 2308 Tr.
705 2281 740 2308 et
768 2275 891 2307 Boend.
917 2274 1002 2310 Quid
1017 2273 1134 2312 facies,
1162 2272 1305 2311 rogitas?
1339 2269 1386 2300 ita
1413 2274 1447 2299 et
1471 2267 1544 2299 EA.
1571 2267 1639 2299 ET.

179 2321 339 2361 Venetae,
359 2320 609 2362 Lugdunensis,
624 2320 710 2351 aliae.
750 2319 930 2350 Praeterea
946 2322 1059 2348 autem
1078 2315 1170 2346 varie
1188 2316 1241 2345 hic
1257 2322 1374 2345 versus
1390 2311 1526 2352 legitur.
1564 2310 1639 2350 Ego

179 2365 314 2397 Rivium
331 2366 490 2403 maxime,
506 2363 676 2394 Faernum
700 2367 736 2393 et
750 2362 795 2394 G.
813 2363 853 2393 F.
869 2367 1006 2391 secutus
1024 2369 1109 2390 sum.
1137 2358 1239 2390 West.
1285 2355 1405 2388 Nostri
1421 2363 1538 2386 omnes
1553 2354 1640 2392 rogi-

177 2411 239 2440 tas.
264 2409 367 2440 Bent.
412 2408 485 2447 Ipsa
500 2406 549 2446 re]
572 2406 607 2438 J.
622 2411 658 2438 et
672 2406 824 2436 Venetus
842 2404 917 2436 cod.
933 2414 966 2434 re
977 2413 1061 2434 cera.
1099 2402 1108 2418 ⁴
1121 2401 1217 2432 Istuc
1228 2399 1237 2412 '
1261 2403 1339 2430 ante
1361 2398 1371 2416 ⁴
1385 2397 1478 2429 dolet
1490 2397 1497 2410 ’
1521 2395 1638 2428 Guelf.

181 2453 212 2482 3.
236 2451 324 2482 Perl.
369 2450 507 2490 Rogitas
532 2450 593 2481 ΒΓ.
638 2449 685 2480 Re
707 2449 775 2488 ipsa
800 2448 903 2480 Both.
948 2446 1018 2477 Tibi
1034 2446 1115 2476 istuc
1143 2444 1246 2474 Bent.
1261 2442 1301 2474 Z.
1320 2441 1446 2481 Delph.
1472 2439 1640 2478 Bip.-16

183 2495 277 2526 Certe
291 2493 419 2524 omittit
432 2494 579 2523 Biz—18
602 2492 727 2531 Demsi]
753 2491 831 2522 Par.
860 2491 927 2521 Ms.
952 2488 1112 2529 Depressz'.
1136 2486 1231 2517 Peri,
1265 2485 1363 2524 Mag-e
1380 2483 1480 2514 Both.
1499 2482 1640 2513 Peri.—

180 2539 222 2567 20
247 2537 321 2568 Non
335 2536 425 2577 queo]
449 2536 534 2567 Mss.
551 2539 586 2566 et
603 2535 687 2565 editi
704 2533 850 2575 quidam,
866 2542 991 2573 nequeo.
1013 2532 1123 2562 XVest.
1169 2530 1242 2560 Non
1257 2538 1326 2558 cum
1340 2536 1420 2558 nunc
1432 2536 1505 2567 queo
1522 2523 1640 2556 Guelf.

181 2581 212 2610 1.
257 2579 373 2610 Animo
387 2589 471 2620 oequo
488 2579 590 2609 Bent.
607 2578 645 2608 Z.
664 2578 764 2608 Both.
784 2576 959 2607 Perl.——2l
984 2573 1092 2607 Jubet
1117 2573 1289 2609 Donatus,
1311 2575 1320 2587 ‘
1334 2575 1453 2601 notare
1471 2578 1576 2608 genus
1594 2568 1640 2598 Ιο-

181 2622 338 2654 cutionis.
371 2623 516 2653 Rectum
533 2621 660 2662 quippe
677 2624 763 2654 erat,
780 2617 1072 2651 Quemadmodum
1091 2615 1227 2646 tesseris
1242 2612 1386 2644 ludere!
1422 2612 1498 2642 Hoc
1516 2619 1639 2650 nempe

183 2665 255 2695 vult
273 2675 341 2696 cum
357 2665 439 2695 illud
458 2673 703 2704 supervacuum
721 2671 809 2693 esse.
855 2663 897 2692 Et
916 2662 964 2691 sic
982 2659 1138 2701 profecto
1155 2662 1218 2688 est.
1261 2656 1394 2687 Auctor
1420 2655 1509 2685 enim
1534 2653 1642 2692 dedit,

185 2708 274 2746 quasi
288 2707 427 2739 siludas.
452 2708 553 2738 Bent.
602 2707 700 2741 Quasi
715 2705 800 2745 cum]
821 2704 879 2735 sie
899 2703 997 2734 Lind.
1043 2702 1099 2733 Sic
1123 2702 1162 2732 it.
1180 2700 1255 2742 Syr.
1271 2699 1367 2730 Mim.
1386 2697 1482 2728 citat.
1510 2697 1640 2727 Fert.—

186 2752 228 2780 22
253 2751 341 2786 Quod
357 2754 402 2782 cst
419 2750 554 2781 maxime
569 2748 658 2789 opus]
684 2749 734 2779 Ex
752 2747 871 2778 iisdem
888 2745 1043 2777 omnibus
1059 2744 1168 2781 libris,
1188 2747 1223 2773 et
1238 2743 1392 2780 Donato,
1409 2748 1535 2781 repone
1552 2739 1640 2768 hunc

187 2792 340 2825 ordinem
357 2793 550 2831 verborum,
567 2793 645 2833 quod
662 2791 796 2822 maxime
811 2800 884 2830 opus
898 2793 955 2820 est.
975 2789 1032 2821 Fa.
1069 2787 1126 2820 Sic
1141 2790 1177 2818 et
1193 2786 1313 2817 nostri.
1332 2784 1514 2816 Herm—23
1532 2779 1640 2812 Abest
