1966 3302
609 219 823 250 HECYRAE
858 219 968 250 Acr.
993 220 1062 249 ιιι.
1096 220 1163 250 sc.
1191 220 1216 248 ι.
1551 208 1633 249 831

574 376 780 420 ACTUS
813 377 903 419 III.
963 377 1169 419 SCENA
1204 377 1240 418 Ι.

427 511 687 543 PAMPHILU
697 510 734 541 S.
785 510 1041 540 PARMENO.
1094 510 1126 539 M
1139 510 1389 540 YRRHINA.

179 579 292 622 ΡΛΜ
304 609 314 622 .
337 579 536 622 ΝΕΜιΝι
551 592 629 633 ego
646 579 774 632 plura
794 579 953 619 acerba
970 590 1071 619 esse
1088 578 1217 619 credo
1234 591 1292 619 ex
1305 590 1451 619 amore
1469 577 1634 618 homini

351 660 546 701 unquam
568 647 733 696 oblata,

180 714 326 767 Quam
345 716 476 756 mihi:
506 715 593 756 heu
622 727 693 756 me
723 713 968 755 infelicem!
999 712 1210 754 hanccine
1247 725 1328 766 ego
1349 712 1484 754 vitam
1507 711 1633 766 parsi

344 782 565 837 perdere?

179 850 384 892 Haecine
403 863 542 892 causa
571 862 651 902 ego
681 861 800 890 eram
830 852 1062 902 tantopere
1097 848 1288 902 cupidus
1322 847 1537 888 redeundi
1559 847 1636 889 do-

350 930 485 968 mum,

181 985 266 1028 Cui
287 991 457 1041 quanto
477 984 618 1027 fuerat
638 985 955 1039 praestabilius,
990 984 1136 1025 ubivis
1157 984 1354 1038 gentium
1377 996 1506 1038 agere
1527 988 1635 1026 aeta-

352 1058 455 1106 tem,
1202 1045 1292 1054 ‘⁶

182 1121 330 1172 Quam
360 1122 447 1163 huc
476 1121 620 1163 redire
635 1122 661 1173 2,
684 1125 816 1176 atque
850 1120 946 1162 haec
979 1120 1041 1161 ita
1077 1132 1192 1170 esse,
1229 1121 1440 1161 miserum
1470 1133 1539 1161 me
1570 1133 1636 1163 re-

351 1191 542 1231 sciscere
559 1190 578 1230 'i
1609 1189 1639 1229 5

179 1256 301 1300 Nam
320 1270 404 1299 nos
423 1270 586 1309 omnes,
602 1257 766 1311 quibus
785 1261 856 1297 est
873 1256 1075 1298 alicunde
1091 1255 1253 1311 aliquis
1270 1255 1473 1311 objectus
1488 1257 1637 1306 labos,

222 1397 323 1430 ΡΑΜ.
348 1395 441 1428 Nulli
463 1396 617 1428 hominnm
636 1397 742 1437 plnres
766 1398 960 1430 calamitates
982 1401 1012 1428 et
1036 1396 1193 1427 molestias
1214 1396 1304 1426 credo
1319 1395 1357 1426 ab
1375 1405 1478 1426 amore
1501 1405 1638 1436 unquam

178 1441 291 1472 allatas
315 1449 389 1475 esse,
412 1449 504 1480 quam
530 1440 618 1471 mihi.
669 1441 739 1471 Heu
764 1451 812 1472 me
837 1440 1008 1472 miserum!
1030 1443 1158 1471 tantane
1185 1449 1258 1470 cura
1282 1439 1362 1476 cavi,
1383 1448 1421 1469 ne
1444 1438 1522 1469 hanc
1538 1440 1639 1469 vitam

179 1485 352 1514 amitterem
372 1483 406 1514 in
422 1483 555 1513 itinere?
576 1482 629 1514 An
651 1487 779 1524 propter
793 1484 871 1514 hanc
885 1493 1006 1515 cansam
1022 1487 1110 1513 tanta
1122 1482 1295 1522 cupiditate
1310 1481 1523 1512 desiderabam
1537 1482 1640 1512 redire

178 1527 300 1557 domum
311 1536 324 1563 ,·
346 1535 415 1556 cum
426 1526 504 1556 mihi
517 1526 740 1564 satiusfuisset
755 1528 788 1557 in
804 1528 938 1567 quolibet
949 1526 1010 1557 alin
1025 1527 1089 1556 loco
1105 1527 1202 1556 vitam
1219 1526 1392 1562 traducere,
1408 1535 1496 1564 quam
1513 1524 1544 1555 in
1561 1524 1640 1555 hanc

178 1569 282 1600 urbem
296 1569 412 1600 reverti
423 1579 436 1605 ;
458 1578 550 1609 quam
564 1569 628 1600 haec
642 1571 723 1600 mala
739 1570 894 1601 videntem
908 1569 1096 1608 intelligere,
1111 1578 1202 1608 quam
1218 1568 1276 1597 sim
1290 1565 1527 1605 infortunatus?
1552 1568 1640 1598 Nam

178 1621 234 1643 nos
247 1621 362 1653 omnes,
385 1612 494 1653 quibus
513 1611 617 1653 aliquo
642 1621 683 1643 ex
706 1613 782 1653 loco,
803 1615 852 1645 vel
877 1613 1033 1644 occasione
1047 1611 1254 1650 infortunium
1268 1611 1406 1650 advenit,
1427 1613 1546 1652 tempus
1559 1612 1639 1651 quod

785 1713 865 1724 eon
867 1712 1027 1724 eeeeeee

222 1794 240 1823 1
265 1791 366 1822 Plura
381 1800 437 1831 ego
453 1791 512 1822 Br.
529 1790 622 1822 Perl.
640 1789 739 1822 Bodl.
757 1790 845 1823 alter
861 1801 879 1823 e
896 1791 981 1822 Mss.
998 1790 1105 1821 Boeel.
1133 1789 1221 1820 alter
1245 1788 1376 1819 omittit
1401 1797 1484 1826 ego,·
1506 1787 1640 1819 Boecle-

179 1834 265 1866 riani
278 1844 396 1866 omnes
411 1835 501 1865 credo
517 1843 593 1874 esse,
611 1838 647 1865 et
664 1834 713 1865 sic
731 1834 789 1865 ΒΓ.
828 1834 951 1875 Delph.
968 1835 1047 1874 Bip.
1065 1834 1156 1864 Perl.
1172 1842 1234 1863 esse
1249 1833 1359 1866 cred0;
1384 1831 1442 1862 Br.
1460 1831 1640 1868 hominum;

179 1879 268 1919 Guy.
281 1887 381 1909 voces
392 1877 509 1908 homini
520 1887 654 1918 unquam
667 1887 728 1917 pro
743 1878 788 1917 gl.
802 1877 920 1916 habet,
937 1876 1082 1918 improb.
1101 1876 1284 1907 West.-l.
1297 1875 1459 1905 21’rioris
1475 1883 1521 1906 vs.
1535 1875 1641 1905 verba

179 1921 237 1952 alii
262 1920 342 1952 libri
366 1921 488 1962 scripti
505 1921 606 1951 aliter
630 1921 820 1960 collocant;
845 1921 904 1952 sed
933 1930 994 1951 uos
1020 1920 1191 1960 antiquam
1212 1918 1394 1949 lectionem
1413 1922 1448 1947 et
1464 1917 1640 1948 Donatum
1693 1944 1699 1947 .

177 1972 374 2005 sequemur,
399 1963 434 1994 in
461 1963 581 2005 quibus
606 1962 669 1994 hoc
696 1967 828 1994 tantum
846 1964 889 1994 ab
911 1963 1076 2003 impressa
1093 1962 1242 1993 lectione
1259 1961 1422 1997 variatur,
1444 1960 1532 2001 quod
1550 1960 1583 1990 in
1601 1961 1641 1992 iis

179 2013 247 2047 est,
269 2007 359 2038 credo
381 2015 467 2037 esse:
491 2016 571 2037 sane
587 2006 641 2037 hic
659 2015 787 2045 versus,
810 2012 990 2038 contracto
1008 2006 1040 2036 in
1058 2015 1156 2036 unam
1175 2003 1339 2045 syllabam
1358 2003 1554 2044 pronomine
1571 2013 1640 2042 ego,

178 2050 225 2080 ita
241 2053 279 2080 ut
293 2049 410 2080 nemini.
432 2059 487 2088 ego
504 2050 550 2080 sit
565 2049 734 2089 dactylus,
758 2053 812 2080 est
835 2049 998 2081 trochaic.
1015 2054 1152 2080 tetram.
1169 2047 1353 2078 acatalect.
1376 2046 1546 2086 posterior
1562 2056 1640 2077 vero

179 2101 309 2132 versus,
331 2091 484 2123 dictione
506 2091 584 2122 mihi
603 2092 836 2132 monosyllaba
860 2091 996 2132 effecta,
1020 2092 1210 2132 eademque
1228 2099 1289 2130 per
1306 2089 1526 2130 synaloephen
1542 2089 1640 2128 elisa,

180 2136 306 2177 etipse
321 2134 513 2166 trochaicus
540 2139 606 2174 est,
629 2135 852 2166 catalecticus
881 2140 1009 2175 tamen,
1035 2140 1071 2166 ut
1097 2138 1303 2175 sequentes:
1331 2138 1471 2172 quartus
1498 2141 1577 2163 vero
1604 2138 1641 2163 et

179 2179 253 2219 ipse
281 2177 448 2209 trochaic.
473 2178 634 2209 catalect:
659 2177 930 2208 coalescentibus
958 2179 992 2209 in
1019 2188 1120 2208 unam
1147 2176 1310 2217 syllabam
1327 2174 1459 2206 duabus
1477 2176 1641 2206 extremis

180 2221 317 2262 syllabis
331 2220 365 2252 iu
383 2229 467 2251 voce
480 2220 632 2260 gentium.
657 2220 717 2252 Fa.
762 2221 893 2251 Nemini
909 2231 964 2260 ego
985 2221 1077 2261 plura
1103 2220 1211 2250 acerba
1236 2219 1324 2249 credo
1346 2227 1420 2249 esse.
1466 2218 1521 2248 Sic
1544 2217 1641 2249 dedit

177 2263 342 2296 Fa‘e'rnus.
385 2263 506 2295 Nostri
521 2265 610 2295 credo
626 2273 690 2294 esse
701 2274 713 2300 ;
737 2263 795 2294 sed
813 2264 914 2294 iidem
932 2264 1033 2295 Plura
1049 2273 1114 2302 ego.
1161 2263 1314 2301 Repone,
1332 2260 1462 2291 Nemini
1476 2262 1566 2301 plura
1582 2271 1640 2301 ego

179 2307 290 2338 acerba
312 2306 402 2337 credo
418 2315 493 2337 esse.
540 2305 672 2337 Nemini
700 2307 942 2346 pronuntiatur
967 2307 1021 2337 hic
1047 2303 1254 2342 δισυλλάβως,
1282 2304 1379 2345 quasi
1406 2311 1495 2334 esset
1512 2304 1641 2336 Nemni.

179 2351 236 2381 Sic
253 2350 368 2381 Plaut.
384 2349 483 2380 Poen.
498 2359 531 2381 v.
547 2351 579 2381 6.
598 2352 649 2380 11.
663 2349 673 2366 ‘
688 2349 872 2380 Neminem
889 2349 1017 2386 venire,
1033 2349 1088 2389 qui
1106 2349 1188 2379 istas
1207 2347 1385 2378 adsereret
1401 2346 1526 2377 manu!
1542 2347 1640 2377 Bene.

182 2393 313 2424 Nemini
333 2391 442 2423 acerba
465 2401 523 2431 ego
547 2393 638 2432 plura
662 2393 752 2423 credo
775 2402 840 2423 esse
863 2392 1032 2423 Boiu—2
1062 2392 1202 2422 Pendere
1226 2391 1257 2421 in
1285 2394 1395 2427 textu,
1419 2395 1454 2420 at
1479 2398 1540 2429 pro
1568 2400 1640 2421 var.

179 2437 257 2468 lect.
281 2435 421 2476 perdere·
433 2435 558 2466 Br.—3
582 2436 682 2465 Eram
703 2445 759 2474 ego
778 2440 920 2475 propter
937 2439 1116 2465 accentum
1133 2435 1233 2464 Bent.
1258 2436 1345 2464 tanto
1358 2441 1447 2472 opere
1463 2431 1562 2464 Bodl.
1579 2433 1639 2463 ΒΓ.

179 2481 243 2509 -4
266 2478 334 2510 Ηίο
351 2486 479 2517 versuS‚
501 2478 695 2508 octonarius
713 2478 844 2518 plenus,
867 2478 1073 2509 Trocliaicns
1090 2485 1226 2516 semper
1242 2481 1306 2513 est,
1329 2484 1492 2515 nusquam
1516 2474 1641 2506 lambi-

180 2531 264 2560 cus3
287 2520 352 2552 nisi
370 2520 440 2560 ubi,
456 2524 494 2552 ut
509 2521 578 2561 hic,
594 2520 752 2551 mendum
769 2520 955 2560 subrepsit.
1000 2520 1096 2552 Tolle
1122 2519 1204 2550 illud
1232 2518 1303 2557 Cui,
1329 2523 1364 2549 et
1381 2518 1547 2549 substitue
1564 2518 1617 2548 Ala
1631 2530 1641 2549 :

179 2565 329 2595 redeundi
343 2564 476 2594 domum.
492 2563 548 2602 αΙι,
575 2563 699 2598 Quanto
715 2563 846 2602 suerat:
870 2573 935 2603 quo
961 2568 1062 2602 pacto
1089 2567 1125 2593 et
1147 2565 1269 2599 metu-0,
1293 2565 1328 2591 et
1351 2560 1522 2601 loquentis
1542 2560 1642 2591 simul

181 2606 318 2638 affectui
335 2607 402 2637 vim
418 2610 454 2637 et
471 2607 627 2647 spiritum
643 2605 761 2638 addes.
803 2606 860 2636 Sic
878 2605 985 2636 Andr.
1003 2615 1044 2637 11.
1064 2607 1093 2636 1.
1107 2608 1138 2636 7.
1163 2609 1172 2622 ‘
1186 2605 1262 2635 Nisi
1284 2604 1528 2634 Philumenam.
1575 2604 1641 2642 Ali,

182 2651 322 2682 Quanto
344 2648 486 2681 satiust?
515 2650 612 2680 Bent.
639 2649 722 2680 illud
745 2648 786 2679 ah
811 2657 873 2679 nec
901 2648 990 2679 unde
1017 2657 1081 2679 nec
1109 2646 1330 2688 quamobrem
1354 2647 1435 2677 scio.
1461 2647 1550 2677 Perl.
1570 2647 1640 2684 suit

183 2692 296 2723 Guelf.
309 2694 418 2724 2.-—-3.
431 2694 464 2723 4.
481 2696 500 2723 5
516 2692 593 2723 Hoc
610 2691 789 2723 tristichon
806 2692 856 2722 ita
873 2691 907 2722 in
924 2692 1012 2721 notis
1028 2691 1095 2730 legi
1107 2690 1210 2730 jubet
1227 2690 1328 2720 Both.
1358 2690 1467 2720 Hucne
1477 2699 1533 2728 ego
1548 2698 1640 2720 causa

182 2735 380 2766 eram—cui
399 2734 405 2777 1
428 2735 553 2771 Quanto
569 2753 610 2758 —
626 2737 750 2765 aetatem
770 2734 774 2776 Ι
796 2734 952 2769 Quam—
967 2734 1129 2765 resciscere
1149 2732 1153 2774 1
1174 2733 1300 2764 :aliter
1315 2733 1348 2763 in
1366 2735 1539 2763 textu.—6
1565 2732 1639 2761 Om-

181 2778 271 2808 uibus
285 2788 358 2810 nam
372 2779 446 2810 vult
462 2777 553 2819 Guy.
600 2777 697 2808 Ordo
714 2782 779 2818 est,
806 2777 908 2808 Lucro
923 2780 969 2808 est
987 2787 1040 2808 nos
1066 2786 1177 2808 ornnes.
1223 2776 1279 2808 Sic
1307 2776 1385 2807 libri
1412 2775 1580 2816 plerique,
1604 2780 1639 2805 et
