1966 3302
314 206 399 248 852
810 214 851 245 P.
882 211 1123 242 TERENTH
1158 211 1274 241 ΛΡΜ

314 314 437 355 PAR.
469 311 531 353 At
559 323 644 352 non
674 308 781 350 novi
811 309 997 349 hominis
1027 307 1200 350 faciem.
1261 307 1390 348 ΡΑΜ.
1420 305 1486 348 At
1512 304 1690 356 faciam,
1711 310 1763 347 ut

484 379 673 421 noveris.
1707 373 1764 415 25

317 438 827 501 Magnussrussicundus,
849 444 1039 498 crispus,
1059 455 1254 492 crassus,
1277 442 1458 493 caesius,

318 516 603 559 Cadaverosa
623 514 754 555 facie.
813 512 938 553 PAR.
970 512 1048 552 Dii
1068 511 1191 552 illum
1212 511 1439 565 perduint!

314 637 393 669 mihi
406 640 452 668 est
468 638 504 667 de
512 635 608 674 facie.
653 635 752 666 PAM.
773 633 820 664 At
834 633 961 674 efficiam
971 635 1005 663 ut
1020 641 1200 670 cognoscas.-
1220 641 1349 672 proeera
1359 635 1480 663 statura
1494 634 1555 672 est,
1565 632 1660 664 rubra
1667 632 1766 672 facie,

314 681 426 721 crispis
440 679 572 720 capillis,
587 678 682 718 spisso
697 682 727 707 et
748 676 858 716 pingui
873 685 1009 715 corpore,
1023 675 1142 714 glaucis
1158 675 1263 712 oculis,
1278 676 1364 706 vultu
1387 676 1426 705 ad
1448 675 1606 706 cadaueris
1620 676 1766 707 similitu-

315 725 419 756 dinem
432 723 534 762 facto.
578 721 671 752 PAR.
698 719 755 752 Dii
780 719 868 749 illum
882 716 1035 760 [perdant.
1081 718 1166 753 Quid
1190 718 1218 748 si
1234 727 1293 749 non
1317 717 1419 749 veniet
1444 718 1477 749 in
1498 727 1610 758 arcera,
1623 728 1664 750 an
1678 718 1767 750 illum

917 813 1152 827 ‘teme

317 885 401 918 etin
415 884 563 916 Textum
581 881 791 922 recepimus:
816 881 897 913 licet
912 881 1020 912 nostri
1034 890 1148 912 omnes
1161 879 1237 911 illic.
1255 880 1356 911 Bent.
1381 879 1568 910 Illi...voto
1583 878 1684 909 Both.
1701 887 1768 919 quo

312 929 447 970 judice,
459 928 468 944 ‘
480 927 546 958 vola
562 935 622 956 nec
636 926 765 956 Noster
778 934 841 955 uec
854 924 996 955 Plautus
1008 932 1147 963 usquam
1164 924 1197 954 in
1214 933 1249 954 re
1263 922 1362 953 simili
1377 932 1385 952 ι
1402 922 1553 959 graviter
1567 930 1627 961 pro
1641 921 1769 952 domini

316 980 476 1013 persona,
489 969 576 1001 volox
602 968 695 999 Perl.
725 977 859 1008 quoque
885 967 1027 998 illi.-25
1055 966 1181 997 Faciam
1203 975 1259 1005 ego
1276 964 1390 996 Guelf.
1414 967 1531 996 2.-27
1556 964 1666 995 Facies
1688 964 1770 994 Mss.

318 1023 446 1046 omnes.
470 1011 569 1047 Boecl.
597 1016 632 1042 et
661 1010 709 1041 sic
725 1010 769 1042 G.
787 1010 869 1041 EM.
886 1010 945 1040 ΒΓ.
968 1009 1054 1041 GM.
1070 1009 1279 1039 ‘Cadaverosa
1294 1007 1409 1047 facies]
1432 1006 1616 1038 Bembinus
1638 1011 1674 1038 et
1694 1007 1770 1037 Do«-

315 1062 418 1088 natus
444 1056 564 1096 legunt
579 1053 688 1092 facie3
711 1058 746 1083 et
760 1053 834 1083 haec
846 1052 953 1083 verba
969 1061 1035 1083 non
1055 1052 1269 1088 Parmenoni,
1284 1051 1344 1082 sed
1362 1049 1541 1090 Pamphilo
1568 1048 1772 1080 attribuunt.

317 1100 378 1132 Fa.
425 1098 544 1130 Nostri
559 1106 675 1128 omnes
692 1095 802 1126 Facies
812 1105 1003 1135 perperam.
1049 1094 1116 1125 Sed
1129 1093 1210 1125 illud
1224 1093 1469 1131 animadverte,
1485 1102 1553 1133 quo
1569 1096 1668 1133 pacto
1680 1090 1769 1122 idem

318 1147 355 1175 et
370 1142 586 1180 Rubz'czmaus,
600 1149 743 1179 magnus,
758 1148 880 1169 crassus
902 1137 1037 1168 dicatur
1050 1147 1058 1175 ;
1083 1143 1119 1168 et
1137 1142 1247 1167 tamen
1264 1137 1352 1166 idem
1373 1136 1568 1166 Cadaverosa
1581 1143 1655 1166 esse
1662 1133 1774 1173 facie?

319 1185 375 1217 An
393 1185 471 1216 data
487 1193 604 1224 opera,
621 1188 656 1213 ut
673 1180 805 1222 fingens
831 1191 871 1212 ac
896 1181 1061 1212 mentiens
1076 1190 1085 1218 ;
1110 1189 1152 1210 an
1168 1184 1206 1210 ut
1222 1178 1399 1216 festinans,
1415 1178 1582 1209 oblivione
1598 1177 1662 1208 sibi
1688 1185 1771 1217 pug-

318 1228 437 1260 nantia
453 1226 564 1258 dixit?
610 1225 777 1257 Neutrum
795 1224 926 1264 placet.
969 1224 1038 1255 Cui·
1054 1223 1142 1253 enim
1159 1223 1340 1261 Parmeno,
1356 1221 1411 1262 qni
1435 1221 1586 1252 curiosus
1603 1222 1639 1251 et
1655 1228 1772 1259 garru-

317 1272 383 1311 lus,
400 1269 459 1302 sed
477 1269 612 1300 minime
627 1268 753 1299 stultus
768 1267 951 1304 inducitur,
967 1276 1034 1297 non
1049 1266 1112 1296 hoc
1134 1267 1279 1303 notavit,
1295 1274 1358 1296 nec
1373 1264 1553 1306 quicquam
1574 1261 1774 1304 respondit?

320 1313 424 1345 Addo
450 1312 609 1352 amplius,
632 1311 757 1342 nullam
782 1309 916 1341 omnino
942 1308 1067 1341 faciem
1095 1309 1319 1339 Cadaverosam
1341 1307 1410 1338 dici
1434 1316 1551 1347 posse:
1582 1315 1658 1337 cum
1683 1305 1771 1336 enim

319 1362 372 1389 tot
388 1357 422 1387 in
446 1356 649 1387 cadaverum
672 1353 760 1384 facie
783 1353 998 1384 diversitates
1021 1353 1099 1390 siut,
1114 1357 1196 1392 quot
1220 1351 1253 1381 in
1269 1351 1435 1389 vivorum,
1451 1359 1526 1390 qnae
1550 1358 1616 1380 una
1639 1348 1772 1388 species

321 1399 530 1432 cadaverosa
546 1398 614 1428 dici
639 1396 789 1437 poterit?
835 1396 954 1426 Unane
983 1400 1061 1426 sunt
1082 1393 1182 1432 facie,
1197 1395 1255 1435 qui
1278 1393 1349 1424 sani
1366 1393 1399 1423 in
1423 1402 1536 1433 pugna
1559 1391 1772 1428 occiduntur,

321 1443 379 1484 qui
403 1442 582 1483 apoplexia
605 1440 787 1478 occidunt3
812 1439 938 1479 quique
963 1437 1063 1477 farne,
1079 1447 1258 1476 marasmo,
1273 1445 1396 1467 cancro
1424 1435 1636 1466 moriuntur?
1681 1433 1772 1466 Quid

321 1485 425 1527 quod,
441 1484 595 1515 hocloco
621 1487 781 1522 excepto,
801 1490 964 1522 nusquam
987 1480 1123 1511 omnino
1138 1484 1296 1511 occurrat
1313 1478 1449 1509 verbum
1474 1478 1706 1513 Cadaverosus;
1729 1477 1773 1507 ol)

322 1538 397 1559 earn
413 1536 534 1567 nempe
551 1535 648 1567 quam
667 1524 736 1555 dixi
754 1525 919 1555 rationem
936 1534 944 1562 ;
969 1523 1049 1564 quia
1065 1523 1157 1554 varia
1173 1527 1208 1554 et
1224 1522 1355 1552 incerta
1371 1526 1421 1551 est
1436 1520 1639 1551 cadaverum
1655 1518 1775 1549 forma.

323 1571 391 1604 Qui
411 1571 475 1601 hoc
493 1570 594 1609 igitur
606 1569 640 1598 in
656 1567 813 1598 Terentio
830 1576 896 1597 non
919 1567 1065 1597 libenter
1081 1565 1204 1603 ferent,
1221 1565 1267 1596 illi
1282 1573 1413 1595 mecum
1431 1566 1609 1603 reponant,
1624 1562 1775 1600 Magnus,

321 1614 519 1650 rubicundus,
534 1612 665 1651 cris1›u8‚
681 1620 811 1649 crassus,
827 1610 936 1640 caesius
951 1608 1259 1648 Lentiginosasacz'e.
1286 1618 1288 1621 ’
1305 1606 1463 1637 Valerius
1484 1605 1580 1636 Max.
1598 1614 1623 1636 1.
1639 1607 1672 1636 7.
1696 1605 1776 1635 Ext-

323 1659 356 1688 6.
394 1657 445 1687 De
474 1654 638 1694 Dionysio
659 1654 895 1694 Syracusano:
932 1655 941 1668 ‘
959 1653 1207 1683 Praevaleutem
1236 1650 1356 1689 virum,
1377 1648 1456 1680 flavi
1480 1648 1616 1686 coloris,
1641 1646 1775 1687 lentigi-

322 1698 396 1730 nosi
422 1698 502 1737 oris,
518 1696 640 1728 ferreis
663 1696 793 1727 catenis
809 1694 980 1726 vinctum?
1026 1695 1180 1726 Donatus
1197 1694 1239 1725 ad
1256 1693 1341 1724 Eun.
1359 1702 1413 1724 1v.
1428 1694 1460 1723 4.
1474 1694 1527 1723 22.
1571 1693 1580 1708 ‘
1597 1690 1776 1722 Maculoso

322 1742 428 1781 corio,
447 1749 568 1780 nempe
586 1740 628 1770 ad
644 1739 677 1770 id
696 1747 801 1779 genus
818 1738 938 1769 coluris
955 1737 1062 1769 facies
1086 1737 1286 1777 exprimitur
1314 1734 1565 1773 Eunuchorum,
1580 1734 1658 1775 quia
1675 1733 1777 1774 pleri·

326 1795 391 1824 que
411 1783 604 1823 lentiginosi
629 1782 732 1813 sunt.’
776 1782 866 1820 Ergo
887 1781 1092 1820 Lentigz'nosa
1107 1780 1205 1819 facie,
1228 1780 1318 1810 idem
1344 1777 1432 1818 qnod
1457 1776 1504 1808 ibi
1527 1776 1617 1808 dixit
1635 1776 1778 1815 Noster,

327 1828 436 1858 Colore
463 1826 648 1864 stellionino,
671 1830 707 1856 et
735 1824 861 1855 Heaut.
893 1833 926 1854 v.
949 1828 980 1855 5.
1010 1827 1062 1855 18.
1088 1824 1151 1853 Ore
1174 1832 1289 1863 sparso.
1329 1820 1541 1852 Glossarium
1571 1824 1687 1850 vetus:
1715 1816 1776 1849 Φοί-

324 1873 424 1910 κοψις,
445 1869 676 1908 Lentigz‘nosas,
691 1877 795 1908 sparso
811 1877 873 1897 ore.
906 1867 1091 1906 Certejam
1105 1866 1219 1901 habes,
1236 1863 1325 1904 qnod
1344 1862 1488 1903 intelligi
1504 1863 1622 1893 saltem
1640 1866 1776 1902 potest:

326 1920 362 1945 at
380 1914 419 1944 de
448 1913 642 1944 Cadaverosa
670 1911 745 1941 vide
774 1909 853 1950 quid
880 1913 1127 1941 commentetur
1153 1917 1293 1948 maguus
1321 1907 1509 1947 Magister:
1542 1905 1551 1921 ‘
1570 1905 1776 1943 Cadaverosa,

323 1957 445 1997 inquit,
459 1954 640 1993 sublivida,
653 1963 692 1985 ac
710 1957 890 1993 personata
903 1952 1025 1982 rubore
1043 1957 1078 1982 et
1093 1952 1198 1982 livore
1214 1961 1222 1981 z
1247 1955 1361 1990 potest
1375 1954 1410 1980 et
1424 1949 1568 1988 pulposa
1582 1947 1725 1987 intelligi
1742 1952 1779 1977 et

326 2009 440 2031 crassa
455 2004 489 2029 et
505 1996 668 2029 carnosa!
715 1996 836 2026 Nonne
860 1995 914 2035 qni
942 1995 1013 2026 haec
1038 1995 1133 2032 dicit,
1148 1994 1211 2024 sibi
1237 1993 1390 2024 conscius
1405 1995 1457 2022 est
1478 1995 1512 2021 et
1529 1991 1629 2031 plane
1645 1990 1778 2021 fatetur

327 2051 364 2073 se
380 2042 462 2072 nihil
478 2040 618 2071 dicere?
666 2040 770 2070 Porro
799 2038 888 2078 quod
915 2037 1057 2069 adnotat
1082 2038 1250 2072 Donatus,
1267 2035 1403 2075 dignum
1428 2037 1482 2065 est
1508 2033 1598 2074 qnod
1615 2033 1714 2064 ethic
1731 2033 1779 2063 le-

326 2090 447 2125 gatur:
471 2084 480 2100 ‘
495 2082 661 2123 Imperite
682 2082 879 2112 Terentium
903 2081 944 2110 de
967 2080 1128 2121 Myconio
1148 2080 1292 2118 Crispum
1308 2077 1432 2108 dixisse
1454 2076 1561 2112 aiunt,
1585 2085 1660 2107 cum
1674 2074 1777 2116 Apol-

325 2128 462 2159 lodorus
477 2127 605 2157 Calvum
616 2125 752 2164 dixerit,
761 2124 850 2165 quod
863 2127 1035 2163 proprium
1047 2123 1202 2163 Myconis
1214 2127 1282 2152 est:
1297 2126 1333 2151 ut
1344 2119 1506 2157 Lucilius,
1515 2120 1524 2136 ‘
1536 2118 1674 2158 Myconi
1683 2119 1782 2149 calva.

327 2168 631 2210 omnisjliventiis.'
647 2167 724 2198 iude
741 2169 843 2198 etiam
860 2166 1074 2206 proverbium
1088 2166 1263 2201 Graecum,
1277 2162 1426 2194 Μυκόνιος
1441 2160 1610 2203 φαλακρός.
1635 2160 1702 2192 sed
1715 2169 1779 2200 ego

326 2214 524 2245 Terentium
549 2217 634 2252 puto
660 2211 825 2241 scientem
849 2209 992 2241 facetius
1018 2209 1215 2249 Myconium
1248 2208 1394 2246 Crispum
1420 2205 1559 2236 dixisse.
1604 2204 1657 2235 De
1682 2204 1779 2235 Calvo

329 2256 477 2297 Myconio
503 2255 593 2296 quod
620 2254 715 2292 dicit,
742 2262 858 2284 verum
884 2257 947 2283 est.
994 2251 1117 2282 Strabo
1142 2251 1198 2282 lib.
1214 2260 1247 2280 x.
1271 2250 1330 2280 Καὶ
1350 2247 1422 2280 τοὺς
1449 2246 1626 2287 φαλακροὺς
1644 2245 1679 2277 δέ
1699 2257 1780 2277 τινες

329 2299 495 2330 Μυκονίους
510 2298 666 2338 καλοῦσιν,
680 2296 740 2327 ἀπὸ
753 2296 810 2327 τοῦ
823 2295 860 2326 τὸ
876 2293 971 2326 πάθος
983 2295 1075 2325 τοῦτο
1092 2292 1304 2334 ἐπιχωριάζειν
1314 2293 1356 2334 τῇ
1368 2291 1461 2330 νήσῳ.
1505 2290 1598 2321 Plin.
1615 2289 1707 2320 Hist.
1726 2298 1779 2320 XI.

329 2345 383 2373 47.
429 2343 438 2359 ‘
458 2343 497 2373 ln
514 2342 642 2381 capite,
656 2344 856 2371 cunctorum
879 2338 1070 2369 animalium
1087 2338 1211 2368 homini
1236 2336 1399 2376 plurimus
1416 2334 1520 2375 pilus:
1545 2332 1605 2364 sed
1628 2331 1781 2373 Myconii

330 2390 487 2416 carentes
504 2394 543 2415 eo
571 2382 779 2424 gigmintur.'
824 2381 916 2414 Quid
933 2381 1035 2420 igitur
1061 2378 1142 2410 fiet?
1178 2379 1233 2410 An
1260 2379 1410 2409 dicemus
1430 2377 1575 2416 Crispum
1601 2375 1655 2405 hic
1686 2383 1779 2405 inen-

331 2428 448 2458 dosum
465 2437 552 2466 esse,
579 2432 616 2457 et
638 2427 679 2457 ab
703 2430 843 2456 anctore
868 2423 972 2454 fuisse
990 2423 1147 2453 Calvum?
1166 2432 1208 2452 an
1223 2421 1337 2452 studio
1359 2421 1414 2451 hic
1439 2421 1602 2452 Nostrum
1619 2427 1639 2448 a
1655 2417 1781 2449 Graeco

330 2471 546 2507 discessisse3
571 2469 613 2500 ob
636 2468 854 2499 oeconomiam
873 2466 953 2498 Act.
972 2476 1005 2497 v.
1030 2466 1085 2496 Sc.
1101 2468 1131 2496 3.
1147 2470 1183 2495 ut
1201 2465 1235 2495 in
1247 2474 1323 2494 arce
1335 2463 1461 2495 diutius
1474 2463 1621 2493 haereret
1642 2460 1779 2491 Parme-

331 2523 386 2549 n0,
401 2519 435 2544 et
453 2513 614 2553 plurimos
628 2512 860 2551 compellaret,
877 2519 944 2541 non
960 2518 1088 2549 paucos
1105 2508 1218 2538 calvos
1232 2508 1243 2537 ?
1256 2507 1353 2538 Bent.
1384 2507 1453 2537 Pro
1470 2514 1529 2536 sua
1545 2502 1715 2543 sapientia
1726 2503 1781 2533 vel

332 2555 483 2586 lubidine
506 2556 623 2586 Beutl.
639 2554 721 2586 facit
736 2554 931 2593 Ientigiaosa.
956 2552 1033 2591 Bip.
1061 2549 1361 2589 Cadaverosasacie]
1384 2549 1540 2581 Quatuor
1555 2547 1638 2577 Mss.
1657 2545 1780 2577 Leidd.

331 2608 407 2629 cum
424 2599 523 2630 Bodl.
541 2603 575 2629 et
590 2598 680 2638 Lips.
698 2598 771 2628 haec
785 2595 989 2627 Parmenoni
1003 2593 1167 2632 tribuunt,
1180 2594 1344 2633 legentes,
1361 2592 1452 2623 PAR.
1470 2587 1783 2626 Cadaverosafacies.

332 2640 392 2671 sed
407 2647 440 2671 et
456 2642 505 2671 ita
522 2640 626 2671 editio
640 2641 717 2671 anni
734 2642 828 2671 1469.
845 2643 881 2670 et
891 2637 1002 2669 Anon.
1018 2636 1172 2673 sumina,
1186 2636 1305 2676 Steph.
1329 2635 1485 2671 Venetae‚
1501 2632 1646 2672 Argent.
1671 2629 1781 2671 Lugd.

334 2683 427 2722 Alai,
450 2683 640 2721 Pulmanni‚
656 2683 808 2713 aliorum.
853 2682 892 2712 In
909 2680 982 2712 aliis
1008 2684 1073 2718 est,
1092 2677 1406 2717 Cadaverosafacz'es,
1420 2675 1479 2708 sed
1503 2675 1622 2706 omissa
1637 2682 1782 2714 persona

334 2726 570 2756 Parmenonis.
617 2727 661 2756 Et
676 2726 810 2756 videtur
825 2733 907 2756 sane
932 2723 1111 2761 Parmeno,
1127 2723 1184 2763 qui
1206 2721 1410 2762 quaesiverat
1425 2719 1467 2750 de
1483 2717 1570 2749 facie
1587 2716 1780 2748 Callidemi-

336 2768 397 2809 dis,
412 2769 550 2800 audiens
566 2778 639 2799 esse
655 2768 822 2800 homiuem
845 2775 1002 2807 nmgnum,
1023 2765 1237 2804 rubicundum,
1251 2764 1394 2805 crispum,
1407 2771 1553 2797 crassum,
1573 2759 1710 2801 coest'um,
1721 2767 1780 2800 op-
