1966 3302
513 230 857 261 ADELPHORUM
891 227 998 258 Ac'r.
1023 226 1095 255 111.
1128 225 1197 255 sc.
1230 225 1282 254 11.
1531 214 1614 255 717

175 326 405 382 Experiar.
463 324 551 366 GE.
575 323 693 375 Quid
715 323 865 364 istuc?
898 321 1079 381 aocedo,
1099 324 1150 361 ut
1169 319 1328 360 melius
1348 318 1488 360 dicas.
1537 319 1616 360 So.

343 393 428 442 Tu,
448 397 654 452 q⁰Q¹m
674 395 819 444 potes,

175 461 280 511 Abi,
301 464 432 514 atque
456 458 647 512 Hegioni
667 462 849 510 cognato
870 455 1005 510 hujus
1035 467 1124 495 rem
1157 466 1328 494 omnem
1358 458 1529 494 narrato
1552 466 1619 494 or-

345 527 472 576 dine;

178 595 297 637 Nam
317 595 356 635 is
376 597 524 634 nostro
547 590 714 648 Simulo
735 590 818 631 fuit
836 602 1048 637 summus,
1068 592 1110 629 et
1129 600 1211 628 nos
1233 586 1368 645 coluit
1386 600 1603 630 maxume.

176 661 267 704 GE.
291 661 407 703 Nam
426 659 574 701 hercle
595 645 736 699 alius*
731 670 857 698 nemo
879 656 1061 710 respicit
1081 667 1178 695 nos.
1238 654 1315 695 So.
1338 654 1536 709 Propera
1557 660 1620 705 tu,

348 741 445 770 mea
465 726 699 772 Canthara,
784 742 787 744 ·
1567 724 1623 763 55

177 796 333 838 Curre:
363 794 646 836 obstetricem
677 804 868 841 arcesse,
891 796 954 841 ut,
977 803 1076 832 cum
1103 802 1219 843 opus
1252 789 1324 839 sit,
1357 801 1412 829 ne
1434 788 1479 828 in
1500 802 1623 831 mora

349 863 478 903 nobis
497 861 596 902 siet.

179 996 236 1023 aut
250 1002 298 1023 me
311 1002 371 1022 non
385 991 501 1029 deceat,
520 990 614 1028 Geta,
625 988 746 1027 jndicio
765 996 868 1026 agam.
914 984 982 1016 GE.
1008 983 1092 1019 Quid
1108 984 1191 1013 istud
1206 981 1278 1015 est?
1299 984 1373 1024 quid
1389 985 1446 1016 tibi
1459 985 1627 1018 resistam?

179 1037 288 1066 accedo
304 1039 365 1065 tuce
379 1033 550 1071 sententiae,
567 1036 602 1063 ut
615 1042 681 1072 quoe
697 1030 815 1064 metius,
837 1038 925 1069 quam
947 1037 1003 1066 ego
1024 1028 1119 1064 dicas,
1139 1029 1169 1056 et
1190 1027 1372 1066 prudentius
1397 1028 1523 1059 sentias.
1568 1029 1625 1059 So.

184 1078 233 1109 Tu
247 1081 394 1118 quantum
415 1079 499 1116 potes
513 1075 654 1106 celeriter
675 1073 878 1115 proficiscere,
894 1074 984 1110 atque
1004 1069 1141 1108 Hegioni
1155 1072 1284 1107 cognato
1299 1070 1474 1110 Pamphiloe
1489 1081 1552 1102 rem
1566 1082 1627 1102 om-

179 1130 263 1159 nem,
279 1124 311 1151 ut
323 1123 392 1150 acta
407 1122 464 1156 cst,
477 1128 591 1158 expone
601 1129 611 1148 .·
634 1117 661 1147 z's
676 1117 756 1147 enim
771 1114 889 1145 Simulo
905 1113 1016 1143 marito
1029 1122 1105 1150 meo,
1119 1113 1204 1151 patri
1220 1112 1352 1149 virginis
1362 1124 1495 1144 summus
1510 1115 1628 1144 amicus

176 1162 258 1201 fuit,
277 1167 306 1194 et
330 1173 383 1193 nos
402 1161 535 1192 maxime
564 1160 747 1190 observavit.
791 1158 857 1188 GE.
884 1157 979 1187 Recte
995 1155 1095 1192 faci8‚
1109 1164 1181 1184 nam
1194 1164 1250 1194 per
1268 1155 1433 1186 Herculem
1448 1167 1533 1187 nemo
1549 1157 1628 1187 alius

182 1203 281 1237 nostri
294 1215 398 1236 curam
413 1205 513 1235 habet.
557 1203 616 1233 So.
643 1202 771 1233 Festina
784 1205 830 1236 tu.
844 1209 910 1230 mea
927 1198 1097 1233 Canthara,
1108 1197 1158 1228 abi
1172 1206 1311 1238 propere,
1326 1199 1518 1230 obstetricem
1532 1200 1627 1230 addu-

181 1247 254 1288 cito,
269 1252 317 1288 ul,
328 1257 397 1279 cum
409 1250 519 1288 partus
533 1245 673 1284 instabit,
689 1246 804 1275 nullam
819 1252 932 1274 moram
941 1240 1058 1279 faciat.

785 1349 866 1362 em
1008 1347 1027 1358 e

182 1433 243 1460 net
256 1429 358 1460 Bent.
382 1429 543 1459 intercesse
558 1430 613 1458 aut
627 1427 681 1458 illa
696 1430 751 1457 aut
767 1436 823 1457 me.
849 1426 941 1456 Perl.
960 1423 1086 1454 omittit
1101 1423 1204 1454 ullam.
1250 1423 1331 1454 Par.
1361 1432 1422 1463 pro
1448 1433 1518 1454 var.
1543 1424 1631 1455 illam

180 1475 294 1504 autem.
338 1471 449 1504 Etiam
467 1471 550 1502 GM.
566 1470 641 1502 hab.
657 1471 753 1509 illam,
785 1469 838 1500 cui
858 1469 930 1499 voci
947 1466 1130 1506 subscript.
1145 1467 1242 1506 culpa.
1287 1467 1457 1497 lmen-esse
1480 1467 1557 1507 Bip.
1583 1468 1631 1498 ita

183 1519 221 1546 et
249 1515 307 1545 Er.
335 1514 507 1545 Bam—52
542 1512 738 1544 Priscianus
766 1512 882 1542 Instit.
908 1511 1094 1542 Grammat.
1125 1509 1182 1539 lib.
1208 1517 1288 1539 xw.
1315 1510 1434 1548 accedo,
1458 1512 1491 1539 ut
1517 1510 1632 1541 rectius

182 1558 279 1588 dicas.
322 1557 421 1588 Wiel.
450 1557 505 1587 vel
536 1565 612 1587 cum
636 1556 705 1586 Do.
730 1555 830 1585 dicam
856 1554 948 1593 legit,
984 1552 1037 1582 vel
1065 1551 1199 1590 ellipsin
1225 1552 1360 1589 statuit,
1386 1563 1417 1593 q.
1444 1552 1481 1581 d.
1506 1556 1541 1582 ut
1565 1564 1631 1593 qnoe

183 1601 294 1631 melius
321 1600 419 1630 dicas.
474 1599 676 1639 Quanquam
701 1597 739 1627 τὸ
763 1598 863 1628 dicam
888 1596 920 1626 in
948 1595 1048 1626 nullis
1076 1594 1158 1624 mihi
1184 1594 1278 1624 libris
1305 1601 1491 1633 repertum.
1532 1596 1631 1626 West.

186 1642 271 1677 Quid
293 1639 425 1682 istuc?]'
446 1640 562 1682 Aliqui
584 1641 673 1679 libri,
700 1641 788 1671 inter
816 1649 898 1680 quos
921 1639 1017 1669 Bem.
1040 1638 1118 1668 Bas.
1143 1641 1179 1667 et
1204 1637 1261 1668 Vi.
1295 1637 1379 1672 Quid
1406 1638 1501 1668 istic?
1522 1638 1571 1669 ita
1596 1644 1632 1670 et

185 1685 255 1715 Do.
271 1694 347 1715 nam
373 1685 524 1726 quamvis
540 1684 573 1714 in
601 1693 641 1715 eo
656 1683 815 1714 mendose
837 1683 978 1721 legatur,
996 1680 1081 1715 Quid
1101 1678 1199 1711 istuc?
1226 1684 1341 1710 tamen
1365 1680 1398 1710 in
1419 1681 1633 1720 expositione

186 1727 305 1758 asserit
320 1728 384 1758 hoc
401 1727 448 1758 ita
470 1727 550 1766 dici,
566 1727 659 1767 qnasi
682 1726 864 1762 diceretur,
881 1724 960 1766 quid
984 1724 1038 1754 hic
1064 1723 1241 1752 resistam?
1263 1732 1344 1753 sane
1368 1723 1417 1754 ita
1433 1722 1633 1755 ordinantur

185 1779 302 1800 versus
326 1770 359 1800 in
378 1769 462 1800 libro
478 1769 645 1800 Bembino
661 1773 696 1800 et
713 1768 880 1809 aliquibus
898 1767 982 1804 aliis,
999 1772 1034 1796 nt
1053 1770 1198 1805 ponatur
1224 1770 1303 1795 ante
1319 1765 1391 1796 haec
1409 1765 1512 1796 verba
1529 1767 1633 1797 dictio

184 1812 195 1829 ‘
216 1812 408 1853 Experiar,’
424 1816 461 1843 et
487 1813 531 1843 sit
549 1811 604 1843 hic
628 1812 762 1851 integer
786 1819 916 1850 versus,
940 1809 1109 1850 Experiar.
1149 1807 1216 1838 GE.
1251 1808 1335 1842 Quid
1351 1808 1447 1840 istic?
1470 1811 1577 1840 accedo
1599 1813 1633 1841 ut

183 1855 294 1886 melius
321 1855 432 1886 dicas..
455 1854 513 1886 So.
548 1855 594 1885 Tu
623 1859 770 1895 quantum
792 1856 890 1894 poteS.
926 1853 983 1883 Fa.
1029 1850 1194 1891 Experiar.
1234 1851 1317 1885 Quid
1346 1851 1440 1881 istic?
1462 1853 1569 1882 accedo
1600 1856 1635 1883 ut

183 1899 292 1929 melius
306 1898 400 1929 dicas.
426 1897 473 1928 Tu
487 1907 517 1936 q.
531 1901 627 1936 potes.
673 1898 803 1927 Versus
823 1897 917 1936 justo
934 1894 1060 1934 longior
1083 1898 1147 1924 est.
1191 1893 1344 1933 Remum,
1364 1894 1531 1933 Experiar.
1550 1895 1634 1930 Quid

183 1938 282 1972 istic?
302 1942 387 1979 cedo,
400 1943 436 1970 nt
450 1941 558 1970 melius
572 1940 668 1970 dicas.
711 1940 773 1970 Est
801 1939 856 1979 qui
873 1939 921 1968 sic
945 1937 1013 1977 legi
1031 1938 1123 1974 velit⁷
1147 1935 1212 1967 GE.
1245 1935 1329 1970 Quid
1353 1937 1447 1967 istic?
1483 1938 1541 1967 So.
1573 1938 1635 1969 Ac-

183 1984 265 2015 cede.
301 1983 368 2014 GE.
403 1983 446 2013 Ut
472 1982 581 2013 melius
602 1983 697 2013 dicas.
744 1982 788 2012 Et
809 1985 818 1998 ⁸
834 1980 926 2013 Quid
954 1980 1030 2010 istic
1043 1979 1065 2010 ?’
1087 1979 1146 2017 ait,
1169 1978 1400 2010 dissentientis
1425 1984 1488 2010 est.
1534 1980 1634 2011 Itane

184 2025 291 2056 vero?
313 2031 383 2056 turn
409 2025 475 2056 erit
500 2034 575 2055 cum
597 2025 606 2042 ‘
624 2023 712 2056 non'
727 2028 763 2055 et
783 2025 792 2041 ‘
809 2024 945 2054 minime
960 2022 970 2037 ’
989 2026 1089 2054 erunt
1113 2022 1342 2053 assentientis.
1386 2022 1450 2052 Sed
1478 2027 1512 2053 et
1542 2023 1634 2054 aliud

186 2068 375 2108 experitur,
387 2067 472 2102 Quid
482 2067 554 2098 istic
568 2068 661 2098 cedo?
683 2069 717 2097 ut
733 2076 802 2097 eum
817 2066 911 2104 injus
926 2067 1045 2096 ducas?
1082 2065 1112 2095 Ο
1131 2064 1344 2104 conjecturas
1357 2065 1489 2103 lepidas
1506 2070 1541 2095 et
1559 2076 1636 2106 pro-

185 2111 332 2142 babiles!
356 2110 452 2141 Bent.
490 2110 591 2140 Both.
610 2109 692 2150 legit
711 2110 795 2144 Quid
818 2108 916 2141 istic?
937 2110 1007 2140 cedo
1024 2130 1032 2139 .
1047 2131 1054 2138 .
1067 2130 1075 2139 .
1089 2110 1200 2147 potest.
1218 2108 1276 2137 Br.
1313 2105 1421 2142 Quid?
1436 2107 1506 2138 istic
1527 2111 1634 2141 accedo

187 2176 195 2184 .
214 2176 222 2184 .
239 2175 248 2184 .
264 2153 304 2183 In
316 2163 345 2192 q.
360 2162 393 2192 p.
417 2152 543 2191 Delph.
575 2152 660 2187 Quid
675 2149 771 2183 istic?
784 2172 792 2181 .
806 2174 814 2182 .
826 2173 834 2182 .
852 2151 891 2182 In
914 2154 1060 2192 qnantum
1073 2153 1172 2190 potae,
1188 2149 1252 2187 abi,
1270 2149 1499 2190 transfertque
1517 2151 1636 2182 dictio·

185 2205 262 2226 nem
278 2196 288 2212 ‘
305 2194 472 2233 Experiar
485 2195 493 2207 '
506 2193 548 2224 ad
567 2204 613 2225 vs.
643 2194 896 2234 praecedentem
911 2205 919 2224 t
944 2194 1126 2232 indignam,·
1147 2194 1301 2231 experiar,
1326 2193 1417 2223 Geta.
1443 2193 1527 2228 Quid
1542 2193 1635 2226 istic?

187 2238 314 2269 Z.—53
338 2237 453 2277 Aliqui
470 2236 548 2267 libri
564 2237 683 2277 scripti
700 2237 790 2267 inter
804 2246 887 2278 quos
912 2237 1009 2267 Beni.
1035 2236 1082 2266 ita
1098 2234 1225 2265 habent
1237 2244 1303 2265 rem
1318 2239 1460 2266 enarrate
1476 2246 1591 2266 omnem
1607 2248 1636 2269 ο.

187 2282 233 2312 Et
261 2289 324 2320 pro
353 2279 443 2318 hujus
472 2280 568 2310 Rem.
606 2279 706 2311 habet
736 2279 810 2317 ejuS.
848 2279 907 2309 Fa.
955 2278 1072 2309 Nostri
1103 2287 1218 2308 omnes
1247 2277 1348 2316 hujus.
1379 2278 1499 2309 Recte.
1540 2280 1636 2311 Bent.

187 2324 344 2354 Euan-ato
369 2323 428 2353 ΒΓ.
446 2323 539 2353 Perl.
561 2322 642 2361 Ejus
653 2332 680 2353 r.
703 2325 847 2353 enarrata
863 2321 943 2362 Bip.
960 2321 1104 2351 Bothius
1128 2320 1211 2359 legit
1228 2320 1301 2357 Abi,
1320 2320 1365 2351 H.
1382 2325 1510 2359 cognato
1532 2322 1637 2362 hujus,

186 2375 273 2397 omne
286 2368 429 2396 enar-rato
444 2366 648 2396 ordina—54
674 2365 792 2395 Nostro
806 2364 937 2395 Simulo.
984 2364 1052 2395 Cur
1068 2373 1134 2393 non
1151 2362 1275 2403 potius,
1291 2366 1374 2393 meo?
1397 2373 1470 2394 cum
1488 2364 1634 2395 Simulus

186 2408 343 2439 videatur
366 2407 471 2438 fuisse
493 2408 631 2438 maritus
645 2407 823 2445 Sostratae,
839 2412 939 2446 pater
956 2405 1159 2446 Pamphilae.
1189 2405 1287 2436 West.
1311 2406 1411 2436 Both.
1425 2416 1559 2436 summus
1582 2407 1634 2438 Si-

186 2450 435 2487 ramosum—55
462 2451 530 2481 Pro
554 2450 693 2490 Propera
717 2449 850 2490 reponit
867 2449 967 2479 Bent.
992 2449 1135 2489 Propere.
1173 2447 1230 2479 lta
1253 2452 1288 2479 et
1312 2448 1371 2480 dat
1389 2448 1490 2480 Both.
1529 2449 1636 2482 Abest

185 2496 222 2524 «tu
237 2492 353 2525 Guelf.
367 2495 486 2524 2.—56
509 2492 592 2524 GM.
610 2494 755 2525 collocat
769 2502 843 2533 opus
852 2502 922 2523 cum
934 2491 985 2522 sit.
