1966 3302
517 241 864 275 ADELPHORUM
899 237 1096 269 ACT.1v.
1128 237 1196 267 sc.
1221 238 1264 266 v.
1531 223 1618 266 759

162 343 250 385 M1.
281 340 372 383 Abi
392 339 581 389 domum,
617 352 670 380 ac
703 339 828 380 Deos
862 346 1161 390 comprecare,
1192 336 1241 374 ut
1270 343 1453 373 uxorem
1473 341 1619 370 arces-

333 419 431 449 sas:
465 408 552 448 abi.
1561 396 1618 437 65

161 479 264 520 AEs.
296 475 448 527 Quid?
488 475 582 530 Jam
617 473 830 515 uxorem?
904 472 992 513 M1.
1021 470 1139 512 Jam.
1211 467 1308 510 AEs.
1340 466 1469 508 Jam'?
1532 463 1618 504 M1.

331 544 449 594 Jam,
472 547 682 597 quantum
704 545 843 595 potes.
903 539 1005 579 AEs.
1037 538 1098 579 Di
1119 549 1203 586 me,
1225 539 1365 591 pater,

163 615 331 656 Omnes
354 613 540 661 oderint,
559 611 606 651 ni
626 609 770 661 magis
792 612 850 657 te,
869 619 1000 660 quam
1024 605 1183 646 oculos
1202 616 1317 644 nunc
1341 614 1442 643 amo
1464 612 1601 641 meos.

162 682 250 724 M1.
283 667 589 733 Quid-{Euam
620 676 777 718 illam'?
850 674 950 715 AEs.
983 674 1144 726 AEque.
1209 671 1294 711 Mi.
1328 669 1619 722 Perbenigne.

333 748 433 789 AES.
466 746 609 797 Quid!
639 745 714 786 ille
733 743 811 784 ubi
833 747 901 783 est
924 740 1162 782 Milesius'?

165 816 251 857 M1.
282 815 434 866 Abiit3
465 814 625 867 periit3
655 824 813 852 navem
835 809 1058 851 ascendit:
1090 808 1261 849 sedeur
1282 806 1466 847 cessas?
1522 804 1624 845 AEs.

335 882 439 931 Abi,
461 885 611 934 pater:

160 951 232 993 Tu
252 950 404 1004 potius
427 948 553 989 Deos
576 957 883 1000 comprecare3
913 956 1015 984 nam
1036 943 1114 984 tibi
1136 955 1228 992 eos,
1251 945 1375 982 certo
1396 940 1508 990 scio,
1568 941 1625 982 ’70

165 1018 270 1070 Quo
300 1018 368 1060 vir
397 1017 556 1058 melior
576 1015 713 1076 milito
734 1027 797 1064 es,
828 1026 961 1068 quam
984 1025 1082 1066 ego,
1119 1012 1509 1063 obtemperaturos
1531 1021 1626 1050 ma-

336 1085 418 1139 gis·
608 1070 668 1079 „m

165 1154 252 1197 M1.
285 1153 380 1207 Ego
400 1165 454 1193 eo
481 1151 611 1200 intro,
633 1155 697 1201 ut,
720 1162 821 1204 quae
845 1160 961 1203 opus
984 1151 1099 1197 sunt,
1132 1147 1359 1200 parentur:
1391 1148 1439 1187 tu
1469 1143 1558 1195 fac,
1578 1148 1628 1186 ut

339 1219 450 1270 dixi,
469 1219 507 1260 si
528 1212 695 1272 sapis's⁷
1206 1211 1251 1216 '-

164 1324 232 1354 dat.
270 1320 338 1352 M1.
360 1318 414 1350 Ad
430 1319 511 1349 aedes
526 1320 648 1348 nostras
669 1316 875 1358 proficiscere,
891 1326 926 1346 ac
943 1314 1028 1346 Deos
1049 1311 1191 1353 precibus
1207 1321 1315 1350 exora,
1331 1315 1364 1342 ut
1377 1314 1483 1350 postea
1498 1320 1627 1341 uxorem

164 1364 378 1396 accersendam
406 1371 492 1393 cures
503 1371 514 1392 .·
537 1360 739 1402 proficiscere.
785 1360 852 1391 AES.
890 1359 986 1397 Quid,
1018 1359 1082 1388 tam
1111 1356 1174 1386 cito
1204 1353 1356 1386 uxorem?
1385 1355 1516 1394 jamne?
1561 1355 1630 1385 Μῐ.

165 1409 251 1439 Jnm.
297 1406 364 1437 AEs.
381 1405 478 1435 Jam?
522 1404 588 1434 M1.
616 1404 776 1439 Quantum
791 1402 852 1434 cito
868 1401 947 1443 fieri
960 1403 1073 1441 potest.
1119 1399 1188 1429 JES.
1214 1398 1267 1428 Ita
1282 1397 1385 1436 velim,
1400 1401 1501 1437 pater,
1514 1400 1548 1428 ut
1567 1397 1630 1427 Dii

166 1460 270 1482 omn-es
284 1449 353 1480 odio
367 1458 415 1479 me
430 1447 574 1482 habeant,
589 1446 651 1477 nisi
668 1449 698 1476 te
712 1447 781 1486 plus
796 1445 891 1477 oculis
906 1445 981 1475 meis
996 1453 1076 1473 amo.
1114 1441 1181 1472 M1.
1208 1441 1305 1478 Quid,
1318 1441 1386 1480 plus
1401 1441 1456 1471 illa
1474 1440 1630 1480 Pamphi-

166 1494 222 1524 la?
265 1492 332 1524 AEs.
357 1491 662 1530 Tantum,quantum
677 1489 773 1519 illam.
819 1489 885 1519 Mr.
910 1487 1040 1518 Abunde
1065 1487 1124 1523 est,
1140 1487 1170 1515 et
1192 1485 1352 1524 plusquam
1376 1483 1454 1514 mihi
1479 1483 1557 1514 satis
1571 1486 1631 1514 est.

167 1537 238 1568 AES.
262 1535 324 1566 Sed
348 1534 473 1564 ubinam
497 1536 543 1563 est
569 1533 655 1563 homo
678 1532 731 1562 ille
747 1531 915 1562 Milesius?
958 1530 1023 1560 M1.
1048 1527 1214 1565 Discessit,
1232 1525 1400 1565 naufragio
1415 1525 1525 1566 periit,
1546 1529 1632 1566 post-

166 1588 257 1620 quam
271 1578 352 1609 mari
367 1587 398 1607 se
421 1576 530 1613 dedit;
553 1576 606 1606 sed
621 1584 675 1605 cur
700 1575 820 1606 tamdiu
843 1570 1000 1604 moraris?
1048 1572 1117 1602 [Ἐς.
1144 1569 1219 1608 Abi,
1247 1573 1359 1610 putem
1386 1573 1417 1600 te
1430 1568 1533 1609 potius
1548 1569 1633 1599 Deos

168 1622 290 1662 precari
304 1619 444 1659 eonvenit
456 1630 466 1650 .·
489 1628 560 1649 nam
575 1621 675 1650 certus
690 1628 770 1656 sum,
784 1618 865 1658 quod
882 1617 975 1647 multo
991 1616 1092 1653 magis
1104 1613 1216 1654 probus
1232 1616 1262 1643 et
1277 1614 1349 1652 pius
1366 1612 1397 1642 in
1418 1621 1468 1642 eos
1481 1621 1526 1650 es,
1541 1621 1634 1652 quam

169 1674 226 1703 ego
251 1674 331 1704 sum,
354 1662 423 1693 illos
443 1662 549 1703 potius
563 1665 595 1692 te
610 1661 817 1692 exaudituros.
867 1660 930 1690 M1.
955 1660 1026 1697 Ego
1049 1657 1130 1687 intro
1146 1657 1267 1686 domum
1287 1665 1333 1693 eo,
1359 1658 1395 1685 ut
1414 1664 1517 1685 curem
1531 1654 1634 1685 omnia

165 1709 320 1748 paranda,
335 1705 443 1748 quibus
464 1714 545 1736 nunc
560 1714 635 1736 usus
649 1708 695 1736 est
708 1714 717 1735 .·
742 1707 777 1735 tu
792 1713 839 1739 ea,
854 1713 922 1744 quae
938 1705 969 1733 te
983 1701 1101 1740 monui,
1116 1708 1277 1739 exequere,
1292 1698 1321 1728 si
1337 1697 1461 1738 sapiens
1472 1707 1514 1729 es.
1561 1697 1631 1728 AEs.

777 1785 1016 1798 coeaeaeaemoee

171 1858 328 1900 antiquus
344 1856 442 1888 liber.
465 1855 526 1887 Fa.
573 1853 648 1885 Nisi
663 1852 751 1894 quia]
773 1851 831 1883 Ita
855 1850 1023 1891 expressi,
1046 1849 1208 1891 plurimos
1236 1853 1271 1879 et
1299 1847 1557 1889 probatissimos
1574 1849 1637 1880 Co-

171 1902 265 1933 dices
290 1905 438 1932 secutus.
483 1899 529 1929 Et
555 1902 608 1929 est
629 1896 808 1932 cornicum,
832 1894 918 1925 ‘nisi
941 1892 1044 1934 quia,'
1069 1898 1115 1932 et,
1139 1893 1275 1924 ‘nescio
1300 1891 1390 1922 nisi!
1432 1892 1532 1923 Unde
1549 1892 1635 1924 adeo

172 1943 345 1976 immerito
359 1942 396 1973 τὸ
419 1941 494 1973 Nisi
517 1940 649 1980 respuit
676 1938 840 1970 Faernus.
885 1937 982 1967 Bona
1010 1946 1087 1976 pars
1115 1936 1201 1967 Mss.
1227 1940 1263 1966 et
1290 1935 1544 1975 impressorum,
1570 1936 1636 1966 ideo

172 1997 288 2020 vereor.
311 1987 420 2017 West.
465 1984 551 2015 Tres
567 1992 610 2014 ex
626 1982 752 2013 nostris
769 1990 845 2012 cum
863 1979 952 2010 Edd.
969 1984 1054 2011 vett.
1089 1978 1164 2010 Nisi
1188 1978 1272 2019 quia.
1309 1978 1531 2009 Correctores
1557 1979 1635 2010 olim

173 2031 355 2071 ejecerunt
369 2028 465 2059 Nisi.-
491 2027 586 2068 atqui
609 2025 813 2066 ejiciendum
830 2022 944 2054 fuerat
969 2022 1053 2062 quia.
1102 2021 1235 2052 Nescio:
1261 2021 1338 2052 Nz'si
1364 2024 1427 2052 tam
1451 2021 1560 2052 misere
1582 2022 1636 2052 hoc

173 2083 239 2104 esse
254 2071 342 2112 cupio
357 2081 473 2109 verum,
494 2079 528 2100 eo
543 2078 649 2100 vereor
665 2067 777 2108 magis.
801 2067 905 2097 Bent.
950 2065 1068 2096 Habet
1083 2062 1200 2096 Guelf.
1215 2066 1246 2094 1.
1269 2064 1367 2105 cupio.
1417 2064 1530 2095 Verum
1550 2065 1583 2095 id
1605 2075 1639 2095 v.

173 2127 216 2148 m.
258 2115 305 2146 Et
321 2117 353 2145 2.
368 2113 434 2144 ideo
452 2122 514 2153 pro
531 2122 576 2142 eo.
600 2112 693 2142 Perl.
739 2111 824 2141 Fere
849 2108 948 2140 codd.
983 2108 1058 2139 Nisi
1072 2107 1144 2148 quia
1159 2111 1223 2137 tam
1237 2117 1278 2138 m.
1301 2106 1462 2138 mendose
1477 2107 1613 2148 quidem
1630 2118 1638 2139 z

175 2156 267 2200 quod
287 2157 338 2188 vel
360 2160 505 2187 metrum
529 2154 670 2186 indicat.
715 2153 872 2192 Vulgatae
898 2151 982 2187 Quia
1008 2154 1072 2181 tam
1097 2161 1139 2181 m.
1166 2148 1297 2180 difficili
1324 2150 1379 2181 τοῦ
1405 2160 1438 2181 eo
1463 2151 1637 2183 relatione.

174 2202 277 2233 Bent.
300 2199 446 2239 denique
472 2197 560 2228 haud
586 2197 705 2227 melius
724 2196 801 2226 Nisi
822 2199 886 2226 tam
901 2205 943 2225 m.
969 2194 1070 2226 Both.
1096 2194 1151 2233 qui
1180 2192 1240 2223 dat
1266 2193 1341 2223 Nisi
1366 2202 1457 2234 quam
1476 2204 1518 2226 m.
1565 2193 1640 2225 Nisi

174 2244 287 2275 omitt.
302 2243 361 2274 ΒΓ.
379 2241 417 2273 Ζ.
432 2241 596 2280 Bip.-—65
621 2240 770 2271 Accersas
799 2238 900 2268 Bent.
927 2237 1144 2277 Delph.—66
1166 2236 1240 2266 Jam
1256 2235 1398 2275 uxorem]
1421 2237 1472 2267 M.
1490 2236 1561 2275 jam
1583 2237 1639 2267 du-

174 2297 243 2318 cam
263 2283 417 2316 uxorem?
439 2284 510 2315 Ms.
534 2282 628 2323 Lips.
652 2282 752 2313 Bodl.
780 2279 903 2311 Boend.
927 2289 1003 2310 cum
1030 2278 1102 2310 EA.
1130 2282 1166 2309 et
1192 2278 1391 2320 quibusdam
1422 2279 1513 2310 aliis:
1530 2279 1639 2318 jamne

175 2338 306 2361 uxorem
320 2325 455 2359 ducam?
479 2326 559 2357 Gul.
576 2326 757 2363 Canterus,
771 2327 920 2364 quantum
934 2325 1047 2363 potest.
1086 2321 1189 2353 Forte
1206 2321 1325 2352 melius
1342 2332 1350 2352 ε
1367 2326 1488 2363 estque
1504 2324 1639 2362 elegans

176 2377 214 2405 et
229 2372 331 2413 plane
345 2370 477 2402 comica
492 2368 634 2400 locutio.
664 2368 762 2400 West.
806 2368 920 2397 Jamne
936 2364 1078 2405 uxorem]
1110 2364 1287 2395 Particula
1302 2375 1352 2403 ne,
1375 2374 1439 2396 nec
1462 2375 1481 2396 a
1498 2366 1640 2396 Donato

177 2416 328 2457 ponitur,
350 2423 414 2445 nec
443 2417 497 2444 est
521 2411 555 2442 in
582 2410 668 2441 libro
697 2409 886 2446 Bembi1103
912 2413 1058 2448 utroque
1083 2412 1197 2438 tamen
1220 2406 1318 2438 modo
1344 2412 1414 2438 stat
1429 2417 1558 2440 versu&
1581 2409 1641 2440 Fu.

177 2457 300 2491 Nostri
308 2457 427 2496 jamne.
471 2455 552 2493 Sed,
567 2464 629 2494 pro
644 2457 742 2494 potes,
758 2453 957 2483 veterrimus
974 2456 1089 2481 noster
1104 2453 1223 2489 potest.-
1247 2455 1281 2481 et
1297 2450 1344 2481 sic
1361 2450 1539 2489 Donatus3
1564 2461 1639 2482 cum

178 2502 229 2533 sic
246 2499 413 2540 explicat,
434 2498 444 2516 ‘
456 2497 528 2528 Aut
543 2496 655 2535 deest,
672 2496 740 2527 cito
755 2507 764 2535 ;
787 2501 859 2533 ant,
874 2495 1046 2527 Quantum
1065 2498 1181 2533 potest
1197 2492 1296 2523 esse.’
1319 2493 1416 2524 Bent.
1460 2494 1502 2526 R.
1519 2499 1555 2525 et
1571 2499 1640 2525 vet.

179 2543 256 2576 cod.
271 2542 320 2582 [et
338 2541 415 2581 Bru]
434 2540 506 2580 jam
528 2549 656 2570 uxorem
679 2540 810 2570 ducam?
835 2538 930 2568 Liud.
974 2538 1087 2567 Jmnne
1102 2545 1229 2567 uxorem
1251 2536 1345 2567 Perl.
1361 2536 1487 2576 Delph.
1530 2537 1641 2568 Potest

180 2588 240 2618 Bt.
259 2586 340 2625 Bip.
356 2584 485 2624 Delph.
503 2583 605 2613 Both.
621 2582 715 2612 Pei-l.
761 2582 840 2612 Non
865 2580 1055 2619 interrogat
1082 2579 1140 2610 ΒΓ.
1167 2583 1246 2619 post
1267 2579 1408 2610 tertium
1431 2581 1440 2596 ‘
1454 2578 1640 2612 Jam.'—67

180 2628 330 2661 Codices
346 2627 499 2668 plerique
517 2634 646 2663 omnes,
667 2634 747 2654 nunc
762 2634 817 2662 ego
833 2633 900 2653 amo
917 2633 1006 2653 meos.
1053 2622 1161 2653 Recte
1177 2633 1185 2660 ;
1211 2628 1248 2652 nt
1266 2622 1300 2652 in
1317 2632 1355 2652 ea
1371 2621 1451 2652 sede
1474 2622 1641 2663 Dactylns

180 2673 236 2709 sit,
262 2680 328 2702 non
349 2671 546 2700 Trochaeus.
570 2668 668 2698 Bent.
715 2667 807 2697 Nunc
830 2676 885 2704 ego
906 2675 974 2695 amo
1000 2665 1039 2695 R.
1063 2665 1158 2697 Liml.
1204 2664 1248 2695 Et
1273 2664 1322 2695 sie
1348 2665 1407 2696 Br.
1432 2665 1511 2706 Bip.
1538 2666 1641 2697 Both.

181 2714 279 2745 Peri.
324 2713 422 2752 Mage
436 2712 627 2743 Rom—68
653 2709 757 2745 Quid?
783 2705 908 2744 Quam?
934 2708 1050 2739 Illam?
1072 2708 1131 2739 ΒΓ.
1181 2707 1240 2737 Ubi
1265 2708 1319 2738 ille
1345 2707 1531 2739 Rom-69
1556 2708 1642 2739 Can-

182 2761 277 2788 tetus
305 2756 394 2787 Nov.
421 2756 517 2786 Lect.
541 2762 592 2784 lv.
618 2755 671 2784 24.
697 2752 817 2783 Navem
832 2751 984 2789 ascendit,
999 2750 1090 2790 abiit,
1113 2749 1220 2790 periit.
1255 2750 1350 2781 AM.
1368 2750 1463 2782 abest
1490 2750 1528 2781 τὸ
1542 2750 1645 2782 Abiit.

186 2799 297 2831 west.
336 2799 451 2830 Nuvim
468 2794 586 2829 Guelf.
605 2798 725 2827 3.-70
752 2795 841 2835 Lege
858 2794 942 2825 Deos
955 2793 1071 2834 potius.
1095 2794 1198 2825 Beni.
1235 2794 1396 2835 Sequitur
1412 2794 1511 2826 Both.
1551 2795 1643 2825 Certe
