1966 3302
415 243 835 276 HuAnroNrrmoR.
867 242 974 272 Aer,
1005 241 1079 271 ιιι.
1112 240 1182 271 sc.
1214 240 1246 269 1.
1474 228 1559 270 595

105 344 246 397 Syrus
265 344 332 383 est
347 338 692 395 prehendendus,
714 342 849 391 atque
872 334 1171 377 adhortandus
1191 333 1309 374 mihi.

106 409 148 451 A
168 423 237 451 me
257 409 408 449 nescio
428 408 529 461 quis
552 408 671 448 exit:
703 405 896 446 concede
914 404 1018 444 hinc
1039 403 1235 452 domum,
1505 401 1562 441 90

107 477 180 519 Ne
201 490 281 518 nos
302 476 410 516 inter
429 487 510 515 nos
530 485 766 526 congruere
788 472 989 513 sentiant.

107 544 296 585 Paulum
316 541 463 595 negoti
483 541 589 582 mihi
611 541 760 582 obstat
778 552 788 580 :
821 539 970 580 Simus
992 541 1036 579 et
1057 536 1193 588 Crito,

109 611 255 653 Vicini
276 611 429 660 nostri,
448 610 520 650 hie
543 608 768 661 ambigunt
788 607 844 647 de
865 606 1052 647 finibus:

109 680 187 721 Me
208 691 368 732 cepere
390 677 623 719 arbitrum:
655 676 744 725 ibo,
767 688 820 716 ac
841 674 1003 724 dicam,
1022 677 1072 714 ut
1088 673 1304 724 dixeram,

108 745 302 800 Operam
325 745 527 786 daturum
542 756 629 794 me,
647 742 781 783 hodie
801 754 890 782 non
913 754 1049 795 posse
1069 741 1139 782 his
1160 740 1277 781 dare.
1508 737 1565 779 95

108 815 334 856 Continuo
355 813 427 854 hic
450 811 596 852 adero.
658 810 757 851 ME.
789 809 861 851 Ita
879 821 1049 863 quaeso.
1110 808 1171 850 Di
1193 809 1386 848 vostram
1408 805 1563 847 fidem!

108 882 183 923 Ita
204 884 510 935 comparatam
532 892 627 921 esse
646 878 870 920 hominum
892 881 1094 919 naturam
1120 875 1334 925 omnium,

105 1002 185 1035 ciam
198 1007 234 1035 ut
246 1007 423 1045 properent,
438 1006 468 1034 et
474 1002 582 1044 filium
596 1002 714 1032 videas.
757 1000 855 1041 Syrus
871 1004 918 1032 est
931 999 1010 1031 mihi
1029 997 1263 1034 conveniendus,
1288 1000 1381 1038 atque
1400 997 1569 1027 adhortan-

107 1046 165 1078 dus
185 1050 221 1078 nt
242 1047 372 1078 deducat
377 1045 485 1088 filium
508 1048 595 1077 tuum
610 1046 651 1076 acl
665 1048 708 1075 te.
754 1044 867 1075 Nescio
883 1043 952 1084 quis
966 1043 1127 1082 egreditur
1142 1051 1161 1071 a
1177 1042 1265 1071 domo
1281 1050 1360 1071 mea.
1407 1039 1522 1076 Confer
1538 1041 1569 1068 te

108 1087 180 1120 hinc
202 1090 335 1129 domum,
358 1099 396 1119 ne
409 1088 478 1130 filia·
500 1089 601 1119 nostri
622 1085 797 1128 percipiant
819 1096 873 1117 nos
897 1085 1067 1117 consentire
1090 1085 1123 1115 in
1147 1084 1253 1114 eadem
1278 1086 1391 1114 mente.
1437 1080 1567 1121 Aliquid

107 1133 323 1163 controversia:
344 1131 475 1171 impedit
497 1140 557 1169 me,
577 1130 738 1170 quominus
762 1130 885 1160 domum
906 1138 990 1160 eam.-
1013 1127 1156 1158 videlicet
1182 1126 1290 1157 Simus
1311 1130 1341 1157 et
1368 1125 1457 1155 Crito
1473 1122 1570 1154 vicini

108 1174 209 1207 nostri
224 1174 352 1214 litigant
376 1174 426 1205 hic
446 1175 483 1205 de
505 1174 646 1206 terminis
671 1181 818 1211 agrorum
836 1181 980 1202 suorum.-
1002 1172 1161 1210 elegerunt
1176 1179 1223 1200 me
1239 1169 1406 1199 arbitrum.
1453 1167 1509 1197 Ibo
1525 1166 1566 1195 ad

109 1226 169 1253 eos,
183 1221 213 1248 et
229 1218 275 1249 eis
289 1218 389 1249 dicam
408 1227 456 1247 me
479 1227 539 1248 non
559 1225 647 1256 posse
669 1214 757 1246 hodie
781 1223 893 1246 vacare
915 1223 1020 1245 eorum
1044 1212 1191 1252 negotiis,
1205 1212 1285 1242 sicut
1296 1211 1500 1253 promiseram
1522 1218 1570 1239 me

108 1264 298 1292 vacaturum.
347 1260 500 1291 Continuo
526 1262 641 1300 praesto
672 1258 722 1289 hic
752 1267 814 1288 ero.
872 1257 944 1288 ME.
969 1256 1023 1287 Sic
1044 1255 1162 1295 facias,
1189 1264 1276 1294 rog-0.
1333 1254 1406 1292 Dii,
1436 1256 1569 1283 vestram

99 1301 200 1342 fidem
214 1307 303 1345 atque
318 1313 404 1344 opem
418 1303 524 1334 invoco
535 1301 550 1334 !
574 1301 664 1332 Itane
680 1304 728 1332 est
742 1310 860 1340 verum,
873 1300 1032 1340 ingenium
1048 1298 1205 1329 hominum
1221 1298 1266 1329 sic
1280 1307 1343 1329 esse
1359 1297 1572 1333 constitutum,

722 1394 960 1407 “eleeto-eote

110 1464 154 1492 est
165 1461 399 1502 prehendendus
413 1473 443 1492 a.
458 1471 488 1493 α.
504 1461 593 1492 mihi.
641 1460 741 1501 Cupio
766 1461 868 1501 ipsum
887 1459 962 1497 jam
988 1460 1044 1490 ΒΓ.
1091 1457 1146 1490 Al.
1178 1458 1341 1489 omittunt
1365 1456 1466 1497 ipsum
1493 1465 1569 1496 per-

111 1514 238 1545 peram.
269 1505 444 1537 Perl.-89
475 1505 560 1536 Mss.
588 1507 625 1535 et
651 1503 735 1535 editi
763 1502 915 1544 quidam,
949 1502 1231 1543 apprehendendus.
1280 1501 1318 1532 ln
1346 1500 1421 1532 cod.
1449 1499 1571 1530 Bembi

111 1547 312 1588 ascriptum,
333 1548 343 1564 ‘
361 1547 459 1578 deest
474 1548 514 1578 ad
525 1557 536 1578 .·
559 1546 618 1577 sed
637 1546 713 1578 ideo
729 1545 967 1586 praetermisit,
989 1546 1064 1586 quia
1079 1545 1232 1576 dicturus
1248 1549 1323 1575 erat
1338 1541 1572 1574 adhortandus.’

111 1590 198 1622 Quae
214 1590 381 1630 ipsissima
397 1590 597 1630 Calphurnii
613 1590 716 1620 verba
740 1593 830 1621 sunt.
859 1589 955 1619 West.
999 1588 1152 1619 ‘Omnes
1181 1588 1290 1618 nostri
1317 1591 1352 1618 et
1378 1590 1463 1617 vett.
1493 1584 1572 1615 edd.

109 1633 392 1673 apprehendendus,
414 1633 503 1673 quod
519 1632 663 1664 vividius
680 1631 819 1672 vulgato
832 1630 1089 1672 prehendendus.’
1114 1631 1215 1662 Both.
1263 1630 1321 1660 ΒΥ.
1338 1630 1463 1669 appreh.
1481 1631 1573 1668 atque

110 1675 376 1707 hortandus—91
402 1675 549 1708 Quidam
563 1675 611 1707 sic
627 1675 739 1707 versui
755 1674 959 1716 opitulatum
976 1679 1070 1712 eunt,
1095 1674 1145 1704 Ne
1167 1673 1216 1704 illi.
1240 1683 1295 1703 nos
1317 1673 1401 1703 inter
1423 1682 1479 1702 nos
1503 1680 1573 1700 con-

108 1728 222 1757 gruere
243 1728 269 1750 s.
312 1719 376 1749 Vir
398 1718 553 1749 eruditus
578 1718 642 1749 hoc
670 1718 783 1755 modo,
805 1718 858 1748 Ne
880 1720 997 1748 nosmet
1023 1718 1108 1748 inter
1135 1726 1191 1747 nos
1215 1725 1304 1755 cong.
1331 1725 1357 1746 s.
1403 1713 1576 1751 Dederat,

112 1761 247 1801 opinor,
269 1759 413 1800 Auctor,
437 1762 490 1792 Ne
511 1771 567 1792 nos
590 1761 612 1791 i.
638 1771 671 1792 n.
695 1761 869 1792 consentire
891 1770 915 1791 s.
939 1760 1043 1792 Bent.
1087 1759 1096 1776 ‘
1110 1759 1210 1798 Vulg.
1230 1767 1412 1798 congruere,
1435 1757 1574 1788 labante

112 1813 211 1834 versu
226 1814 233 1834 :
259 1814 336 1835 nam
350 1813 518 1844 congruere
535 1803 661 1834 dixisse
678 1808 826 1844 veteres,
841 1801 1123 1844 quemadmodum
1141 1802 1259 1833 dixere
1276 1803 1286 1819 ‘
1300 1800 1441 1840 ferv0,'‘
1455 1799 1577 1839 fulgo,’

111 1847 120 1863 ‘
133 1847 264 1886 strido‚'
281 1849 290 1864 ⁴
303 1845 404 1886 tuor,'
421 1847 501 1878 item
517 1848 526 1864 ‘
540 1845 672 1887 fodire‚’
699 1846 709 1864 ‘
723 1845 844 1886 linire‚’
870 1846 879 1862 ‘
893 1844 1033 1884 moriri,'
1051 1847 1060 1862 ‘
1072 1844 1261 1883 arcessire,'
1275 1854 1341 1876 non
1357 1843 1481 1883 probat
1497 1843 1574 1873 Μιι-

113 1889 232 1921 retus.’
257 1889 353 1922 Both.
380 1890 438 1931 qui
465 1899 545 1929 ergo
576 1889 660 1929 legit
689 1889 877 1929 congruisse.
923 1889 1106 1919 Consentire
1131 1888 1256 1928 probat
1285 1887 1466 1919 perr—92
1490 1887 1574 1917 Mss.

113 1931 250 1973 quidam
266 1932 374 1973 [inter
389 1942 473 1973 quos
490 1933 533 1964 G.
549 1936 584 1963 et
606 1932 679 1963 ET.
704 1936 741 1963 ut
768 1936 866 1963 notat
892 1930 925 1961 in
950 1930 1057 1970 Add.]
1082 1931 1218 1961 Paulum
1241 1931 1297 1962 hoc
1323 1929 1440 1969 negoti.
1465 1929 1573 1960 West.

112 1976 121 1992 ‘
139 1975 230 2015 Lege
246 1984 289 2006 ex
305 1975 429 2006 nostris
446 1974 601 2006 omnibus
617 1980 653 2006 et
667 1974 745 2005 edd.
761 1978 846 2006 vett.
862 1974 996 2005 Paulum
1008 1974 1064 2004 hoc
1075 1974 1191 2013 negoti.
1216 1973 1334 2012 Vides,
1346 1979 1383 2003 ut
1395 1971 1572 2003 commode

114 2026 228 2048 versus
241 2018 503 2058 conjungantur,
527 2018 635 2049 tribus
647 2017 714 2048 illis
728 2018 804 2048 hinc
819 2017 952 2048 amotis.
998 2017 1135 2057 Operam
1146 2016 1242 2047 dabo.-
1261 2017 1392 2047 Paulum
1404 2015 1503 2046 modo
1519 2015 1573 2045 hoc

112 2060 219 2099 negoti
234 2061 277 2091 mi
289 2061 401 2091 obstat.
426 2061 535 2092 Recte
547 2060 623 2096 hoc5
647 2060 727 2101 quia
739 2060 854 2091 statim
869 2063 996 2097 narrat,
1011 2059 1101 2101 quod
1118 2058 1184 2090 sit)
1204 2059 1300 2091 Bent.
1325 2059 1459 2089 Paulum
1470 2058 1526 2088 hoc
1540 2068 1572 2088 n.

114 2102 174 2133 Br.
189 2103 270 2143 Bip.
284 2102 379 2134 Perl.
396 2103 500 2134 Both.
516 2103 643 2143 Delph.
690 2103 836 2134 Zeunius
857 2103 941 2142 legit
968 2103 1139 2133 Paululum
1160 2102 1365 2142 neg'otz'.—93
1390 2101 1492 2140 Vulg.
1511 2100 1574 2139 hic,

115 2145 207 2176 nulla
231 2145 286 2176 vi:
308 2144 385 2177 cod.
416 2145 518 2185 Α,Ιιί,
542 2145 632 2177 unde
661 2152 819 2186 apparet,
845 2146 1010 2187 scriptum
1032 2144 1136 2175 fuisse
1153 2145 1230 2184 hice,
1250 2148 1287 2175 ut
1311 2144 1449 2184 passim.
1477 2144 1573 2174 Both.

114 2190 199 2219 —95
223 2188 308 2220 GM.
325 2188 399 2228 hiis,
417 2188 507 2219 haud
530 2187 633 2219 dubie
649 2197 711 2228 pro
726 2189 786 2220 his.
813 2188 902 2219 Perl.
953 2188 998 2219 lz's
1013 2187 1096 2218 dant
1112 2188 1171 2218 ΒΓ.
1188 2188 1396 2219 Perl.Bent.
1414 2187 1452 2218 Z.
1469 2186 1572 2217 Both.

114 2233 200 2262 -96
224 2230 421 2272 Legendum
451 2235 569 2262 monet
596 2232 698 2262 Bent.
727 2232 763 2261 C.
790 2231 822 2262 Ιι.
850 2232 1058 2262 adsum—97
1083 2229 1184 2263 Quod
1209 2230 1264 2261 hic
1292 2229 1452 2261 emendat
1481 2228 1572 2270 Guy.

116 2273 169 2304 Ita
183 2277 393 2314 comparatum
407 2284 435 2304 e.
452 2274 482 2304 h.
497 2277 610 2304 natura
632 2284 674 2313 o.,
692 2273 719 2304 si
737 2283 813 2305 cum
829 2272 1051 2314 sequentibus
1068 2277 1265 2313 connectas,
1281 2273 1334 2304 vix
1350 2273 1573 2304 Latinitatem

115 2316 279 2365 tuebitur.
324 2317 446 2357 Neque
463 2316 549 2347 adeo
565 2316 638 2348 haec
654 2316 760 2348 lectio
773 2316 922 2355 Faerno,
937 2316 996 2357 qui
1011 2325 1085 2347 eam
1103 2316 1232 2356 primus
1250 2315 1367 2347 docuit
1384 2315 1575 2356 Guyetum,

116 2363 200 2390 satis
227 2369 262 2390 se
285 2359 467 2400 approbat.
515 2359 560 2390 Et
588 2360 808 2391 Lactantium
835 2359 971 2400 legisse,
997 2362 1207 2400 comparatam
1229 2362 1387 2396 naturam,
1413 2359 1574 2389 observat

115 2401 314 2433 Farnabius.
360 2402 427 2433 Sed
451 2406 486 2433 et
509 2402 562 2433 Cl.
581 2402 739 2434 Graevius
764 2403 937 2443 vulgatam
964 2402 1044 2433 lect.
1071 2406 1190 2433 tuetur
1212 2402 1254 2433 ad
1279 2402 1352 2434 Cic.
1370 2402 1462 2432 Fam.
1482 2410 1530 2431 vr.
1543 2402 1574 2431 4.

121 2444 222 2476 West.
253 2445 263 2462 ‘
281 2443 397 2485 Aliqui
416 2445 439 2476 l.
464 2454 489 2475 s.
506 2444 595 2476 iuter
612 2455 696 2486 quos
711 2446 808 2477 Bem.
824 2455 892 2476 non
910 2446 996 2482 Itan,
1016 2445 1076 2476 sed
1094 2445 1147 2476 Ita
1168 2445 1308 2476 habent.
1337 2444 1405 2476 Sed
1425 2445 1520 2474 Beni.
1534 2452 1574 2473 eo

116 2488 272 2528 amplius,
287 2487 377 2528 quod
393 2490 605 2528 comparatum
619 2488 722 2519 habet
739 2499 748 2526 3
772 2498 815 2519 ex
844 2498 910 2530 quo
931 2493 1043 2519 tamen
1068 2493 1190 2528 postea
1206 2486 1367 2519 effectum
1385 2492 1436 2518 est
1452 2496 1574 2526 compa-

118 2533 234 2570 ratam,
248 2540 268 2560 a
284 2531 383 2561 litera
395 2531 642 2571 superscripta,
659 2535 693 2562 et
708 2534 853 2562 naturam
870 2531 1007 2572 quidem
1024 2531 1154 2570 habuit,
1171 2530 1230 2561 sed
1253 2541 1296 2569 m,
1310 2530 1433 2561 deinde
1450 2529 1578 2568 deleto,

120 2573 281 2604 remansit
295 2576 430 2604 natura:
453 2573 543 2613 quod
569 2573 597 2603 si
619 2574 807 2614 recipiatur
831 2574 925 2605 simul
944 2583 1021 2604 cum
1036 2583 1121 2604 voce
1142 2576 1364 2614 comparatum,
1382 2573 1447 2603 erit
1466 2571 1571 2603 ordo:

118 2615 175 2646 Ita
197 2622 431 2657 comparatum
457 2625 532 2647 esse
550 2620 675 2648 natura
691 2617 838 2648 omnium
855 2617 1043 2648 hominum:
1070 2621 1107 2648 ut
1138 2616 1147 2633 ‘
1164 2615 1312 2648 natura’
1334 2616 1377 2647 sit
1402 2615 1573 2646 ablativus

775 2723 918 2756 NOTAE

119 2801 161 2830 89
184 2797 282 2839 Syrus
297 2801 344 2830 est
363 2797 614 2839 prehendendus]
638 2797 680 2830 In
698 2797 851 2830 Andria:
876 2801 884 2817 ¹
898 2799 991 2830 Tuus
1009 2801 1106 2840 pater
1121 2795 1222 2828 modo
1247 2805 1299 2828 me
1324 2794 1564 2837 apprehendit.
1581 2795 1585 2802 ²
