1966 3302
273 225 358 265 504
771 238 811 266 Ρ.
844 235 1083 266 'rERENTll
1119 237 1236 267 Arm

679 379 882 421 ACTUS
914 380 971 422 V.
1032 380 1236 422 SCENA
1268 382 1333 423 ΙΙ.

653 520 880 550 CHAEREA.
922 521 1089 552 'rHAlS.
1132 521 1362 553 PYTHIAS.

279 584 366 626 CH.
407 584 553 626 APUD
575 585 870 640 Antiphonem
891 593 1090 643 uterque,
1113 593 1251 631 mater
1269 594 1314 631 et
1333 595 1474 644 pater,

280 652 422 703 Quasi
443 653 591 695 dedita
611 667 761 707 opera,
785 655 905 696 domi
927 662 1067 707 erant,
1089 661 1139 698 ut
1159 657 1278 699 nullo
1298 658 1430 700 modo

280 719 463 762 Introire
485 733 679 774 possem,
698 723 802 775 quin
823 722 1022 764 viderent
1044 738 1127 765 me.
1188 725 1388 776 Interim,

281 788 399 828 Dum
419 792 516 829 ante
537 789 694 829 ostium
718 793 801 838 sto,
824 794 950 830 notus
971 791 1075 831 mihi
1098 791 1281 844 quidam
1304 792 1483 833 obviam.

280 854 438 896 Venit:
461 855 537 895 ubi
558 855 664 906 vidi,
687 869 768 908 ego
791 869 859 897 me
880 857 923 896 in
945 858 1100 911 pedes,
1124 862 1336 912 quantum
1368 873 1498 914 queo,
1704 862 1733 902 5

283 922 335 962 ln
357 923 637 976 angiportum
659 923 883 976 quoddam
904 924 1125 966 desertum
1143 939 1153 977 3
1184 927 1284 968 inde
1305 927 1412 969 item

281 990 334 1031 In
355 990 490 1040 aliud,
513 990 612 1031 inde
634 990 679 1031 in
701 991 843 1033 aliud:
867 992 932 1033 ita
951 993 1223 1035 miserrimus

283 1058 367 1099 Fui
386 1057 629 1110 fugitando,
657 1071 711 1098 ne
731 1059 829 1112 quis
851 1073 920 1101 me
941 1066 1239 1113 cognosceret.

281 1125 371 1165 Sed
391 1129 514 1166 estne
536 1125 631 1166 haec
652 1125 805 1176 Thais,
825 1140 959 1179 quam
980 1128 1111 1169 video
1127 1130 1146 1169 'l
1168 1129 1269 1182 ipsa
1287 1128 1366 1170 'stt
1387 1128 1559 1172 haereo:

283 1192 400 1243 Quid
423 1193 614 1234 faciam?
637 1193 741 1245 quid
763 1207 861 1234 mea
882 1196 1062 1236 autem?
1085 1196 1191 1249 quid
1211 1195 1342 1238 faciet
1361 1197 1468 1237 mihi
1482 1198 1502 1237 'l
1676 1196 1733 1238 10

281 1261 373 1301 ΤΗ.
411 1259 641 1301 Adeamus
659 1274 668 1301 ε
704 1261 827 1301 Bone
847 1261 926 1311 vir,
946 1262 1081 1314 Dore,
1103 1264 1242 1305 salve.
1303 1264 1389 1305 Dic
1410 1264 1531 1314 mihi,

282 1328 581 1382 Aufugistin’?
643 1328 730 1370 CH.
768 1329 904 1380 Hera,
925 1330 1102 1372 factum.
1161 1331 1254 1374 ΤΗ.
1291 1330 1429 1373 Satin’
1458 1331 1504 1373 id
1534 1332 1613 1374 tibi
1635 1332 1732 1386 pla-

452 1397 558 1438 cet?

283 1461 370 1503 CH.
392 1462 509 1504 Non.
568 1464 659 1505 ΤΗ.
683 1463 856 1505 Credin’
872 1470 914 1506 te
929 1465 1109 1519 impune
1129 1466 1377 1508 habiturum
1393 1468 1414 1507 ’ἐ
1474 1467 1563 1509 CH.
1585 1466 1731 1509 Unam

452 1531 563 1572 hanc
584 1531 766 1573 noxiam

326 1625 394 1656 Cu.
420 1625 457 1655 In
471 1626 589 1656 aedibus
603 1626 801 1667 Antiplzoni3‚
817 1630 846 1657 et
860 1630 949 1667 paler
964 1630 995 1658 et
1010 1630 1107 1658 mater
1122 1627 1187 1665 ejus
1202 1627 1290 1667 quasi
1303 1626 1437 1658 consulto
1449 1631 1618 1667 praesentes
1630 1630 1733 1668 erant,

281 1677 348 1698 cum
364 1668 534 1707 ingressuri
549 1679 679 1709 eramus,
701 1669 747 1699 ita
771 1673 805 1700 ut
825 1671 907 1700 nullo
933 1671 1017 1700 modo
1043 1671 1174 1700 introire
1187 1680 1316 1709 possem,
1331 1670 1406 1710 quin
1421 1680 1468 1700 me
1481 1670 1632 1703 viderent.
1677 1670 1732 1701 In-

282 1714 379 1749 terea,
395 1712 466 1741 dmn
489 1715 559 1742 ante
579 1711 667 1750 sores
690 1715 750 1750 sto,
765 1715 856 1743 nolus
871 1712 996 1752 quidam
1011 1713 1087 1743 mihi
1102 1712 1236 1743 occurrit
1252 1712 1284 1743 in
1299 1713 1361 1743 via.
1406 1711 1508 1743 Simul
1522 1723 1557 1744 ac
1572 1713 1649 1752 vidi,
1660 1722 1734 1744 mox

283 1762 331 1783 me
344 1753 377 1783 in
391 1754 481 1792 pedes
496 1754 611 1792 conjeci
626 1764 716 1794 quam
732 1755 878 1785 citissime
894 1756 926 1785 in
941 1757 1139 1795 angiportum
1154 1756 1305 1795 quoddam
1327 1755 1503 1786 solitarium
1514 1766 1526 1791 ‚·
1547 1755 1621 1787 inde
1637 1756 1733 1787 etiam

282 1795 316 1825 in
331 1797 428 1835 aliud,
443 1797 514 1827 inde
530 1797 561 1826 in
576 1797 672 1828 aliud.
718 1797 770 1828 Ita
778 1797 952 1837 fugitando
975 1799 1167 1829 miserrimus
1182 1798 1250 1838 sui,
1275 1801 1412 1829 metuens
1427 1807 1465 1828 ne
1480 1798 1547 1838 quis
1562 1808 1610 1829 me
1624 1808 1736 1838 agnos-

281 1841 374 1869 ceret.
420 1838 481 1869 Sed
506 1843 590 1870 estne
615 1840 680 1870 hoec
711 1839 814 1877 Thais,
837 1850 926 1880 quam
949 1840 1058 1872 video?
1082 1841 1154 1881 Ipsa
1181 1844 1237 1871 est.
1282 1841 1424 1871 Incertus
1448 1850 1516 1871 sum
1539 1841 1638 1872 animi
1659 1840 1735 1880 quid

282 1884 397 1919 agam?
425 1881 536 1912 Verum
551 1883 622 1922 quid
638 1892 703 1912 mea
716 1882 835 1920 refert?
859 1883 943 1918 Quid
960 1883 1062 1921 faciet
1087 1883 1187 1914 mihi?
1230 1883 1297 1913 ΤΗ.
1325 1884 1441 1914 Eamus
1463 1884 1503 1914 ad
1518 1893 1597 1914 eum.
1642 1883 1734 1914 Bone

282 1925 331 1953 vir
347 1924 444 1962 Dore,
460 1926 551 1956 salve.
598 1925 661 1956 Dic
682 1925 772 1965 milti,
790 1925 948 1965 fugistine
972 1927 1080 1956 domo?
1124 1927 1192 1958 CH.
1217 1925 1319 1965 Hera,
1333 1926 1366 1956 id
1371 1925 1452 1963 feci.
1496 1926 1568 1957 ΤΗ.
1594 1925 1734 1956 Hoccine

275 1965 388 2002 fecisse
413 1967 471 1998 tibi
482 1968 652 2005 jucundum
676 1971 744 1999 est?
791 1969 860 1999 Cn.
884 1969 1028 2000 Minime.
1073 1969 1141 2001 ΤΗ.
1166 1969 1316 2000 Credisne
1337 1968 1393 1999 hoc
1417 1968 1543 2010 impune
1558 1971 1589 2000 et
1602 1968 1734 2000 inultum

891 2063 1126 2075 eeaeeeenoeee

327 2129 343 2157 1
360 2127 457 2157 Pater·
466 2130 496 2157 et
512 2130 610 2158 mater
626 2126 741 2159 Guelf.
758 2131 788 2159 1.
805 2131 836 2160 3.
851 2129 975 2161 Br.—5
991 2130 1091 2162 Quod
1108 2133 1162 2160 est
1178 2128 1210 2159 in
1225 2127 1320 2159 libris
1338 2128 1554 2169 quibusdam,
1568 2132 1688 2168 egomet
1699 2130 1733 2161 in

282 2171 387 2210 pedes,
416 2170 523 2209 possit
550 2170 657 2200 videri
682 2176 794 2201 natum
822 2181 863 2202 ex
893 2173 1033 2213 antiqua
1056 2173 1236 2212 scriptura,
1263 2181 1320 2211 ego
1342 2171 1466 2202 medin
1484 2173 1589 2212 pedes.
1625 2172 1732 2203 West.

287 2213 418 2251 Egomet
432 2213 464 2242 in
477 2213 569 2252 pedes
592 2212 635 2243 G.
653 2213 725 2244 ET.
741 2214 822 2245 EM.
851 2215 899 2246 Id.
916 2214 950 2246 in
964 2214 1049 2247 Add.
1075 2215 1204 2245 Omnes
1223 2214 1352 2254 antiqui
1369 2213 1444 2244 libri
1466 2217 1584 2252 egomet
1596 2224 1609 2250 ;
1632 2214 1731 2254 cujus

286 2255 378 2285 vocis
395 2260 583 2285 extremam
602 2256 732 2297 literam
747 2257 885 2297 conjicit
904 2258 1039 2299 Lolgius
1056 2268 1128 2289 esse
1147 2257 1275 2288 debere
1294 2258 1326 2295 d,
1351 2260 1387 2287 et
1411 2255 1590 2296 legendum
1606 2257 1733 2296 egomed

285 2298 318 2327 in
332 2298 432 2337 pedes.
458 2298 516 2328 Fa.
565 2297 681 2328 Nostri
698 2309 832 2340 quoque
849 2310 964 2331 omnes
980 2304 1119 2339 egomet:
1143 2300 1263 2330 vitiose
1280 2307 1340 2338 pro
1352 2308 1409 2338 ego
1423 2308 1482 2329 me.
1511 2298 1731 2331 Remittimus

285 2340 372 2370 enim
387 2340 504 2378 Lolgio
522 2339 714 2371 plautinam
731 2351 822 2372 suam
837 2347 871 2372 et
884 2343 1016 2382 opicam
1031 2343 1210 2373 lectionem
1224 2351 1279 2380 ego
1288 2342 1369 2379 med,
1386 2342 1455 2371 med
1466 2349 1528 2380 pro
1543 2351 1602 2372 me.
1627 2341 1732 2373 Bent.

287 2382 426 2421 Egomed
450 2382 487 2412 Z.
536 2383 668 2421 Egomet
697 2384 890 2424 Delph.—6
915 2386 1074 2420 Quendam
1096 2385 1130 2417 J.
1158 2389 1192 2415 et
1209 2384 1360 2414 Venetus
1384 2382 1461 2413 cod.
1478 2383 1630 2414 Perl.—7
1653 2384 1733 2415 Inde

286 2425 475 2455 miserrimus
499 2425 583 2463 Fugi
606 2425 779 2464 fugitando
803 2426 845 2457 G.
877 2427 1040 2458 West.-8
1065 2427 1150 2466 Fugi
1178 2430 1214 2457 et
1241 2424 1356 2457 Guelf.
1382 2427 1481 2456 2.—9
1517 2424 1658 2466 Harreo]
1693 2425 1730 2458 J.

284 2477 382 2506 pereo.
404 2467 496 2496 Peri.
544 2469 619 2497 Nou
647 2469 767 2509 pungit
791 2474 867 2508 post
896 2469 1040 2500 ‘liaereo'
1064 2470 1144 2509 Bip.
1169 2474 1204 2499 at
1220 2468 1392 2499 levissime
1408 2468 1467 2499 ΒΓ.
1487 2467 1589 2499 Both.
1606 2468 1732 2499 z.—lo

286 2510 338 2540 ΑΙι
349 2508 543 2548 quidfaciam
556 2508 586 2548 ?]
606 2509 682 2540 Non
697 2510 768 2542 fere
783 2511 935 2542 invenias
950 2512 1001 2543 Ah
1017 2512 1048 2542 in
1063 2512 1129 2542 ullo
1146 2512 1167 2542 l.
1182 2521 1208 2542 S.
1221 2511 1294 2541 sine
1305 2520 1370 2551 quo
1385 2510 1590 2550 statoptime
1602 2520 1731 2550 versnm,

287 2556 323 2582 et
339 2551 420 2582 nihil
443 2552 553 2582 sensui
578 2552 726 2591 deperit.
756 2553 811 2584 Fa.
858 2554 931 2585 Nec
956 2554 987 2585 in
1008 2555 1132 2585 nostris
1156 2554 1324 2594 reperitur
1338 2552 1401 2584 Ah.
1425 2552 1614 2583 Bene—12
1638 2552 1731 2586 Quid

286 2594 341 2624 hic
358 2599 488 2633 quaerat
513 2594 562 2623 vir
583 2594 716 2633 doctus,
742 2596 797 2626 cni
821 2597 951 2627 numeri
981 2596 1145 2627 sanissimi
1175 2595 1427 2636 suavissimique
1451 2594 1505 2625 hic
1531 2593 1730 2634 displicent,

287 2637 414 2666 nescio.
460 2636 540 2675 Ejus
574 2645 652 2666 vero
682 2639 929 2669 correctionem
961 2640 1031 2670 scio
1059 2639 1183 2670 nemini
1212 2638 1426 2678 placituram,
1449 2637 1516 2668 CH.
1539 2636 1639 2667 Hera.
1660 2638 1730 2668 ΤΗ.

286 2678 495 2717 Aufugistin?
518 2678 586 2709 Cn.
613 2679 752 2711 Factum.
778 2681 879 2711 Bent.
928 2681 1073 2721 Factum]
1096 2682 1128 2715 J.
1142 2686 1177 2712 et
1190 2681 1342 2712 Venetus
1359 2679 1507 2710 cod.est.
1531 2679 1623 2710 Peri.
1653 2680 1729 2710 Pla—

286 2721 349 2761 cet]
372 2720 406 2752 J.
423 2721 555 2751 videtur.
579 2721 629 2751 Id.
674 2722 887 2753 Cori-ectioni
905 2724 1077 2754 Francisci
1096 2723 1189 2755 Han-e
1205 2732 1240 2754 se
1253 2722 1396 2763 opponit
1413 2725 1448 2752 et
1462 2721 1729 2753 Westerhovius.

286 2765 369 2794 —13
394 2763 458 2794 Ms.
476 2763 568 2804 Lips.
585 2767 620 2794 et
632 2764 703 2794 ΕΡ.
719 2764 896 2797 abiturum.-
912 2766 1081 2806 quomodo
1096 2765 1203 2797 edidit
1219 2765 1318 2806 St.·et
1334 2773 1376 2796 ex
1392 2763 1522 2795 duobus
1540 2763 1627 2796 Pan.
1644 2765 1728 2797 citat
