1966 3302
285 238 372 280 814
784 245 822 274 P.
854 241 1095 273 ΤΕΒΕΝΤΠ
1131 241 1246 271 AFm

290 343 395 394 Sed,
411 348 461 384 ut
482 342 543 392 fit,
566 343 795 395 postquam
815 340 928 381 hunc
949 339 1135 379 alienum
1157 338 1213 378 ab
1238 348 1333 376 sese
1355 335 1491 384 videt,

288 411 490 464 Maligna
510 408 665 457 multo,
688 410 731 447 et
752 407 894 459 magis
916 418 1100 465 procax,
1123 404 1245 446 facta
1264 403 1384 444 illico
1404 407 1485 443 est.

290 480 434 519 PfflL.
469 476 571 517 Non
610 476 787 529 aedepol
817 475 988 515 mirum.
1056 462 1132 514 ΡΑ
1142 484 1186 512 R.
1232 471 1367 524 Atqui
1405 483 1459 511 ea
1492 482 1562 510 res
1596 468 1733 513 multo

457 557 661 585 maxume
1677 534 1734 576 85

289 613 520 667 Disjunxit
540 612 662 652 illum
685 611 740 652 ab
762 610 857 659 illa,
878 613 1114 663 postquam
1136 612 1182 648 et
1202 607 1299 660 ipse
1321 618 1385 654 se,

288 681 346 722 Et
368 681 499 730 illam,
520 683 563 720 et
582 680 694 720 hanc
715 692 814 732 quae
837 677 957 718 domi
981 679 1086 725 erat,
1107 674 1313 727 cognovit
1333 671 1458 721 satis,

288 748 360 790 Ad
382 747 636 801 exemplum
658 747 881 787 ambarum
902 757 1046 785 mores
1067 756 1216 784 earum
1238 741 1510 783 existimans.

287 894 364 925 tidie
390 893 510 925 itabat.-
532 895 586 925 sed
611 893 689 924 sicut
707 893 786 934 fieri
810 894 894 928 solet,
920 894 1076 932 postquam
1098 890 1192 921 Thais
1213 889 1416 929 Pamphilum
1437 887 1475 918 ab
1500 886 1563 918 alia
1585 882 1736 925 possideri

287 938 426 972 muliere,
442 947 496 967 nec
511 937 608 967 adhuc
624 946 688 966 esse
702 947 789 967 suum
811 935 966 974 cognoscit
975 945 986 971 ,·
1007 934 1154 975 difficilis,
1171 933 1314 972 superba,
1331 941 1458 972 procax,
1474 933 1503 961 et
1516 930 1658 970 petulans
1671 935 1737 958 esse

283 980 385 1020 coepit.
423 981 493 1011 Pu.
518 980 584 1010 Per
597 980 752 1010 Pollucem
766 989 825 1009 non
841 979 964 1015 mirum,
981 978 1009 1008 si
1024 978 1095 1007 talis
1110 976 1202 1014 facta
1217 978 1273 1006 est.
1291 975 1355 1005 ΡΑ.
1394 974 1439 1004 At
1451 983 1521 1004 vero
1537 971 1610 1003 talis
1624 970 1737 1009 malig-

287 1023 374 1059 nitas>
385 1024 475 1062 longe
489 1023 622 1053 maxime
637 1023 723 1052 illum
739 1022 775 1052 ab
787 1022 842 1051 illa
856 1020 1044 1060 segregavit,
1067 1022 1097 1050 et
1123 1018 1249 1057 avertit,
1261 1021 1419 1058 postquam
1436 1019 1465 1047 et
1480 1016 1545 1056 ipse
1559 1015 1692 1054 seipsum
1706 1015 1738 1043 et

288 1076 385 1096 mores
395 1065 550 1108 proprios,
563 1069 592 1097 et
608 1065 694 1096 illam
710 1065 858 1096 Thaidem
872 1073 963 1104 qaam
979 1062 1061 1093 mala
1079 1065 1168 1100 esset,
1191 1064 1221 1092 et
1245 1070 1336 1101 quam
1351 1069 1429 1090 umor
1443 1060 1590 1098 modesta,
1602 1056 1735 1095 diligen-

899 1169 1138 1182 eeeeeeeeeeee

289 1264 402 1291 notam
429 1259 521 1290 Peri.
552 1268 619 1289 non
650 1258 844 1299 intelligere
873 1257 1018 1296 videtur,
1041 1257 1148 1288 tacite
1176 1255 1337 1287 Bothium
1364 1254 1601 1284 secutus.—82
1627 1250 1740 1286 Quid?

287 1303 407 1334 interea
422 1302 599 1342 distinguit
625 1302 726 1334 Both.
754 1301 921 1342 probante
937 1301 1029 1331 Perl.
1053 1300 1138 1331 Post
1162 1299 1192 1329 h.
1219 1308 1267 1329 vs.
1294 1297 1471 1328 tristichon
1499 1295 1617 1326 inserit
1634 1295 1736 1326 Both.

289 1346 391 1387 quod,
417 1345 555 1385 ‘inepte
572 1345 620 1375 uti
648 1345 722 1383 ipsa
749 1344 908 1375 orationis
939 1344 1068 1374 indoles
1096 1347 1132 1373 et
1148 1342 1233 1372 ratio
1263 1337 1500 1377 demonstrat‚’
1528 1338 1629 1377 vulgo
1658 1338 1739 1377 legi-

288 1395 343 1420 tur
358 1392 434 1429 post
457 1391 509 1419 88.
556 1387 634 1418 Alia
658 1387 772 1418 Bothii
797 1391 995 1423 argumenta
1012 1386 1194 1426 prolixiora
1209 1393 1274 1414 non
1292 1388 1441 1414 nostrum
1460 1385 1512 1412 est
1528 1380 1548 1410 d
1574 1380 1735 1412 scribere.

289 1432 390 1471 Legit
408 1437 576 1469 praeterea
593 1430 695 1461 Both.
713 1434 802 1470 atque
816 1431 959 1469 ingenua:
969 1431 1054 1460 decet
1067 1438 1141 1459 cum
1155 1429 1340 1458 ssent.-83
1354 1426 1525 1465 Postquam
1535 1423 1560 1453 il
1573 1434 1591 1453 a
1602 1423 1737 1454 alienum

289 1475 368 1505 hunc
383 1474 421 1504 ab
436 1484 467 1504 se
490 1474 590 1504 Both.
616 1474 693 1514 quia
721 1475 730 1490 ‘
745 1473 800 1504 illa
825 1473 966 1514 requirit
991 1480 1209 1512 personarum
1237 1467 1440 1509 oppositio:’
1462 1477 1494 1498 se
1511 1475 1569 1506 pro
1591 1475 1655 1496 sese
1671 1466 1736 1497 duo

288 1518 374 1549 Mss.
401 1517 492 1557 apud
520 1517 730 1547 Boset-84.
753 1519 792 1546 85
817 1516 852 1547 Si
878 1524 956 1547 vera
972 1515 1076 1546 lectio
1091 1519 1156 1553 est,
1179 1511 1323 1544 mirifica
1340 1521 1419 1541 sane
1436 1509 1610 1541 verborum
1635 1508 1738 1539 collo-

289 1561 379 1591 catio
395 1565 459 1598 est‚
476 1569 550 1590 eum
568 1560 650 1589 ordo
666 1559 722 1598 sit,
745 1559 824 1589 Ilico
840 1559 932 1597 facta
948 1561 994 1588 est
1007 1559 1101 1589 multo
1118 1557 1219 1595 magis
1231 1555 1369 1593 maligna
1384 1557 1414 1585 et
1431 1562 1556 1593 procax.
1603 1551 1678 1582 Duo
1695 1560 1738 1582 ex

289 1603 412 1634 nostris
429 1603 563 1634 codices
579 1612 645 1633 non
663 1601 789 1633 habent
804 1602 886 1633 illud
902 1602 1008 1632 multo.
1057 1601 1213 1640 Repone,
1228 1599 1377 1635 Maligna
1391 1596 1492 1635 magis
1507 1599 1536 1625 et
1552 1594 1653 1633 magis
1666 1603 1737 1633 pro-

290 1646 448 1684 caxfacta
463 1646 533 1675 ilico
549 1649 604 1676 est.
652 1646 738 1675 Eun.
755 1654 793 1675 11.
811 1648 840 1675 l.
858 1647 910 1675 21.
935 1645 943 1660 ‘
957 1643 1069 1683 Magis
1086 1652 1238 1682 severus,
1254 1650 1318 1672 nec
1343 1641 1451 1679 magis
1475 1636 1677 1669 continens!
1702 1641 1738 1668 et

291 1699 328 1720 v.
344 1693 375 1720 4.
391 1691 441 1720 13.
465 1690 473 1705 ‘
489 1688 563 1718 Nec
581 1688 687 1727 magis
712 1688 936 1727 compositum
960 1687 1152 1727 quicquam,
1176 1695 1237 1716 nec
1263 1684 1369 1722 magis
1397 1680 1560 1721 elegans!
1606 1679 1738 1711 Nonius

291 1738 418 1770 tamen,
438 1741 470 1761 v.
489 1731 703 1769 Procacitas‚
719 1731 864 1768 BIaIigna
880 1731 975 1761 mullo
988 1730 1103 1760 habet.
1127 1729 1224 1759 Bent.
1270 1727 1374 1758 Multi
1391 1725 1479 1763 libri,
1504 1724 1606 1754 etiam
1624 1732 1664 1752 ex
1682 1732 1740 1752 an-

292 1775 405 1815 tiquis,
430 1784 490 1814 pro
506 1776 605 1813 atqui,
621 1777 724 1814 alque,
751 1779 785 1804 et
810 1774 888 1805 Bas.
914 1773 971 1804 Fa.
1018 1772 1113 1802 Unus
1142 1775 1274 1801 tantum
1298 1779 1339 1800 ex
1368 1768 1490 1799 nostris
1513 1766 1609 1806 atqui.
1634 1766 1738 1796 Bent.

290 1818 429 1848 Multum
444 1820 473 1847 et
490 1827 579 1856 mage
595 1817 785 1848 Boiu—86
802 1817 874 1847 Sese
890 1816 956 1847 duo
972 1816 1057 1847 Mss.
1074 1813 1164 1855 apud
1182 1813 1291 1844 Boecl.
1310 1813 1366 1842 Br.
1396 1811 1480 1851 ipsus
1492 1819 1555 1840 sese
1571 1806 1686 1839 Guelf.
1706 1810 1736 1838 1.

289 1863 374 1891 -88
390 1860 442 1892 Aa
457 1860 629 1899 exemplum
643 1860 801 1890 ambarum
816 1869 914 1890 mores
927 1868 1032 1889 earum
1047 1855 1253 1895 existumans]
1278 1855 1334 1886 Sic
1350 1854 1427 1885 libri
1440 1861 1574 1889 omnes;
1598 1850 1657 1881 sed
1675 1859 1739 1880 nee

291 1912 421 1942 versus,
446 1912 510 1933 nec
531 1902 701 1933 sententia
718 1906 864 1933 constat.
908 1901 1066 1943 Gnyetus
1081 1905 1202 1938 totum,
1218 1904 1255 1929 nt
1272 1898 1424 1937 ineptum
1441 1901 1474 1926 et
1498 1894 1663 1930 inutilem,
1677 1893 1740 1932 eji-

291 1945 446 1977 ciendum
465 1949 574 1986 putat.
620 1945 775 1975 Donatus
793 1944 966 1984 agnoscit3
990 1948 1000 1961 ⁶
1014 1943 1069 1974 Ad
1087 1942 1292 1982 exemplum,
1318 1939 1411 1980 quasi
1438 1938 1478 1968 ad
1505 1936 1685 1977 imaginem
1703 1940 1741 1966 et

291 1988 507 2019 collationem
524 1993 559 2018 et
575 1987 743 2027 specimen
758 1986 1044 2027 comparationis!
1088 1985 1157 2016 Sed
1178 1984 1219 2015 ad
1248 1984 1350 2024 qnod,
1375 1990 1503 2023 quaeso,
1527 1979 1740 2018 exemplum?

290 2031 326 2062 Si
350 2031 504 2068 dixisset,
531 2030 631 2068 Hujus
647 2040 743 2061 mores
758 2032 798 2060 ad
813 2031 984 2070 eaeemplum
998 2030 1145 2065 alterius;
1170 2027 1249 2068 qnid
1273 2025 1354 2056 illud
1373 2029 1473 2062 esset,
1491 2022 1713 2059 intelligerem
1728 2031 1738 2052 ε

291 2074 351 2105 sed
367 2074 539 2105 Ambarum
554 2083 651 2103 mores
665 2074 705 2103 ad
720 2073 892 2112 exemplum
907 2082 998 2103 mera
1015 2071 1124 2110 caligo
1151 2074 1224 2108 est;
1246 2069 1322 2105 nisi,
1348 2068 1437 2108 quod
1465 2066 1509 2097 sit
1533 2064 1740 2104 exemplum,

290 2117 430 2148 indices.
478 2116 644 2147 Nimirum
668 2115 735 2152 hic,
763 2120 800 2145 nt
827 2116 920 2154 alias,
947 2115 1024 2145 boni
1051 2113 1210 2152 Magistri
1235 2112 1374 2142 verbum
1393 2110 1539 2150 priscum
1557 2113 1592 2138 et
1607 2107 1740 2137 παλαιοῦ

289 2159 443 2198 κόμματος
457 2160 656 2200 ejecerunt:
681 2157 734 2188 Ad
749 2159 893 2189 amussim
908 2158 1065 2188 ambarum
1081 2167 1178 2187 mores
1200 2165 1306 2186 earum
1329 2153 1534 2184 existumans.
1578 2153 1586 2167 ‘
1603 2150 1739 2180 Existu-

291 2202 408 2239 mare,’
435 2206 470 2232 ut
486 2202 613 2232 Heaut.
629 2209 670 2231 11.
686 2203 717 2231 3.
729 2203 782 2231 41.
814 2203 822 2218 ‘
839 2201 945 2240 Copia
962 2199 1186 2231 existumaudi
1206 2197 1484 2229 consuetudinem
1504 2195 1581 2224 vitae
1599 2193 1740 2223 cotidia-

290 2245 368 2283 nae,'
393 2250 444 2275 est
459 2244 688 2280 considerare,
704 2243 876 2283 judicare,
899 2242 1106 2283 expendere.
1151 2243 1159 2259 ‘
1176 2241 1228 2272 Ad
1254 2240 1430 2271 amussim’
1455 2242 1567 2268 autem
1593 2241 1628 2266 et
1650 2238 1657 2250 ¹
1672 2235 1740 2265 Ex-

292 2287 474 2324 amussinn’
499 2286 588 2317 idem
605 2285 694 2327 quod
711 2287 904 2325 diligenter,
920 2289 1092 2322 accurate,
1107 2285 1271 2315 absolute.
1315 2282 1459 2312 Plautus
1475 2278 1628 2318 Amphit.
1648 2286 1689 2308 11.
1706 2279 1739 2309 2.

292 2333 367 2362 213.
380 2330 422 2360 de
436 2330 604 2360 Muliere:
629 2331 638 2347 ‘
655 2329 718 2360 Nae
737 2329 803 2360 ista
819 2328 955 2368 edepol,
978 2329 1005 2359 si
1029 2328 1102 2358 haec
1121 2337 1197 2358 vera
1215 2325 1374 2366 loquitur,
1397 2322 1595 2354 examussim
1612 2325 1664 2350 est
1681 2329 1739 2360 op-

296 2372 411 2404 tuma?
435 2377 470 2403 et
487 2373 588 2402 Most.
606 2381 630 2403 1.
647 2374 678 2402 2.
699 2373 748 2403 19.
773 2373 781 2388 ‘
798 2372 899 2402 AEdes
915 2381 990 2401 cum
1007 2376 1085 2401 sunt
1101 2369 1198 2401 factae
1215 2368 1332 2409 probe,
1348 2363 1569 2397 examussim?
1592 2368 1626 2394 et
1644 2362 1738 2395 Men.

294 2416 390 2446 Prol.
410 2425 442 2445 v.
463 2418 515 2446 50.
541 2415 550 2430 ‘
572 2415 618 2444 Ut
643 2415 728 2444 hanc
754 2424 822 2444 reni
840 2414 934 2444 vobis
953 2413 1154 2443 examussim
1181 2409 1372 2451 disputem!
1419 2408 1581 2448 Apuleius
1599 2407 1682 2436 Met.
1701 2414 1741 2436 n.

295 2460 304 2475 ‘
320 2458 439 2490 Geram
469 2458 501 2487 in
527 2456 660 2487 modum
690 2462 922 2496 prosectarum
939 2455 1116 2486 formatam
1134 2455 1261 2485 aurium
1277 2454 1308 2484 ei
1325 2451 1497 2493 applicant
1513 2447 1740 2480 examussim?

295 2506 329 2532 et
346 2510 396 2532 ιν.
420 2501 653 2539 ‘'l‘hrasyieon
680 2500 881 2530 examussim
906 2504 1009 2538 capto
1035 2499 1142 2529 noctis
1166 2496 1356 2528 latrocinali
1380 2491 1573 2524 momento!
1616 2491 1740 2521 Festus

296 2543 501 2583 Pompeius;
525 2543 533 2558 ‘
549 2543 770 2580 Examnssim,
799 2541 1014 2582 regulariter,
1042 2540 1189 2571 Amussis
1214 2539 1302 2570 enim
1331 2538 1448 2577 regula
1472 2535 1641 2566 fabrorum
1666 2539 1738 2564 est:

296 2587 364 2625 vel,
378 2591 415 2616 ut
432 2585 489 2616 alii
508 2585 635 2622 volunt,
658 2583 899 2615 ferramentum
918 2593 982 2624 quo
999 2584 1031 2614 in
1053 2582 1212 2624 poliendo
1228 2580 1390 2612 utuntur!
1435 2579 1531 2609 Idem
1548 2575 1620 2607 fere
1637 2576 1742 2606 habet

298 2638 333 2659 v.
357 2627 540 2658 Aniussitn.
586 2627 739 2658 Nonius:
773 2628 782 2644 ‘
806 2627 1031 2664 Examnssim,
1059 2627 1183 2656 dicitur
1207 2624 1424 2662 Examinato,
1449 2621 1489 2651 ad
1513 2619 1663 2656 regulam
1690 2619 1741 2648 vel

297 2676 557 2710 coagmentum:
583 2674 635 2700 est
651 2669 738 2699 enim
756 2669 908 2700 Amussis
935 2670 1048 2709 regula
1076 2668 1276 2706 Fabroruni,
1304 2675 1402 2707 qnam
1427 2662 1633 2698 Architecti,
1661 2660 1741 2691 dum

297 2723 382 2754 opus
410 2713 569 2753 probant,
594 2711 728 2742 rubrica
753 2711 911 2743 illinunt)
955 2714 1094 2743 Sisenna
1121 2711 1210 2751 apud
1238 2709 1427 2741 Charisium
1448 2716 1482 2747 p.
1501 2707 1572 2736 178.
1596 2703 1742 2734 ‘Amus-

297 2756 341 2786 εἰς
357 2761 408 2786 est
426 2756 541 2786 tabula
557 2754 742 2790 rubricata,
759 2765 831 2795 qua‘.
849 2755 1041 2785 demittitur
1056 2753 1272 2784 examinandi
1288 2751 1398 2792 operis
1416 2749 1538 2789 gratia,
1552 2756 1593 2777 an
1610 2751 1742 2776 rectum

297 2808 383 2840 opus
400 2797 539 2839 surgat!
584 2798 692 2828 Varro
710 2798 799 2837 apud
820 2798 987 2829 Nonium:
1014 2799 1022 2815 ⁴
1035 2796 1186 2828 Aniussis
1203 2800 1255 2827 est
1272 2802 1455 2835 aequamen,
1479 2792 1739 2827 laevauientnm3
