1966 3302
373 252 486 296 1012
871 260 912 290 P.
944 258 1187 290 TERENru
1221 258 1337 290 Arm

372 358 543 389 orationem
554 366 567 393 ‚‘
591 353 648 396 qui
665 356 786 395 postea
802 352 844 384 ad
866 362 942 385 eam
958 362 1023 385 non
1040 352 1193 385 aditurus
1210 357 1299 394 erat,
1315 353 1375 385 sed
1392 352 1484 386 domi
1500 362 1577 386 cum
1593 353 1755 386 Phaedria
1769 364 1828 395 po·-

373 401 528 432 taturus?
572 399 651 430 Sola
676 397 894 429 Nausistrata
919 402 1005 436 erat,
1021 406 1094 438 quae
1117 397 1151 428 id
1181 397 1335 428 nuntium
1360 397 1402 428 de
1429 397 1574 438 repudio
1594 398 1636 429 ad
1658 397 1829 430 Phanium

372 448 552 485 portatura
568 446 663 480 erat3
685 441 789 482 idque
806 440 899 471 Geta
921 446 1094 480 praesente
1117 440 1342 471 constitutum
1366 444 1429 472 est.
1475 440 1540 472 His
1565 449 1647 482 ergo
1660 440 1763 472 rebus
1779 435 1830 472 of—

371 487 488 518 fensus
505 486 675 526 Guyetus,
692 493 838 522 versum,
851 487 890 514 ut
916 483 1014 522 solet,
1030 483 1063 514 in
1079 482 1288 514 moi-boniam
1305 483 1422 515 mittit.
1465 483 1520 514 Tu
1537 492 1678 524 repone,
1701 483 1830 524 Nequid

370 532 513 561 vereatur
527 529 734 559 Naustratam
760 535 854 566 neque
868 525 934 565 ejus
956 526 1137 558 orationem.
1184 526 1360 557 Naustrata
1383 525 1504 557 eadem
1529 530 1594 562 est,
1609 536 1685 568 quae
1706 532 1830 567 postea

370 572 577 603 Nausistrata
592 571 728 602 dicitur.
772 569 914 600 Brevius
930 568 1103 608 dIcebant,
1119 568 1176 610 qui
1199 568 1409 601 familiarius.
1455 569 1495 600 Id
1511 569 1602 601 enim
1616 569 1829 601 animadver-

372 620 438 654 tes,
454 624 530 646 cum
552 615 594 645 de
611 614 753 644 absente
777 613 831 643 hic
858 612 1007 653 loquitur
1025 612 1129 652 Geta,
1154 612 1362 643 Naustratam
1385 617 1511 652 vocat;
1534 617 1653 653 postea
1667 612 1723 654 qui
1739 621 1828 653 prae-

370 663 503 689 sentem
520 658 752 698 alloquuntur,
768 656 1006 687 Nausistratam
1019 666 1032 693 ;
1053 655 1115 686 boc
1135 655 1223 686 enim
1248 655 1385 696 majoris
1402 655 1593 696 dignitatis,
1608 659 1645 687 et
1660 655 1765 696 magis
1784 655 1827 686 ad

369 701 540 742 primariae
555 699 702 732 foeminae
728 698 853 730 fastum
870 708 909 730 ac
926 699 1153 739 supercilium.
1197 698 1255 730 Sic
1269 698 1303 729 in
1320 698 1463 739 Hecyra
1479 707 1505 731 1.
1521 701 1553 730 2.
1569 700 1690 731 eadem
1705 698 1829 730 mulier

372 750 407 776 et
423 744 556 775 Philotis
578 748 612 774 et
630 742 804 774 Philotium
828 742 1040 782 appellatur:
1073 741 1106 772 in
1131 741 1263 773 Cistell.
1281 750 1320 772 11.
1339 744 1371 773 3.
1395 740 1485 772 idem
1507 750 1624 774 servus
1638 740 1826 782 Lampadis-

368 798 422 819 cus
437 791 473 818 et
486 787 666 827 Lampadio.
711 785 874 816 Ceterum
894 785 951 825 qui
966 785 1029 816 hoc
1044 784 1243 816 nesciebant
1267 784 1424 824 Librarii,
1439 784 1543 816 etiam
1559 786 1627 827 hic,
1643 789 1681 817 ut
1695 789 1828 826 postea,

371 830 609 862 Nausistratom
624 828 848 869 scripserunt.
866 828 955 868 quod
972 837 1049 859 cum
1073 828 1174 859 metri
1200 828 1287 859 ratio
1304 837 1370 859 non
1387 828 1597 870 admitteret,
1614 831 1828 861 correctores

369 875 589 906 Phormionem
604 873 675 913 ejus
703 872 780 903 loco
803 871 1064 902 substituerunt.
1089 872 1184 902 Bent.
1219 871 1386 911 Suspecta
1408 872 1512 903 lectio
1529 876 1583 903 est
1597 872 1828 904 Phormionem.

370 919 407 950 Si
423 917 503 959 quid
521 916 713 948 audendum
739 915 794 954 sit,
811 914 936 945 rectius
962 914 1149 945 substituas
1166 914 1399 954 Demiphonem,
1416 925 1434 945 a
1450 924 1518 955 quo
1542 916 1679 948 omnino
1705 914 1826 946 timere

371 961 486 1002 potuit
499 958 676 991 Phanium.
701 958 777 999 Bip.
815 956 932 998 Hujus,
949 957 1022 989 scil.
1042 958 1283 998 Nausistratae‚
1299 957 1408 989 edidit
1424 958 1525 990 Both.

752 1197 956 1240 ACTUS
990 1197 1046 1239 V.
1107 1196 1314 1240 SCENA
1345 1198 1435 1240 III.

620 1327 863 1357 DEMlPHO.
913 1325 1284 1357 NAUSISTRATA.
1335 1327 1585 1358 CHREMES.

374 1398 467 1440 DE.
497 1395 737 1446 AGEDUM,
769 1400 818 1437 ut
840 1394 976 1446 soles,
1011 1395 1315 1446 Nausistrata,
1342 1396 1413 1437 fac
1448 1394 1525 1438 illa
1553 1401 1605 1438 ut
1628 1396 1826 1451 placetur

544 1464 673 1506 nobis
691 1477 703 1487 ·

373 1533 436 1576 Ut
457 1546 541 1575 sua
561 1497 788 1574 volun'tate
805 1531 852 1573 id
875 1531 995 1585 quod
1016 1537 1084 1573 est
1103 1531 1362 1574 faciundum
1382 1532 1532 1576 faciat.
1585 1531 1716 1575 NAU.
1738 1532 1826 1575 Fa-

542 1614 673 1642 elam.

372 1671 462 1713 DE.
497 1669 667 1711 Pariter
687 1681 800 1709 nunc
822 1680 959 1723 opera
980 1681 1048 1709 me
1085 1667 1283 1722 adjuves,
1313 1681 1365 1710 ac
1398 1682 1445 1710 re
1479 1668 1645 1710 dudum
1677 1668 1828 1723 opitu-

541 1738 631 1778 lata
651 1749 712 1777 es.

371 1805 503 1847 NAU.
537 1805 722 1846 Factum
743 1805 876 1858 volo;
909 1808 954 1846 at
973 1803 1051 1859 pol
1071 1804 1217 1845 minus
1243 1817 1360 1858 queo
1388 1803 1470 1846 viri
1503 1803 1654 1858 culpa,
1690 1817 1826 1859 quam

544 1887 612 1914 me
633 1873 812 1927 dignum
833 1871 897 1914 'st.

401 1970 431 2000 D
438 1979 469 2001 Ε.
480 1969 635 2009 Agedum,
650 1968 868 2007 Nausistrata,
875 1977 943 1998 cum
950 1966 1043 1998 solita
1052 1970 1106 1997 tua
1117 1966 1286 2006 industria,
1297 1966 1379 2007 effice
1389 1964 1477 1996 nobis
1484 1964 1667 2006 placabilem
1677 1965 1828 2005 illamfoe-

369 2014 499 2053 minam,
516 2016 551 2044 ut
565 2015 672 2053 sponte
688 2011 912 2049 volensfaciat,
927 2011 1006 2051 quod
1020 2009 1106 2040 illam
1109 2010 1219 2047 fucere
1233 2019 1353 2040 necesse
1365 2012 1422 2040 est.
1448 2007 1542 2039 NAU.
1556 2009 1596 2040 Id
1607 2009 1730 2041 curabo.
1755 2011 1827 2042 DE.

370 2057 465 2087 Nunc
479 2066 563 2096 oeque
578 2064 625 2086 me
636 2064 728 2095 opera
743 2058 798 2085 tua
812 2054 958 2088 subleves,
974 2062 1010 2083 ac
1022 2052 1144 2093 pridem
1158 2062 1192 2083 re
1206 2051 1288 2092 ipsa,
1300 2051 1430 2092 pecunia
1444 2055 1551 2082 mutua
1557 2051 1686 2090 juvisti.
1728 2052 1825 2084 NAU.

373 2099 412 2130 Id
427 2099 556 2131 libenter
563 2098 672 2137 facere
686 2099 752 2128 volo
764 2107 777 2135 ;
802 2100 833 2128 et
847 2107 904 2138 per
924 2096 1082 2127 Pollucem
1097 2095 1198 2126 atinus
1217 2096 1381 2137 officiosam
1395 2103 1443 2126 me
1454 2094 1594 2135 praebere
1603 2105 1739 2137 possum,
1761 2105 1827 2127 ma-

976 2183 996 2195 O
1000 2182 1015 2194 O
1019 2182 1094 2194 ’,θ’
1099 2182 1133 2194 OC
1138 2182 1215 2194 θ’θ’

413 2250 571 2292 Guyetus
583 2250 729 2282 Scenam
754 2249 840 2281 hanc
860 2249 1028 2290 integram
1051 2248 1238 2290 expungit3
1264 2246 1325 2279 sed
1342 2250 1378 2279 et
1391 2246 1519 2278 Scenas
1545 2250 1730 2288 sequentes
1744 2256 1827 2288 qua-

369 2298 556 2335 tuor‚quas
577 2294 606 2325 is
630 2294 794 2335 quintam,
810 2293 1002 2333 septimam,
1019 2297 1188 2330 octavam,
1205 2296 1241 2322 et
1257 2300 1379 2322 nonam
1403 2294 1525 2329 vocat;
1548 2291 1608 2320 sed
1632 2299 1707 2331 quae
1730 2289 1826 2321 nobis

370 2342 451 2368 sunt
476 2337 607 2378 quinta,
634 2340 741 2368 sextae
758 2345 876 2368 versus
903 2335 1110 2377 posteriores
1134 2334 1306 2374 undecim,
1322 2333 1469 2375 septima
1490 2337 1526 2364 et
1553 2336 1687 2364 octava.
1731 2332 1828 2364 Finit

370 2386 482 2411 autem
506 2380 668 2411 Fabulam
685 2388 761 2410 cum
788 2379 844 2412 Sc.
857 2381 890 2410 6.
921 2388 972 2410 vs.
988 2381 1041 2410 43.
1071 2378 1188 2410 delens
1208 2378 1349 2415 Gaudeo,
1374 2380 1410 2407 et
1433 2375 1653 2415 substituens,
1669 2376 1826 2408 Plaudite.

369 2424 457 2454 Haec
475 2432 556 2454 vero
570 2423 617 2453 vis
633 2427 698 2462 est,
713 2427 750 2453 et
767 2422 983 2454 inclementia
998 2431 1104 2452 mera.
1150 2421 1205 2452 Ne
1230 2420 1272 2451 de
1291 2419 1428 2460 reliquis
1445 2418 1568 2459 dicam,
1581 2419 1664 2449 tolle
1680 2418 1826 2450 Scenam

368 2467 538 2505 ultimam,
554 2465 700 2497 facetam
716 2465 807 2496 illam
824 2469 860 2496 et
875 2465 1002 2506 oppido
1019 2465 1225 2505 elegantem,
1240 2468 1276 2494 et
1293 2473 1369 2494 cum
1383 2461 1589 2493 Phormione
1608 2470 1724 2492 omnes
1741 2461 1827 2493 Gra-

369 2510 435 2540 tias
453 2509 666 2540 exstinxeris.
712 2509 838 2539 Merito
860 2508 965 2548 igitur
981 2507 1177 2538 refutarunt
1198 2506 1296 2537 nimis
1320 2514 1488 2536 morosum
1512 2504 1676 2536 Criticum
1698 2505 1826 2545 Tanaq-

371 2552 492 2592 Faber,
512 2552 671 2583 Dacieria
697 2551 777 2590 filia,
791 2557 827 2582 et
853 2550 1041 2582 Boeclerus.
1069 2550 1233 2582 West.—-l
1259 2549 1315 2580 Ita
1342 2558 1372 2579 o.
1388 2549 1409 2579 1.
1427 2558 1454 2578 s.
1469 2547 1560 2588 apud
1578 2547 1637 2578 Fa.
1661 2550 1698 2578 et
1723 2547 1825 2578 Bent.

367 2595 375 2609 ‘
395 2599 429 2625 ut
444 2595 498 2625 illa
516 2595 575 2626 lib.
594 2593 715 2635 antiq.’
738 2595 826 2625 Perl.
859 2593 992 2624 Placeat
1008 2592 1125 2625 Guelf.
1142 2595 1237 2624 2.-3
1263 2592 1303 2622 In
1329 2591 1403 2622 aliis
1430 2590 1513 2622 Mss.
1530 2593 1584 2621 est
1598 2589 1736 2629 adjuvas,
1751 2589 1826 2620 aliis

368 2638 507 2675 adjuvas.
530 2638 637 2668 West.
656 2637 795 2675 Adjuvas
811 2638 912 2667 Bent.
928 2635 1031 2667 Both.
1061 2637 1120 2668 ΒΓ.
1143 2645 1221 2666 mox
1248 2635 1379 2673 Nostri,
1396 2636 1543 2674 excepto
1560 2642 1637 2671 uno,
1650 2633 1765 2663 dudum
1780 2641 1827 2663 re.

370 2680 428 2717 Et,
443 2680 573 2711 duobus
591 2682 759 2720 exceptis,
776 2689 890 2710 omnes
909 2688 986 2710 cum
1011 2678 1099 2710 Edd.
1127 2684 1212 2709 vett.
1234 2678 1375 2716 adjuc-as,
1390 2686 1469 2708 non.
1485 2680 1524 2706 ut
1547 2675 1698 2706 Faernus
1715 2673 1826 2714 dedit,

369 2723 504 2760 adjuves.
550 2723 680 2754 Recte:
706 2723 850 2754 Dixerat
874 2723 962 2753 enim
985 2722 1055 2761 illa,
1072 2722 1211 2753 Faciam.
1257 2721 1335 2752 Non
1363 2721 1468 2760 igitur
1483 2720 1574 2750 ultra
1590 2722 1687 2757 rogat
1707 2718 1826 2749 Demi-

371 2766 449 2805 plio,
464 2765 524 2796 sed
554 2766 679 2805 gratias
708 2766 790 2806 agit,
814 2766 1030 2806 agnoscendo
1060 2765 1273 2796 beneficium.
1296 2763 1395 2795 Bent.
1440 2762 1568 2794 Dudum
1589 2770 1622 2792 re
1639 2761 1746 2792 Zeun.
1766 2761 1827 2792 Br.

372 2808 531 2840 Peri—4
567 2810 716 2839 Praestat
742 2809 843 2840 lectio
873 2813 908 2840 at
942 2818 1012 2849 prae
1037 2808 1202 2840 Codicum
1229 2806 1441 2848 quorundam
1464 2815 1510 2836 ac.
1541 2804 1649 2835 West.
1697 2805 1764 2835 Pro
1792 2807 1825 2834 at
