1966 3302
321 245 406 285 iJ-§ti
821 254 857 284 P.
891 254 1132 284 TERENTH
1170 254 1283 285 Arm

321 349 350 389 J
356 362 425 389 am
448 362 527 401 ego
547 349 661 388 hunc
681 348 875 401 agitabo.
937 349 1026 390 Pro
1050 350 1193 390 Deum
1217 348 1553 390 immortalium!

323 415 473 468 Negat
494 414 709 455 Phanium
728 428 825 455 esse
846 417 958 457 hanc
977 417 1063 457 sibi
1085 422 1320 469 cognatam
1342 415 1568 468 Demipho
1586 416 1604 455 'l
1745 416 1774 455 5

323 483 456 523 Hanc
477 480 699 534 Demipho
719 487 848 534 negat
866 496 966 523 esse
987 483 1246 535 cognatam?
1307 482 1395 523 GE.
1429 483 1590 534 Negat.

323 550 481 589 Pflorz,
515 547 676 601 Neque
696 548 792 602 ejus
813 554 981 603 patrem
1016 563 1064 590 se
1087 549 1215 599 scire,
1239 550 1314 603 qui
1336 549 1497 589 fuerit‘l
1557 548 1646 590 GE.
1680 547 1725 588 N
1729 560 1774 588 e-

491 620 581 666 gat.

322 684 411 723 DE.
444 682 595 735 Ipsum
615 694 714 722 esse
735 682 905 736 opinor,
928 681 981 722 de
999 694 1086 735 quo
1106 682 1317 735 agebam:
1349 681 1601 736 Sequimini.

322 750 481 790 PHoR.
515 748 615 789 Nec
656 748 932 802 Stilphonem
977 750 1125 802 ipsum
1167 749 1294 798 scire,
1329 750 1404 803 qui
1445 749 1608 790 fuerit?
1683 749 1774 790 Ga.

495 814 655 867 Negat.

317 945 374 973 ego
390 935 469 965 hunc
483 935 631 966 acerrime
646 936 844 967 commovelm.
890 936 977 967 Proh
1000 937 1105 968 Deum
1124 936 1347 968 immortalium
1360 935 1486 977 fidem!
1507 939 1601 975 negat
1622 933 1776 966 Phanium

317 988 383 1008 esse
405 978 481 1008 hanc
505 977 564 1007 sibi
590 981 751 1016 cognatam
777 978 955 1019 Demipho?
978 980 1058 1010 hanc
1081 979 1238 1019 Demipho
1267 983 1364 1018 negat
1388 989 1452 1010 esse
1478 981 1663 1017 cognatam?
1707 977 1775 1008 GE.

322 1022 441 1059 Negat.
489 1021 556 1050 PH.
580 1020 679 1060 Seque
693 1020 809 1051 nescire
823 1022 870 1052 ait
885 1022 938 1061 qui
953 1022 1059 1060 fuerit
1072 1022 1138 1060 ejus
1152 1025 1261 1062 pater?
1306 1022 1372 1052 GE.
1397 1022 1505 1059 Negat
1521 1030 1551 1051 se
1566 1021 1658 1051 scire.
1704 1020 1776 1050 DE.

322 1063 417 1093 Hunc
432 1062 582 1093 homiuem
608 1072 671 1093 esse
695 1063 842 1099 arbitror,
869 1066 906 1094 de
928 1074 985 1104 quo
1009 1074 1107 1095 sermo
1135 1064 1212 1094 mihi
1238 1067 1326 1095 erat.-
1348 1063 1524 1103 sequimini.
1569 1063 1642 1093 ΡΗ.
1665 1061 1773 1100 Negat

317 1115 435 1145 quoque
450 1115 481 1136 se
497 1106 694 1146 Stilphonem
718 1105 819 1146 ipsum
844 1105 1045 1146 cognovisse?
1089 1107 1156 1138 GE.
1183 1108 1300 1147 Negat.
1348 1107 1418 1137 Pu.
1445 1105 1528 1141 Quia
1548 1105 1637 1144 virgo
1651 1104 1777 1142 misera,

928 1200 1169 1214 eeeeeeeeeeee

319 1267 480 1298 mendose
495 1277 576 1307 age:
591 1270 632 1299 st.
654 1267 769 1299 Sensit
787 1267 888 1299 Bent.
913 1268 1010 1300 Both.
1046 1267 1134 1307 Ages
1149 1268 1220 1298 sine
1236 1270 1266 1298 st
1284 1267 1406 1297 Exn—4
1427 1265 1503 1295 Jam
1517 1264 1589 1304 ego]
1612 1261 1686 1294 ΕΑ.
1700 1262 1777 1293 Jam

318 1311 411 1342 enim.
457 1311 554 1341 Bodl.
570 1310 614 1341 G.
630 1310 711 1342 Wit.
729 1315 764 1341 et
781 1310 852 1342 ΕΡ.
870 1311 936 1342 Pro
952 1311 1055 1342 Deum
1070 1308 1408 1351 ‘immortuliumjidem-
1455 1307 1575 1338 Boend.
1595 1306 1659 1336 Pro
1674 1305 1777 1336 Deum

317 1353 540 1384 immortalium
555 1357 646 1393 atque
662 1353 820 1384 hominum
825 1353 937 1394 fidem.
971 1353 1045 1384 EA.
1060 1354 1127 1384 Pro
1147 1353 1251 1383 Deum
1265 1350 1485 1382 immortalium
1501 1347 1775 1388 atque‘hominum.

319 1395 359 1425 In
377 1396 450 1426 aliis
468 1395 650 1426 Codicibus
666 1395 778 1427 aliter.
824 1396 943 1426 Rivius
957 1395 1101 1437 ¹rbfidem
1116 1396 1321 1426 auctoritate
1338 1392 1464 1424 Donati
1480 1391 1623 1422 recidit:
1648 1399 1711 1420 nec
1727 1399 1777 1420 re-

320 1438 424 1477 quirit
441 1443 595 1468 metrum.
623 1438 720 1469 West.
775 1439 822 1469 D.
846 1438 949 1478 imm]
972 1439 1056 1470 GM.
1071 1438 1183 1479 fidem.
1229 1438 1311 1476 Sup.
1329 1445 1392 1466 scr.
1418 1438 1426 1452 ⁸
1444 1432 1578 1465 testor!
1623 1432 1778 1463 Plusculi

319 1481 404 1512 Mss.
421 1480 500 1511 add.
516 1484 606 1521 atque
621 1480 788 1511 hominum.
812 1481 878 1512 Pro
890 1482 936 1512 D.
946 1485 1038 1522 atque
1053 1479 1316 1521 hominumfidem
1328 1475 1445 1509 Guelf.
1457 1479 1489 1507 2.
1514 1476 1626 1508 Fidem
1640 1477 1671 1506 3.
1688 1475 1777 1505 Per-l.

321 1523 432 1554 Fidem
449 1523 543 1554 addit
561 1528 596 1554 et
613 1524 738 1554 Bru-5
765 1522 873 1554 Abest
892 1524 1042 1563 Demipho
1057 1533 1076 1554 a
1089 1521 1204 1554 Guelf.
1221 1525 1251 1553 2.
1275 1521 1362 1552 Perl.
1410 1519 1441 1551 A
1458 1519 1526 1550 Gn.
1542 1521 1574 1550 1.
1590 1517 1687 1548 abest
1703 1526 1778 1547 ver-

319 1574 373 1596 sus
387 1569 418 1596 6.
464 1565 596 1596 Horum
614 1575 680 1596 vss.
696 1565 830 1606 pinguis
847 1567 957 1596 oratio
973 1565 1125 1597 fraudem
1144 1564 1272 1605 prodit.
1315 1562 1466 1601 Scilicet,
1482 1559 1671 1592 nominibus
1688 1559 1777 1590 Pha-

318 1609 410 1638 nium
428 1613 462 1639 et
478 1608 693 1649 Stilphonem
712 1608 900 1639 accrevisse
919 1609 1079 1649 paulatim
1097 1617 1213 1638 versus
1229 1610 1260 1638 6.
1276 1610 1311 1636 et
1325 1608 1357 1637 9.
1383 1605 1430 1636 Et
1443 1604 1497 1635 hic
1512 1602 1647 1644 quidem
1670 1602 1777 1633 Bent-

319 1651 386 1681 leio
402 1660 537 1692 quoque
554 1657 731 1691 suspectus
748 1650 826 1681 fuit.
888 1652 995 1682 Recte
1012 1655 1123 1682 autem
1141 1659 1240 1681 versu
1256 1653 1288 1680 5.
1313 1647 1346 1679 A
1362 1647 1457 1678 addit
1481 1646 1547 1678 GE.
1572 1645 1692 1684 Negat.
1737 1643 1778 1675 In

320 1693 400 1725 Hel.
428 1693 459 1723 hi
486 1703 600 1724 versus
626 1693 673 1724 ita
696 1694 916 1724 ordinantur:
953 1695 1062 1734 Neque
1076 1693 1142 1732 ejus
1156 1695 1288 1733 patrem,
1303 1693 1355 1731 ὅγε.
1381 1690 1449 1720 Nec
1462 1688 1646 1728 Stilph.85c.
1672 1687 1780 1726 Ipsum

317 1745 392 1775 esse,
407 1737 459 1776 &aa
484 1737 586 1767 Both.
632 1736 700 1768 Qui
718 1736 871 1767 Phanium
887 1736 993 1775 delet,
1010 1741 1045 1767 et
1071 1745 1188 1767 versus
1211 1737 1242 1766 6.
1265 1735 1365 1765 9.—6
1389 1733 1482 1763 Hanc
1509 1729 1662 1770 Demipho
1685 1732 1780 1768 negat

318 1787 384 1809 esse
398 1779 578 1819 cognatam]
604 1778 691 1809 Haec
709 1778 833 1809 absunt
849 1789 867 1808 a
884 1778 964 1811 Wit.
979 1779 1031 1820 [et
1047 1777 1161 1810 Guelf.
1181 1777 1230 1817 2.]
1247 1781 1281 1807 et
1296 1774 1370 1806 EA.
1414 1774 1577 1815 Sequitur
1602 1781 1681 1802 vero
1705 1775 1780 1811 post

320 1830 452 1852 versum
470 1825 500 1853 5.
516 1822 676 1852 continno
693 1826 848 1860 octavus,
863 1827 932 1852 tum
950 1822 1127 1862 septimus.
1152 1821 1323 1860 Guyetus‚
1334 1818 1423 1848 hunc
1435 1825 1566 1847 versum
1580 1823 1782 1855 agnoscens,

320 1864 532 1904 superiorem
549 1863 652 1894 delet.
680 1863 845 1895 West.——7
871 1864 973 1895 Hunc
989 1869 1024 1895 et
1042 1868 1240 1903 sequentem
1259 1871 1306 1892 vs·
1326 1860 1471 1891 invicem
1490 1857 1664 1898 trajiciunt
1678 1856 1781 1905 Bent.

318 1905 396 1945 Bip.
415 1911 450 1936 et
467 1906 559 1937 Peri.
577 1916 653 1936 curn
668 1906 767 1936 codd.
782 1907 1040 1937 vetustioribus.
1072 1906 1181 1946 Neque
1192 1908 1315 1945 patrem
1328 1913 1361 1933 se
1376 1901 1442 1940 ejus
1457 1900 1625 1932 Both—8
1647 1898 1782 1948 Aiebam

321 1949 393 1978 ΕΡ.
411 1948 482 1979 ΕΑ.
514 1949 679 1980 West.—-9
704 1949 772 1979 Nec
797 1948 1004 1988 Stilphonem]
1039 1949 1168 1980 Omnes
1196 1946 1270 1977 fere
1298 1945 1432 1976 codices
1456 1943 1558 1984 paulo
1575 1945 1779 1972 vetustiores

321 1991 384 2021 hoc
398 1991 517 2021 ordine
533 2001 648 2021 versus
664 1991 824 2021 exhibent
838 2002 846 2022 z
873 1992 966 2021 Hanc
978 1991 1133 2030 Demipho
1145 1993 1240 2029 negat
1253 1998 1318 2020 esse
1327 1989 1514 2026 cognatam?
1530 1985 1658 2033 Negat..
1675 1983 1782 2024 Ipsum

317 2043 380 2064 esse
396 2033 503 2073 opinor
517 2034 554 2063 (le
569 2043 627 2073 quo
643 2033 790 2072 agebam:
814 2033 990 2072 sequimini.
1028 2034 1136 2073 Neque
1152 2033 1216 2071 ejus
1231 2035 1351 2072 patrem
1365 2039 1398 2060 se
1413 2027 1493 2059 scire
1508 2037 1561 2068 qui
1569 2026 1693 2064 fuerit?
1713 2025 1782 2074 'Ne-

316 2080 385 2113 gat.
413 2077 517 2116 Neque
532 2076 728 2115 Stilphonem
749 2075 850 2114 ipsum
865 2076 944 2106 scire
959 2075 1011 2115 qui
1030 2073 1158 2112 fuerit?
1185 2075 1301 2112 Negat.
1337 2073 1389 2102 Ex
1405 2071 1456 2101 his
1472 2069 1625 2100 versibus
1642 2073 1779 2099 tertium

320 2118 430 2148 codex
447 2121 521 2149 900.
538 2127 700 2148 annorum
718 2127 782 2148 non
800 2118 975 2157 agnoscit3
998 2118 1105 2148 codex
1124 2118 1203 2147 item
1221 2114 1398 2147 Petrensis
1416 2115 1449 2144 in
1466 2112 1618 2152 margine
1636 2115 1781 2142 tantum.

323 2160 367 2191 At
385 2166 541 2201 quartum
558 2161 610 2191 hic
627 2160 755 2190 omittit
771 2160 881 2190 codex
898 2170 939 2190 ex
958 2160 1097 2199 Regiis3
1121 2165 1156 2190 et
1174 2159 1269 2199 ponit
1286 2158 1420 2189 demum
1438 2159 1516 2196 post
1531 2164 1581 2185 vs·
1596 2157 1649 2185 25.
1690 2153 1783 2192 Selo,

321 2202 421 2234 facile
439 2213 480 2234 ex
496 2203 547 2233 his
565 2203 708 2233 alterum
727 2212 746 2233 a
764 2202 924 2233 Librariis
939 2203 1049 2233 omitti
1069 2202 1240 2242 potuisse3
1274 2200 1354 2240 quia
1369 2204 1514 2239 uterque
1541 2196 1661 2227 eodem
1677 2195 1780 2226 verbo

320 2246 328 2261 ‘
350 2246 462 2286 Negat
475 2245 483 2258 ’
508 2245 725 2277 terminatur.
768 2245 846 2275 Scio
861 2245 954 2284 item,
971 2251 1022 2276 sat
1036 2253 1185 2285 congrue
1203 2244 1254 2274 bis
1277 2242 1368 2273 idem
1386 2241 1496 2280 repeti
1513 2240 1545 2270 in
1563 2247 1708 2279 persona
1724 2247 1782 2268 au·

321 2287 416 2318 dacis
432 2289 675 2329 sycophantae3
708 2288 802 2327 quasi
825 2287 1000 2318 clamando
1018 2293 1053 2318 et
1071 2285 1291 2318 vociferando
1308 2284 1454 2323 strepitu
1472 2292 1545 2322 ipso
1560 2291 1596 2312 se
1614 2289 1684 2329 rein
1706 2289 1780 2321 ges-

322 2334 432 2361 turum
449 2335 616 2371 speraret.
663 2330 732 2360 Sed
750 2329 826 2360 vide
843 2339 884 2360 an
901 2330 1060 2361 Parasito
1075 2329 1210 2360 minime
1225 2328 1331 2358 stulto
1349 2331 1407 2357 aut
1424 2324 1638 2356 somnolento
1652 2322 1686 2353 1d
1702 2331 1782 2353 con-

322 2374 448 2412 veniat,
466 2378 502 2403 ut
521 2383 568 2403 vs.
583 2382 660 2403 mox
676 2375 728 2403 40.
754 2376 822 2402 tam
840 2373 910 2402 cito
938 2373 1112 2403 immemor
1128 2372 1171 2401 sit
1188 2369 1346 2409 nominis,
1362 2368 1450 2408 quod
1468 2367 1535 2404 hic,
1552 2366 1585 2397 id
1602 2370 1666 2404 est,
1681 2365 1781 2414 modo

316 2415 389 2454 jam
407 2425 495 2446 nunc
513 2420 592 2446 ante
609 2419 869 2453 memoraverat,
884 2414 1084 2455 Stilphonis.
1129 2414 1188 2445 Me
1206 2414 1320 2454 itaque
1339 2411 1492 2445 lubente,
1513 2418 1648 2440 versum
1664 2417 1706 2437 ex
1729 2407 1781 2437 his

322 2467 446 2488 nonum
460 2457 681 2498 expunxeris.
705 2457 801 2488 Bent.
838 2457 997 2488 Bentleio
1011 2457 1148 2487 videtur
1158 2456 1210 2486 hic
1226 2464 1338 2486 versus
1351 2462 1426 2484 esse
1439 2452 1574 2492 spurius
1587 2454 1785 2498 propterea,

324 2500 411 2540 quod
430 2500 592 2531 Phormio
608 2500 660 2530 hic
678 2509 801 2529 nomen
816 2499 1002 2539 Stilphonis
1019 2504 1149 2537 teneat,
1166 2497 1254 2538 quod
1272 2495 1361 2527 infra
1372 2497 1486 2526 vs.40.
1499 2496 1640 2541 repente
1658 2491 1783 2522 obntus

324 2543 378 2572 sit.
424 2543 530 2574 Male.
575 2542 662 2574 Nam
679 2540 824 2572 mendax
842 2542 1128 2582 perturbatusque
1153 2550 1219 2571 uon
1238 2548 1372 2579 semper
1387 2546 1515 2568 memor
1533 2540 1585 2566 est
1602 2535 1780 2567 dictorum.

323 2585 410 2615 Fere
427 2586 543 2624 etiam,
558 2585 615 2615 ubi
633 2584 706 2624 quis
723 2583 766 2614 de
790 2584 890 2614 rebus
909 2584 1052 2622 laborat,
1075 2584 1187 2614 solent
1209 2582 1343 2613 nomina
1359 2580 1491 2620 fugere.
1524 2578 1624 2609 Zeun.
1678 2576 1782 2607 Hunc

325 2636 373 2657 vs.
391 2627 561 2657 nonnullae
581 2626 666 2657 Edd.
690 2626 777 2656 haud
795 2626 866 2656 sine
883 2626 1008 2666 injuria
1031 2626 1261 2656 eliminarunt.
1306 2623 1421 2653 Facile
1438 2626 1551 2652 autem
1577 2619 1619 2650 τὰ
1644 2617 1781 2656 ὁμοιοτέ-

324 2675 432 2707 λευτα,
450 2670 570 2708 Negat,
588 2670 709 2707 Negat,
725 2669 759 2698 in
776 2678 876 2700 causa
894 2673 1053 2708 poterant
1069 2678 1156 2706 esse,
1169 2677 1228 2698 cur
1246 2677 1264 2697 a
1280 2665 1426 2697 librariis
1443 2663 1676 2708 omitteretur..
1697 2661 1782 2710 Peri.

325 2711 435 2750 Vulgo
454 2711 529 2741 huic
546 2721 593 2740 vs.
611 2711 723 2750 [nobis
742 2710 808 2750 10.]
825 2710 1043 2751 subjungitur
1057 2711 1140 2741 alius
1156 2709 1197 2740 ad
1215 2708 1438 2739 imitationem
1457 2704 1578 2746 prioris
1600 2703 1782 2752 flagitatio-

327 2753 376 2782 nis
393 2758 428 2783 et
451 2753 657 2792 explendum
683 2762 804 2783 nomen
823 2753 938 2793 inepte
955 2754 1117 2792 ingestu&
1161 2752 1228 2782 Sed
1245 2761 1321 2781 eum
1336 2751 1402 2780 hoc
1419 2747 1543 2779 certius
1559 2755 1709 2786 spurium
1722 2745 1782 2778 ha-

326 2795 443 2826 bemus
458 2800 493 2825 et
510 2795 745 2835 expungimus,
763 2795 852 2836 quod
881 2801 916 2827 et
934 2796 1031 2827 Deru.
1048 2794 1135 2827 infra
1154 2794 1252 2825 enixe
1271 2801 1395 2824 nomen
1411 2790 1445 2823 id
1464 2794 1573 2830 rogat,
1590 2788 1684 2820 velut
1699 2794 1781 2819 non-
