<?xml version="1.0" encoding="UTF-8"?>
<!DOCTYPE html PUBLIC "-//W3C//DTD XHTML 1.0 Transitional//EN"
    "http://www.w3.org/TR/xhtml1/DTD/xhtml1-transitional.dtd">
<html xmlns="http://www.w3.org/1999/xhtml" xml:lang="en" lang="en">
 <head>
  <title>
</title>
<meta http-equiv="Content-Type" content="text/html;charset=utf-8" />
  <meta name='ocr-system' content='tesseract 3.04.00' />
  <meta name='ocr-capabilities' content='ocr_page ocr_carea ocr_par ocr_line ocrx_word'/>
</head>
<body>
  <div class='ocr_page' id='page_1' title='image "./pubterentiiafric02tereuoft/pubterentiiafric02tereuoft_0137.png"; bbox 0 0 1966 3302; ppageno 0'>
   <div class='ocr_carea' id='block_1_1' title="bbox 437 229 1580 272">
    <p class='ocr_par' dir='ltr' id='par_1_1' title="bbox 437 229 1580 272">
     <span class='ocr_line' id='line_1_1' title="bbox 437 229 1580 272; baseline 0 -1"><span class='ocrx_word' id='word_1_1' title='bbox 437 241 854 272; x_wconf 67' lang='lat' dir='ltr'><strong>HEAUTowrfflon.</strong></span> <span class='ocrx_word' id='word_1_2' title='bbox 886 240 994 271; x_wconf 77' lang='lat' dir='ltr'><strong>Aer.</strong></span> <span class='ocrx_word' id='word_1_3' title='bbox 1029 239 1093 271; x_wconf 81' lang='lat' dir='ltr'><strong>iv.</strong></span> <span class='ocrx_word' id='word_1_4' title='bbox 1127 238 1194 269; x_wconf 82' lang='lat' dir='ltr'><strong>sc.</strong></span> <span class='ocrx_word' id='word_1_5' title='bbox 1229 240 1270 271; x_wconf 85' lang='lat' dir='ltr'><strong>v.</strong></span> <span class='ocrx_word' id='word_1_6' title='bbox 1496 229 1580 272; x_wconf 70' lang='lat'><strong>627</strong></span> 
     </span>
    </p>
   </div>
   <div class='ocr_carea' id='block_1_2' title="bbox 125 335 1581 863">
    <p class='ocr_par' dir='ltr' id='par_1_2' title="bbox 125 335 1191 378">
     <span class='ocr_line' id='line_1_2' title="bbox 125 335 1191 378; baseline -0.002 0"><span class='ocrx_word' id='word_1_7' title='bbox 125 336 370 378; x_wconf 86' lang='lat' dir='ltr'><strong>Illanccine</strong></span> <span class='ocrx_word' id='word_1_8' title='bbox 390 337 614 378; x_wconf 88' lang='lat' dir='ltr'><strong>mulierem</strong></span> <span class='ocrx_word' id='word_1_9' title='bbox 636 337 750 378; x_wconf 84' lang='lat' dir='ltr'><strong>alere</strong></span> <span class='ocrx_word' id='word_1_10' title='bbox 772 349 871 377; x_wconf 88' lang='lat' dir='ltr'><strong>cum</strong></span> <span class='ocrx_word' id='word_1_11' title='bbox 894 336 970 376; x_wconf 87' lang='lat' dir='ltr'><strong>illa</strong></span> <span class='ocrx_word' id='word_1_12' title='bbox 990 335 1191 376; x_wconf 72' lang='lat' dir='ltr'><strong>familia?</strong></span> 
     </span>
    </p>

    <p class='ocr_par' dir='ltr' id='par_1_3' title="bbox 125 403 1121 458">
     <span class='ocr_line' id='line_1_3' title="bbox 125 403 1121 458; baseline -0.001 -13"><span class='ocrx_word' id='word_1_13' title='bbox 125 403 220 445; x_wconf 86' lang='lat' dir='ltr'><strong>Etsi</strong></span> <span class='ocrx_word' id='word_1_14' title='bbox 242 405 351 454; x_wconf 88' lang='lat' dir='ltr'><strong>scio,</strong></span> <span class='ocrx_word' id='word_1_15' title='bbox 368 404 500 445; x_wconf 82' lang='lat' dir='ltr'><strong>hosce</strong></span> <span class='ocrx_word' id='word_1_16' title='bbox 522 405 694 458; x_wconf 79' lang='lat' dir='ltr'>aliquot</span> <span class='ocrx_word' id='word_1_17' title='bbox 716 404 812 444; x_wconf 84' lang='lat' dir='ltr'><strong>dies</strong></span> <span class='ocrx_word' id='word_1_18' title='bbox 834 417 919 444; x_wconf 89' lang='lat' dir='ltr'><strong>non</strong></span> <span class='ocrx_word' id='word_1_19' title='bbox 942 404 1121 455; x_wconf 82' lang='lat' dir='ltr'><strong>sentiet3</strong></span> 
     </span>
    </p>

    <p class='ocr_par' dir='ltr' id='par_1_4' title="bbox 126 470 1581 525">
     <span class='ocr_line' id='line_1_4' title="bbox 126 470 1581 525; baseline 0 -13"><span class='ocrx_word' id='word_1_20' title='bbox 126 470 196 512; x_wconf 90' lang='lat' dir='ltr'><strong>lta</strong></span> <span class='ocrx_word' id='word_1_21' title='bbox 216 484 374 525; x_wconf 86' lang='lat' dir='ltr'><strong>magno</strong></span> <span class='ocrx_word' id='word_1_22' title='bbox 395 472 620 513; x_wconf 87' lang='lat' dir='ltr'><strong>desiderio</strong></span> <span class='ocrx_word' id='word_1_23' title='bbox 641 473 727 513; x_wconf 86' lang='lat' dir='ltr'><strong>fuit</strong></span> <span class='ocrx_word' id='word_1_24' title='bbox 748 472 789 513; x_wconf 87' lang='lat' dir='ltr'><strong>ei</strong></span> <span class='ocrx_word' id='word_1_25' title='bbox 812 471 958 512; x_wconf 89' lang='lat' dir='ltr'><strong>filius:</strong></span> <span class='ocrx_word' id='word_1_26' title='bbox 1554 485 1581 512; x_wconf 72' lang='grc' dir='ltr'>υ</span> 
     </span>
    </p>

    <p class='ocr_par' dir='ltr' id='par_1_5' title="bbox 126 537 1181 582">
     <span class='ocr_line' id='line_1_5' title="bbox 126 537 1181 582; baseline 0 -3"><span class='ocrx_word' id='word_1_27' title='bbox 126 537 292 580; x_wconf 86' lang='lat' dir='ltr'><strong>Verum</strong></span> <span class='ocrx_word' id='word_1_28' title='bbox 313 539 387 581; x_wconf 90' lang='lat' dir='ltr'><strong>ubi</strong></span> <span class='ocrx_word' id='word_1_29' title='bbox 408 540 576 581; x_wconf 81' lang='lat' dir='ltr'><strong>videbit</strong></span> <span class='ocrx_word' id='word_1_30' title='bbox 597 544 744 582; x_wconf 84' lang='lat' dir='ltr'><strong>tantos</strong></span> <span class='ocrx_word' id='word_1_31' title='bbox 764 540 850 580; x_wconf 90' lang='lat' dir='ltr'><strong>sibi</strong></span> <span class='ocrx_word' id='word_1_32' title='bbox 872 543 1043 580; x_wconf 84' lang='lat' dir='ltr'><strong>sumtus</strong></span> <span class='ocrx_word' id='word_1_33' title='bbox 1064 539 1181 580; x_wconf 90' lang='lat' dir='ltr'><strong>domi</strong></span> 
     </span>
    </p>

    <p class='ocr_par' dir='ltr' id='par_1_6' title="bbox 126 606 988 658">
     <span class='ocr_line' id='line_1_6' title="bbox 126 606 988 658; baseline 0 -10"><span class='ocrx_word' id='word_1_34' title='bbox 126 606 427 657; x_wconf 83' lang='lat' dir='ltr'><strong>Quotidianos</strong></span> <span class='ocrx_word' id='word_1_35' title='bbox 447 607 557 658; x_wconf 89' lang='lat' dir='ltr'><strong>fieri,</strong></span> <span class='ocrx_word' id='word_1_36' title='bbox 578 621 659 649; x_wconf 87' lang='lat' dir='ltr'><strong>nec</strong></span> <span class='ocrx_word' id='word_1_37' title='bbox 680 608 773 649; x_wconf 82' lang='lat' dir='ltr'><strong>fieri</strong></span> <span class='ocrx_word' id='word_1_38' title='bbox 793 607 988 657; x_wconf 89' lang='lat' dir='ltr'><strong>modum,</strong></span> 
     </span>
    </p>

    <p class='ocr_par' dir='ltr' id='par_1_7' title="bbox 128 674 1028 728">
     <span class='ocr_line' id='line_1_7' title="bbox 128 674 1028 728; baseline 0.001 -13"><span class='ocrx_word' id='word_1_39' title='bbox 128 674 315 728; x_wconf 81' lang='lat' dir='ltr'>Optabit</span> <span class='ocrx_word' id='word_1_40' title='bbox 334 688 507 716; x_wconf 87' lang='lat' dir='ltr'><strong>rursum</strong></span> <span class='ocrx_word' id='word_1_41' title='bbox 530 680 576 717; x_wconf 88' lang='lat' dir='ltr'><strong>ut</strong></span> <span class='ocrx_word' id='word_1_42' title='bbox 597 678 726 717; x_wconf 86' lang='lat' dir='ltr'><strong>abeat</strong></span> <span class='ocrx_word' id='word_1_43' title='bbox 746 677 802 718; x_wconf 88' lang='lat' dir='ltr'><strong>ab</strong></span> <span class='ocrx_word' id='word_1_44' title='bbox 824 688 871 716; x_wconf 86' lang='lat' dir='ltr'><strong>se</strong></span> <span class='ocrx_word' id='word_1_45' title='bbox 892 676 1028 717; x_wconf 87' lang='lat' dir='ltr'><strong>filius.</strong></span> 
     </span>
    </p>

    <p class='ocr_par' dir='ltr' id='par_1_8' title="bbox 127 740 1577 863">
     <span class='ocr_line' id='line_1_8' title="bbox 127 740 1577 796; baseline 0.001 -15"><span class='ocrx_word' id='word_1_46' title='bbox 127 740 281 795; x_wconf 89' lang='lat' dir='ltr'><strong>Syrum</strong></span> <span class='ocrx_word' id='word_1_47' title='bbox 316 748 497 796; x_wconf 86' lang='lat' dir='ltr'>optume</span> <span class='ocrx_word' id='word_1_48' title='bbox 531 744 707 785; x_wconf 85' lang='lat' dir='ltr'><strong>eccum!</strong></span> <span class='ocrx_word' id='word_1_49' title='bbox 767 744 852 785; x_wconf 83' lang='lat' dir='ltr'><strong>SY.</strong></span> <span class='ocrx_word' id='word_1_50' title='bbox 900 742 1040 784; x_wconf 81' lang='lat' dir='ltr'>Cesso</span> <span class='ocrx_word' id='word_1_51' title='bbox 1073 742 1188 783; x_wconf 88' lang='lat' dir='ltr'><strong>hunc</strong></span> <span class='ocrx_word' id='word_1_52' title='bbox 1227 741 1424 784; x_wconf 67' lang='lat' dir='ltr'><strong>adoriri?</strong></span> <span class='ocrx_word' id='word_1_53' title='bbox 1487 742 1577 784; x_wconf 76' lang='lat' dir='ltr'><strong>CH.</strong></span> 
     </span>
     <span class='ocr_line' id='line_1_9' title="bbox 301 809 748 863; baseline 0.004 -13"><span class='ocrx_word' id='word_1_54' title='bbox 301 809 425 863; x_wconf 83' lang='lat' dir='ltr'><strong>Syre.</strong></span> <span class='ocrx_word' id='word_1_55' title='bbox 486 810 569 851; x_wconf 79' lang='grc' dir='ltr'><strong>ΞΥ.</strong></span> <span class='ocrx_word' id='word_1_56' title='bbox 605 810 720 852; x_wconf 87' lang='lat' dir='ltr'><strong>Hem</strong></span> <span class='ocrx_word' id='word_1_57' title='bbox 738 811 748 852; x_wconf 88' lang='lat'>!</span> 
     </span>
    </p>
   </div>
   <div class='ocr_carea' id='block_1_3' title="bbox 128 874 1582 988">
    <p class='ocr_par' dir='ltr' id='par_1_9' title="bbox 128 874 1582 988">
     <span class='ocr_line' id='line_1_10' title="bbox 128 874 1578 932; baseline 0.002 -16"><span class='ocrx_word' id='word_1_58' title='bbox 128 874 215 918; x_wconf 81' lang='lat' dir='ltr'><strong>CH.</strong></span> <span class='ocrx_word' id='word_1_59' title='bbox 247 874 369 926; x_wconf 87' lang='lat' dir='ltr'>Quid</span> <span class='ocrx_word' id='word_1_60' title='bbox 390 879 491 918; x_wconf 72' lang='lat' dir='ltr'><strong>est?</strong></span> <span class='ocrx_word' id='word_1_61' title='bbox 568 878 651 919; x_wconf 83' lang='lat' dir='ltr'><strong>SY.</strong></span> <span class='ocrx_word' id='word_1_62' title='bbox 691 879 758 920; x_wconf 89' lang='lat' dir='ltr'><strong>Te</strong></span> <span class='ocrx_word' id='word_1_63' title='bbox 781 879 882 919; x_wconf 87' lang='lat' dir='ltr'><strong>mihi</strong></span> <span class='ocrx_word' id='word_1_64' title='bbox 904 879 1049 932; x_wconf 85' lang='lat' dir='ltr'><strong>ipsum</strong></span> <span class='ocrx_word' id='word_1_65' title='bbox 1066 877 1160 932; x_wconf 84' lang='lat' dir='ltr'><strong>jam</strong></span> <span class='ocrx_word' id='word_1_66' title='bbox 1181 877 1342 919; x_wconf 90' lang='lat' dir='ltr'><strong>dudum</strong></span> <span class='ocrx_word' id='word_1_67' title='bbox 1364 879 1578 931; x_wconf 86' lang='lat' dir='ltr'><strong>optabam</strong></span> 
     </span>
     <span class='ocr_line' id='line_1_11' title="bbox 299 943 1582 988; baseline 0.003 -4"><span class='ocrx_word' id='word_1_68' title='bbox 299 943 408 985; x_wconf 86' lang='lat' dir='ltr'><strong>dari.</strong></span> <span class='ocrx_word' id='word_1_69' title='bbox 1528 948 1582 988; x_wconf 90' lang='grc'><strong>10</strong></span> 
     </span>
    </p>
   </div>
   <div class='ocr_carea' id='block_1_4' title="bbox 127 1010 1579 1340">
    <p class='ocr_par' dir='ltr' id='par_1_10' title="bbox 127 1010 1248 1068">
     <span class='ocr_line' id='line_1_12' title="bbox 127 1010 1248 1068; baseline 0.003 -16"><span class='ocrx_word' id='word_1_70' title='bbox 127 1010 216 1052; x_wconf 72' lang='lat' dir='ltr'><strong>Ga.</strong></span> <span class='ocrx_word' id='word_1_71' title='bbox 248 1010 413 1053; x_wconf 87' lang='lat' dir='ltr'><strong>Videre</strong></span> <span class='ocrx_word' id='word_1_72' title='bbox 434 1013 578 1066; x_wconf 80' lang='lat' dir='ltr'>egisse</span> <span class='ocrx_word' id='word_1_73' title='bbox 592 1013 686 1067; x_wconf 88' lang='lat' dir='ltr'><strong>jam</strong></span> <span class='ocrx_word' id='word_1_74' title='bbox 705 1015 853 1055; x_wconf 86' lang='lat' dir='ltr'><strong>nescio</strong></span> <span class='ocrx_word' id='word_1_75' title='bbox 879 1013 986 1068; x_wconf 90' lang='lat' dir='ltr'><strong>quid</strong></span> <span class='ocrx_word' id='word_1_76' title='bbox 1009 1027 1107 1055; x_wconf 89' lang='lat' dir='ltr'><strong>cum</strong></span> <span class='ocrx_word' id='word_1_77' title='bbox 1130 1027 1248 1056; x_wconf 85' lang='lat' dir='ltr'><strong>sene.</strong></span> 
     </span>
    </p>

    <p class='ocr_par' dir='ltr' id='par_1_11' title="bbox 128 1078 1438 1134">
     <span class='ocr_line' id='line_1_13' title="bbox 128 1078 1438 1134; baseline 0.003 -16"><span class='ocrx_word' id='word_1_78' title='bbox 128 1078 212 1118; x_wconf 82' lang='grc' dir='ltr'><strong>ΞΥ.</strong></span> <span class='ocrx_word' id='word_1_79' title='bbox 246 1078 316 1119; x_wconf 90' lang='lat' dir='ltr'><strong>De</strong></span> <span class='ocrx_word' id='word_1_80' title='bbox 337 1079 416 1120; x_wconf 87' lang='lat' dir='ltr'><strong>illo</strong></span> <span class='ocrx_word' id='word_1_81' title='bbox 438 1081 553 1134; x_wconf 91' lang='lat' dir='ltr'><strong>quod</strong></span> <span class='ocrx_word' id='word_1_82' title='bbox 576 1081 770 1123; x_wconf 71' lang='lat' dir='ltr'><strong>dudum?</strong></span> <span class='ocrx_word' id='word_1_83' title='bbox 805 1083 969 1123; x_wconf 88' lang='lat' dir='ltr'><strong>dictum</strong></span> <span class='ocrx_word' id='word_1_84' title='bbox 993 1095 1046 1123; x_wconf 83' lang='lat' dir='ltr'><strong>ac</strong></span> <span class='ocrx_word' id='word_1_85' title='bbox 1066 1082 1233 1124; x_wconf 85' lang='lat' dir='ltr'><strong>factum</strong></span> <span class='ocrx_word' id='word_1_86' title='bbox 1255 1082 1438 1124; x_wconf 87' lang='lat' dir='ltr'><strong>reddidi.</strong></span> 
     </span>
    </p>

    <p class='ocr_par' dir='ltr' id='par_1_12' title="bbox 128 1144 1579 1265">
     <span class='ocr_line' id='line_1_14' title="bbox 128 1144 1579 1203; baseline 0.003 -18"><span class='ocrx_word' id='word_1_87' title='bbox 128 1144 216 1186; x_wconf 83' lang='lat' dir='ltr'><strong>CH.</strong></span> <span class='ocrx_word' id='word_1_88' title='bbox 249 1146 414 1188; x_wconf 86' lang='lat' dir='ltr'><strong>Bonan’</strong></span> <span class='ocrx_word' id='word_1_89' title='bbox 449 1147 567 1190; x_wconf 76' lang='lat' dir='ltr'><strong>fide&#39;i</strong></span> <span class='ocrx_word' id='word_1_90' title='bbox 627 1149 712 1190; x_wconf 85' lang='lat' dir='ltr'><strong>SY.</strong></span> <span class='ocrx_word' id='word_1_91' title='bbox 746 1150 873 1191; x_wconf 87' lang='lat' dir='ltr'><strong>Bona</strong></span> <span class='ocrx_word' id='word_1_92' title='bbox 904 1149 1066 1191; x_wconf 86' lang='lat' dir='ltr'><strong>hercle.</strong></span> <span class='ocrx_word' id='word_1_93' title='bbox 1139 1149 1227 1192; x_wconf 84' lang='lat' dir='ltr'><strong>CH.</strong></span> <span class='ocrx_word' id='word_1_94' title='bbox 1265 1150 1368 1192; x_wconf 89' lang='lat' dir='ltr'><strong>Non</strong></span> <span class='ocrx_word' id='word_1_95' title='bbox 1400 1162 1579 1203; x_wconf 86' lang='lat' dir='ltr'><strong>possum</strong></span> 
     </span>
     <span class='ocr_line' id='line_1_15' title="bbox 338 1215 414 1265; baseline -0.013 -9"><span class='ocrx_word' id='word_1_96' title='bbox 338 1215 414 1265; x_wconf 78' lang='lat' dir='ltr'><strong>ati,</strong></span> 
     </span>
    </p>

    <p class='ocr_par' dir='ltr' id='par_1_13' title="bbox 129 1228 1328 1340">
     <span class='ocr_line' id='line_1_16' title="bbox 129 1228 1328 1340; baseline 0.003 -17"><span class='ocrx_word' id='word_1_97' title='bbox 129 1281 248 1332; x_wconf 78' lang='lat' dir='ltr'><strong>Quin</strong></span> <span class='ocrx_word' id='word_1_98' title='bbox 268 1228 349 1325; x_wconf 59' lang='lat' dir='ltr'><strong>tillii</strong></span> <span class='ocrx_word' id='word_1_99' title='bbox 370 1287 504 1338; x_wconf 84' lang='lat' dir='ltr'><strong>caput</strong></span> <span class='ocrx_word' id='word_1_100' title='bbox 523 1284 812 1326; x_wconf 81' lang='lat' dir='ltr'><strong>demulceam.</strong></span> <span class='ocrx_word' id='word_1_101' title='bbox 873 1285 1051 1328; x_wconf 88' lang='lat' dir='ltr'><strong>Accede</strong></span> <span class='ocrx_word' id='word_1_102' title='bbox 1071 1286 1171 1336; x_wconf 84' lang='lat' dir='ltr'><strong>huc,</strong></span> <span class='ocrx_word' id='word_1_103' title='bbox 1193 1286 1328 1340; x_wconf 84' lang='lat' dir='ltr'><strong>Syre:</strong></span> 
     </span>
    </p>
   </div>
   <div class='ocr_carea' id='block_1_5' title="bbox 125 1395 1583 1823">
    <p class='ocr_par' dir='ltr' id='par_1_14' title="bbox 125 1395 1583 1823">
     <span class='ocr_line' id='line_1_17' title="bbox 125 1395 1581 1438; baseline 0.001 -13"><span class='ocrx_word' id='word_1_104' title='bbox 125 1395 160 1425; x_wconf 74' lang='grc' dir='ltr'><strong>ὶπ</strong></span> <span class='ocrx_word' id='word_1_105' title='bbox 176 1404 244 1425; x_wconf 84' lang='lat' dir='ltr'><strong>eum</strong></span> <span class='ocrx_word' id='word_1_106' title='bbox 258 1395 339 1425; x_wconf 84' lang='lat' dir='ltr'><strong>mala</strong></span> <span class='ocrx_word' id='word_1_107' title='bbox 354 1395 506 1427; x_wconf 83' lang='lat' dir='ltr'><strong>cecidisse.</strong></span> <span class='ocrx_word' id='word_1_108' title='bbox 550 1395 643 1427; x_wconf 82' lang='lat' dir='ltr'><strong>Itane</strong></span> <span class='ocrx_word' id='word_1_109' title='bbox 665 1401 724 1436; x_wconf 82' lang='lat' dir='ltr'><strong>est,</strong></span> <span class='ocrx_word' id='word_1_110' title='bbox 741 1400 775 1427; x_wconf 80' lang='lat' dir='ltr'><strong>ut</strong></span> <span class='ocrx_word' id='word_1_111' title='bbox 792 1396 901 1427; x_wconf 74' lang='lat' dir='ltr'><strong>alenda</strong></span> <span class='ocrx_word' id='word_1_112' title='bbox 916 1396 958 1428; x_wconf 80' lang='lat' dir='ltr'><strong>sit</strong></span> <span class='ocrx_word' id='word_1_113' title='bbox 973 1396 1002 1428; x_wconf 79' lang='lat' dir='ltr'><strong>ei</strong></span> <span class='ocrx_word' id='word_1_114' title='bbox 1016 1397 1127 1428; x_wconf 84' lang='lat' dir='ltr'><strong>mulier·</strong></span> <span class='ocrx_word' id='word_1_115' title='bbox 1142 1397 1197 1428; x_wconf 76' lang='lat' dir='ltr'><strong>illa</strong></span> <span class='ocrx_word' id='word_1_116' title='bbox 1222 1395 1390 1438; x_wconf 79' lang='lat' dir='ltr'><em>(Bacchis)</em></span> <span class='ocrx_word' id='word_1_117' title='bbox 1409 1405 1477 1427; x_wconf 81' lang='lat' dir='ltr'><strong>cum</strong></span> <span class='ocrx_word' id='word_1_118' title='bbox 1493 1400 1581 1428; x_wconf 80' lang='lat' dir='ltr'><strong>tanto</strong></span> 
     </span>
     <span class='ocr_line' id='line_1_18' title="bbox 125 1437 1582 1480; baseline 0.001 -12"><span class='ocrx_word' id='word_1_119' title='bbox 125 1437 307 1468; x_wconf 79' lang='lat' dir='ltr'><strong>ancillarum</strong></span> <span class='ocrx_word' id='word_1_120' title='bbox 320 1437 492 1470; x_wconf 79' lang='lat' dir='ltr'><strong>comitatu?</strong></span> <span class='ocrx_word' id='word_1_121' title='bbox 531 1438 680 1473; x_wconf 72' lang='lat' dir='ltr'><strong>Quamris</strong></span> <span class='ocrx_word' id='word_1_122' title='bbox 697 1449 756 1470; x_wconf 80' lang='lat' dir='ltr'><strong>uon</strong></span> <span class='ocrx_word' id='word_1_123' title='bbox 772 1449 838 1470; x_wconf 81' lang='lat' dir='ltr'><strong>sum</strong></span> <span class='ocrx_word' id='word_1_124' title='bbox 853 1441 972 1470; x_wconf 72' lang='lat' dir='ltr'><strong>nescius</strong></span> <span class='ocrx_word' id='word_1_125' title='bbox 986 1450 1053 1470; x_wconf 83' lang='lat' dir='ltr'><strong>eum</strong></span> <span class='ocrx_word' id='word_1_126' title='bbox 1068 1450 1152 1479; x_wconf 71' lang='lat' dir='ltr'><strong>‹tgre</strong></span> <span class='ocrx_word' id='word_1_127' title='bbox 1167 1450 1225 1471; x_wconf 79' lang='lat' dir='ltr'><strong>non</strong></span> <span class='ocrx_word' id='word_1_128' title='bbox 1241 1440 1375 1471; x_wconf 82' lang='lat' dir='ltr'><strong>laturum</strong></span> <span class='ocrx_word' id='word_1_129' title='bbox 1392 1449 1449 1480; x_wconf 82' lang='lat' dir='ltr'><strong>per</strong></span> <span class='ocrx_word' id='word_1_130' title='bbox 1464 1440 1582 1479; x_wconf 80' lang='lat' dir='ltr'><strong>aliquot</strong></span> 
     </span>
     <span class='ocr_line' id='line_1_19' title="bbox 126 1480 1581 1525; baseline 0.001 -14"><span class='ocrx_word' id='word_1_131' title='bbox 126 1480 194 1511; x_wconf 83' lang='lat' dir='ltr'><strong>dies</strong></span> <span class='ocrx_word' id='word_1_132' title='bbox 208 1483 329 1511; x_wconf 78' lang='lat' dir='ltr'><strong>tautum</strong></span> <span class='ocrx_word' id='word_1_133' title='bbox 344 1481 549 1520; x_wconf 85' lang='lat' dir='ltr'><strong>impensarum</strong></span> <span class='ocrx_word' id='word_1_134' title='bbox 562 1491 650 1519; x_wconf 73' lang='grc' dir='ltr'><em>ωιιις,</em></span> <span class='ocrx_word' id='word_1_135' title='bbox 663 1483 738 1512; x_wconf 89' lang='lat' dir='ltr'><strong>adeo</strong></span> <span class='ocrx_word' id='word_1_136' title='bbox 752 1482 941 1513; x_wconf 79' lang='lat' dir='ltr'><strong>desideravit</strong></span> <span class='ocrx_word' id='word_1_137' title='bbox 953 1483 1062 1524; x_wconf 83' lang='lat' dir='ltr'><strong>filium</strong></span> <span class='ocrx_word' id='word_1_138' title='bbox 1077 1483 1202 1514; x_wconf 70' lang='lat' dir='ltr'><strong>videre:</strong></span> <span class='ocrx_word' id='word_1_139' title='bbox 1223 1484 1275 1525; x_wconf 83' lang='lat' dir='ltr'><strong>sed</strong></span> <span class='ocrx_word' id='word_1_140' title='bbox 1290 1483 1409 1522; x_wconf 81' lang='lat' dir='ltr'><strong>quando</strong></span> <span class='ocrx_word' id='word_1_141' title='bbox 1424 1486 1581 1521; x_wconf 78' lang='lat' dir='ltr'><em>cognoscet</em></span> 
     </span>
     <span class='ocr_line' id='line_1_20' title="bbox 126 1524 1580 1566; baseline 0.001 -13"><span class='ocrx_word' id='word_1_142' title='bbox 126 1525 229 1554; x_wconf 82' lang='lat' dir='ltr'><strong>tantos</strong></span> <span class='ocrx_word' id='word_1_143' title='bbox 242 1527 359 1554; x_wconf 75' lang='lat' dir='ltr'><strong>sumtus</strong></span> <span class='ocrx_word' id='word_1_144' title='bbox 374 1525 511 1564; x_wconf 82' lang='lat' dir='ltr'><strong>quotidie</strong></span> <span class='ocrx_word' id='word_1_145' title='bbox 514 1524 679 1562; x_wconf 67' lang='lat' dir='ltr'><strong>faciendae</strong></span> <span class='ocrx_word' id='word_1_146' title='bbox 694 1535 756 1555; x_wconf 71' lang='lat' dir='ltr'><strong>esse</strong></span> <span class='ocrx_word' id='word_1_147' title='bbox 770 1525 802 1556; x_wconf 84' lang='lat' dir='ltr'><strong>in</strong></span> <span class='ocrx_word' id='word_1_148' title='bbox 818 1527 905 1555; x_wconf 86' lang='lat' dir='ltr'><strong>domo</strong></span> <span class='ocrx_word' id='word_1_149' title='bbox 916 1535 984 1565; x_wconf 79' lang='lat' dir='ltr'><strong>sua,</strong></span> <span class='ocrx_word' id='word_1_150' title='bbox 999 1526 1090 1566; x_wconf 82' lang='lat' dir='ltr'><strong>idque</strong></span> <span class='ocrx_word' id='word_1_151' title='bbox 1104 1526 1225 1556; x_wconf 80' lang='lat' dir='ltr'><strong>omnino</strong></span> <span class='ocrx_word' id='word_1_152' title='bbox 1240 1527 1325 1557; x_wconf 76' lang='lat' dir='ltr'><strong>ultra</strong></span> <span class='ocrx_word' id='word_1_153' title='bbox 1338 1526 1469 1562; x_wconf 80' lang='lat' dir='ltr'><strong>modum,</strong></span> <span class='ocrx_word' id='word_1_154' title='bbox 1481 1527 1580 1556; x_wconf 83' lang='lat' dir='ltr'><strong>denuo</strong></span> 
     </span>
     <span class='ocr_line' id='line_1_21' title="bbox 126 1566 1583 1609; baseline 0.002 -14"><span class='ocrx_word' id='word_1_155' title='bbox 126 1566 228 1606; x_wconf 78' lang='lat' dir='ltr'><strong>cupiet</strong></span> <span class='ocrx_word' id='word_1_156' title='bbox 244 1569 279 1596; x_wconf 88' lang='lat' dir='ltr'><strong>ut</strong></span> <span class='ocrx_word' id='word_1_157' title='bbox 286 1566 377 1606; x_wconf 76' lang='lat' dir='ltr'><strong>filius</strong></span> <span class='ocrx_word' id='word_1_158' title='bbox 393 1576 411 1596; x_wconf 86' lang='grc' dir='ltr'><em>α</em></span> <span class='ocrx_word' id='word_1_159' title='bbox 425 1576 457 1597; x_wconf 89' lang='lat' dir='ltr'><strong>se</strong></span> <span class='ocrx_word' id='word_1_160' title='bbox 471 1567 618 1598; x_wconf 83' lang='lat' dir='ltr'><strong>discedat.</strong></span> <span class='ocrx_word' id='word_1_161' title='bbox 664 1568 744 1598; x_wconf 86' lang='lat' dir='ltr'><strong>Ecce</strong></span> <span class='ocrx_word' id='word_1_162' title='bbox 759 1568 810 1598; x_wconf 79' lang='grc' dir='ltr'><strong>Ιιίι·</strong></span> <span class='ocrx_word' id='word_1_163' title='bbox 824 1567 941 1609; x_wconf 84' lang='lat' dir='ltr'><strong>Syrum</strong></span> <span class='ocrx_word' id='word_1_164' title='bbox 956 1572 1134 1609; x_wconf 80' lang='lat' dir='ltr'><strong>opportune.</strong></span> <span class='ocrx_word' id='word_1_165' title='bbox 1180 1569 1241 1600; x_wconf 79' lang='grc' dir='ltr'><strong>ΞΥ.</strong></span> <span class='ocrx_word' id='word_1_166' title='bbox 1266 1569 1351 1604; x_wconf 84' lang='lat' dir='ltr'><strong>Quid</strong></span> <span class='ocrx_word' id='word_1_167' title='bbox 1367 1577 1467 1599; x_wconf 85' lang='lat' dir='ltr'><strong>moror</strong></span> <span class='ocrx_word' id='word_1_168' title='bbox 1482 1569 1583 1599; x_wconf 70' lang='lat' dir='ltr'><strong>verbis</strong></span> 
     </span>
     <span class='ocr_line' id='line_1_22' title="bbox 127 1608 1582 1652; baseline 0.002 -14"><span class='ocrx_word' id='word_1_169' title='bbox 127 1609 260 1647; x_wconf 74' lang='lat' dir='ltr'><strong>aggredi</strong></span> <span class='ocrx_word' id='word_1_170' title='bbox 289 1608 502 1640; x_wconf 81' lang='lat' dir='ltr'><strong>Chremetem?</strong></span> <span class='ocrx_word' id='word_1_171' title='bbox 541 1610 609 1641; x_wconf 77' lang='lat' dir='ltr'><strong>CH.</strong></span> <span class='ocrx_word' id='word_1_172' title='bbox 633 1609 723 1651; x_wconf 70' lang='lat' dir='ltr'><strong>Syre.</strong></span> <span class='ocrx_word' id='word_1_173' title='bbox 777 1611 840 1642; x_wconf 76' lang='grc' dir='ltr'><strong>ΞΥ.</strong></span> <span class='ocrx_word' id='word_1_174' title='bbox 865 1611 959 1650; x_wconf 87' lang='lat' dir='ltr'><strong>Hem,</strong></span> <span class='ocrx_word' id='word_1_175' title='bbox 974 1612 1050 1652; x_wconf 85' lang='lat' dir='ltr'><strong>quid</strong></span> <span class='ocrx_word' id='word_1_176' title='bbox 1072 1615 1117 1643; x_wconf 73' lang='lat' dir='ltr'><strong>est</strong></span> <span class='ocrx_word' id='word_1_177' title='bbox 1128 1615 1141 1642; x_wconf 87' lang='lat'><strong><em>?</em></strong></span> <span class='ocrx_word' id='word_1_178' title='bbox 1154 1611 1341 1650; x_wconf 80' lang='lat' dir='ltr'><strong>jamdudum</strong></span> <span class='ocrx_word' id='word_1_179' title='bbox 1369 1611 1582 1642; x_wconf 76' lang='lat' dir='ltr'><strong>desiderabam</strong></span> 
     </span>
     <span class='ocr_line' id='line_1_23' title="bbox 125 1650 1581 1695; baseline 0.002 -14"><span class='ocrx_word' id='word_1_180' title='bbox 125 1654 157 1681; x_wconf 80' lang='lat' dir='ltr'><strong>te</strong></span> <span class='ocrx_word' id='word_1_181' title='bbox 173 1651 251 1681; x_wconf 81' lang='lat' dir='ltr'><strong>mihi</strong></span> <span class='ocrx_word' id='word_1_182' title='bbox 264 1650 384 1682; x_wconf 83' lang='lat' dir='ltr'><strong>obviam</strong></span> <span class='ocrx_word' id='word_1_183' title='bbox 397 1651 517 1693; x_wconf 83' lang='lat' dir='ltr'><strong>offerri.</strong></span> <span class='ocrx_word' id='word_1_184' title='bbox 563 1652 632 1684; x_wconf 84' lang='lat' dir='ltr'><strong>CH.</strong></span> <span class='ocrx_word' id='word_1_185' title='bbox 664 1653 784 1684; x_wconf 73' lang='lat' dir='ltr'><strong>Videris</strong></span> <span class='ocrx_word' id='word_1_186' title='bbox 801 1653 898 1692; x_wconf 81' lang='lat' dir='ltr'><strong>egisse</strong></span> <span class='ocrx_word' id='word_1_187' title='bbox 911 1654 982 1692; x_wconf 79' lang='lat' dir='ltr'><strong>jam</strong></span> <span class='ocrx_word' id='word_1_188' title='bbox 997 1655 1097 1685; x_wconf 78' lang='lat' dir='ltr'><strong>nescio</strong></span> <span class='ocrx_word' id='word_1_189' title='bbox 1111 1655 1183 1695; x_wconf 85' lang='lat' dir='ltr'><strong>quid</strong></span> <span class='ocrx_word' id='word_1_190' title='bbox 1196 1664 1265 1685; x_wconf 85' lang='lat' dir='ltr'><strong>cum</strong></span> <span class='ocrx_word' id='word_1_191' title='bbox 1282 1655 1474 1685; x_wconf 78' lang='lat' dir='ltr'><strong>Menedemo,</strong></span> <span class='ocrx_word' id='word_1_192' title='bbox 1518 1654 1581 1684; x_wconf 70' lang='grc' dir='ltr'><strong>ΞΥ.</strong></span> 
     </span>
     <span class='ocr_line' id='line_1_24' title="bbox 126 1694 1582 1738; baseline 0.002 -13"><span class='ocrx_word' id='word_1_193' title='bbox 126 1694 178 1725; x_wconf 71' lang='lat' dir='ltr'><strong>De</strong></span> <span class='ocrx_word' id='word_1_194' title='bbox 192 1694 248 1724; x_wconf 83' lang='lat' dir='ltr'><strong>illa</strong></span> <span class='ocrx_word' id='word_1_195' title='bbox 262 1703 307 1732; x_wconf 77' lang='lat' dir='ltr'><strong>re,</strong></span> <span class='ocrx_word' id='word_1_196' title='bbox 321 1704 412 1734; x_wconf 80' lang='lat' dir='ltr'><strong>quam</strong></span> <span class='ocrx_word' id='word_1_197' title='bbox 425 1697 515 1734; x_wconf 79' lang='lat' dir='ltr'><strong>conge</strong></span> <span class='ocrx_word' id='word_1_198' title='bbox 527 1698 600 1726; x_wconf 84' lang='lat' dir='ltr'><strong>ante</strong></span> <span class='ocrx_word' id='word_1_199' title='bbox 615 1697 965 1728; x_wconf 76' lang='lat' dir='ltr'><strong>communicaveramus?</strong></span> <span class='ocrx_word' id='word_1_200' title='bbox 1014 1697 1056 1728; x_wconf 84' lang='lat' dir='ltr'><strong>Ut</strong></span> <span class='ocrx_word' id='word_1_201' title='bbox 1071 1698 1151 1735; x_wconf 76' lang='lat' dir='ltr'><strong>dixi,</strong></span> <span class='ocrx_word' id='word_1_202' title='bbox 1171 1698 1217 1728; x_wconf 75' lang='lat' dir='ltr'><strong>sio</strong></span> <span class='ocrx_word' id='word_1_203' title='bbox 1232 1697 1335 1738; x_wconf 82' lang='lat' dir='ltr'><strong>effeci.</strong></span> <span class='ocrx_word' id='word_1_204' title='bbox 1374 1697 1442 1728; x_wconf 83' lang='lat' dir='ltr'><strong>CH.</strong></span> <span class='ocrx_word' id='word_1_205' title='bbox 1465 1696 1582 1728; x_wconf 79' lang='lat' dir='ltr'><strong>Verene</strong></span> 
     </span>
     <span class='ocr_line' id='line_1_25' title="bbox 126 1736 1582 1779; baseline 0.003 -13"><span class='ocrx_word' id='word_1_206' title='bbox 126 1736 226 1767; x_wconf 80' lang='lat' dir='ltr'><strong>dicis?</strong></span> <span class='ocrx_word' id='word_1_207' title='bbox 268 1737 329 1768; x_wconf 80' lang='lat' dir='ltr'><strong>SY.</strong></span> <span class='ocrx_word' id='word_1_208' title='bbox 356 1738 418 1768; x_wconf 87' lang='lat' dir='ltr'><strong>Per</strong></span> <span class='ocrx_word' id='word_1_209' title='bbox 434 1738 600 1768; x_wconf 83' lang='lat' dir='ltr'><strong>Herculem</strong></span> <span class='ocrx_word' id='word_1_210' title='bbox 613 1748 682 1769; x_wconf 74' lang='lat' dir='ltr'><strong>tere</strong></span> <span class='ocrx_word' id='word_1_211' title='bbox 697 1740 774 1769; x_wconf 82' lang='lat' dir='ltr'><strong>dico.</strong></span> <span class='ocrx_word' id='word_1_212' title='bbox 821 1740 890 1770; x_wconf 81' lang='lat' dir='ltr'><strong>CH.</strong></span> <span class='ocrx_word' id='word_1_213' title='bbox 917 1740 989 1770; x_wconf 77' lang='lat' dir='ltr'><strong>Non</strong></span> <span class='ocrx_word' id='word_1_214' title='bbox 1003 1750 1124 1779; x_wconf 85' lang='lat' dir='ltr'><strong>possum</strong></span> <span class='ocrx_word' id='word_1_215' title='bbox 1139 1740 1293 1771; x_wconf 77' lang='lat' dir='ltr'><strong>abstinere</strong></span> <span class='ocrx_word' id='word_1_216' title='bbox 1312 1744 1346 1770; x_wconf 83' lang='lat' dir='ltr'><strong>ut</strong></span> <span class='ocrx_word' id='word_1_217' title='bbox 1368 1749 1428 1770; x_wconf 80' lang='lat' dir='ltr'><strong>non</strong></span> <span class='ocrx_word' id='word_1_218' title='bbox 1450 1739 1510 1770; x_wconf 79' lang='lat' dir='ltr'><strong>tibi</strong></span> <span class='ocrx_word' id='word_1_219' title='bbox 1532 1750 1582 1770; x_wconf 88' lang='lat' dir='ltr'><strong>ca-</strong></span> 
     </span>
     <span class='ocr_line' id='line_1_26' title="bbox 125 1780 1581 1823; baseline 0.001 -13"><span class='ocrx_word' id='word_1_220' title='bbox 125 1782 182 1819; x_wconf 81' lang='lat' dir='ltr'><strong>put</strong></span> <span class='ocrx_word' id='word_1_221' title='bbox 196 1780 393 1821; x_wconf 79' lang='lat' dir='ltr'><strong>demulceam,</strong></span> <span class='ocrx_word' id='word_1_222' title='bbox 415 1780 462 1811; x_wconf 85' lang='lat' dir='ltr'><strong>ita</strong></span> <span class='ocrx_word' id='word_1_223' title='bbox 477 1780 681 1821; x_wconf 72' lang='lat' dir='ltr'><strong>mihiplaces.</strong></span> <span class='ocrx_word' id='word_1_224' title='bbox 721 1782 750 1812; x_wconf 92' lang='grc' dir='ltr'>Ο</span> <span class='ocrx_word' id='word_1_225' title='bbox 767 1782 862 1822; x_wconf 81' lang='lat' dir='ltr'><strong>Syre,</strong></span> <span class='ocrx_word' id='word_1_226' title='bbox 882 1783 1093 1823; x_wconf 83' lang='lat' dir='ltr'><strong>appropinqua</strong></span> <span class='ocrx_word' id='word_1_227' title='bbox 1108 1785 1147 1814; x_wconf 83' lang='lat' dir='ltr'><strong>ad</strong></span> <span class='ocrx_word' id='word_1_228' title='bbox 1169 1794 1236 1820; x_wconf 87' lang='lat' dir='ltr'><strong>me;</strong></span> <span class='ocrx_word' id='word_1_229' title='bbox 1249 1783 1371 1821; x_wconf 82' lang='lat' dir='ltr'><strong>faciam</strong></span> <span class='ocrx_word' id='word_1_230' title='bbox 1388 1783 1445 1814; x_wconf 85' lang='lat' dir='ltr'><strong>tibi</strong></span> <span class='ocrx_word' id='word_1_231' title='bbox 1462 1783 1581 1822; x_wconf 82' lang='lat' dir='ltr'><strong>aliquid</strong></span> 
     </span>
    </p>
   </div>
   <div class='ocr_carea' id='block_1_6' title="bbox 735 1870 974 1884">
    <p class='ocr_par' dir='ltr' id='par_1_15' title="bbox 735 1870 974 1884">
     <span class='ocr_line' id='line_1_27' title="bbox 735 1870 974 1884; baseline 0 0"><span class='ocrx_word' id='word_1_232' title='bbox 735 1871 951 1884; x_wconf 53' lang='lat' dir='ltr'><strong>OOOOOOOOO‘O</strong></span> <span class='ocrx_word' id='word_1_233' title='bbox 958 1870 974 1884; x_wconf 54' lang='grc'><em>9</em></span> 
     </span>
    </p>
   </div>
   <div class='ocr_carea' id='block_1_7' title="bbox 123 1937 1583 2839">
    <p class='ocr_par' dir='ltr' id='par_1_16' title="bbox 123 1937 1583 2839">
     <span class='ocr_line' id='line_1_28' title="bbox 126 1937 1581 1983; baseline 0.003 -15"><span class='ocrx_word' id='word_1_234' title='bbox 126 1937 287 1978; x_wconf 80' lang='lat' dir='ltr'><strong>quissimi,</strong></span> <span class='ocrx_word' id='word_1_235' title='bbox 301 1938 476 1970; x_wconf 78' lang='lat' dir='ltr'><strong>Menedemi</strong></span> <span class='ocrx_word' id='word_1_236' title='bbox 490 1938 611 1970; x_wconf 70' lang='lat' dir='ltr'><strong>vitam.²</strong></span> <span class='ocrx_word' id='word_1_237' title='bbox 626 1940 798 1972; x_wconf 80' lang='lat' dir='ltr'><strong>West.—3</strong></span> <span class='ocrx_word' id='word_1_238' title='bbox 824 1942 883 1973; x_wconf 66' lang='grc' dir='ltr'><strong>ΒΓ,</strong></span> <span class='ocrx_word' id='word_1_239' title='bbox 902 1941 1003 1973; x_wconf 81' lang='lat' dir='ltr'><strong>Bent.</strong></span> <span class='ocrx_word' id='word_1_240' title='bbox 1020 1941 1059 1972; x_wconf 89' lang='lat' dir='ltr'><strong>Z.</strong></span> <span class='ocrx_word' id='word_1_241' title='bbox 1078 1941 1227 1973; x_wconf 77' lang='lat' dir='ltr'><strong>Illanez&#39;ne</strong></span> <span class='ocrx_word' id='word_1_242' title='bbox 1240 1951 1414 1983; x_wconf 80' lang='lat' dir='ltr'><strong>perunum</strong></span> <span class='ocrx_word' id='word_1_243' title='bbox 1430 1952 1456 1973; x_wconf 87' lang='lat' dir='ltr'><strong>c.</strong></span> <span class='ocrx_word' id='word_1_244' title='bbox 1482 1942 1581 1973; x_wconf 86' lang='lat' dir='ltr'><strong>Both.</strong></span> 
     </span>
     <span class='ocr_line' id='line_1_29' title="bbox 127 1981 1581 2025; baseline 0.003 -14"><span class='ocrx_word' id='word_1_245' title='bbox 127 1981 341 2013; x_wconf 52' lang='lat' dir='ltr'><strong>Illumne—‘1</strong></span> <span class='ocrx_word' id='word_1_246' title='bbox 363 1981 498 2022; x_wconf 80' lang='lat' dir='ltr'><strong><em>Aliquod</em></strong></span> <span class='ocrx_word' id='word_1_247' title='bbox 515 1983 636 2014; x_wconf 81' lang='lat' dir='ltr'><strong>vitiose</strong></span> <span class='ocrx_word' id='word_1_248' title='bbox 654 1983 769 2014; x_wconf 84' lang='lat' dir='ltr'><strong>Guelf.</strong></span> <span class='ocrx_word' id='word_1_249' title='bbox 787 1987 882 2014; x_wconf 80' lang='grc'><strong>2.-5</strong></span> <span class='ocrx_word' id='word_1_250' title='bbox 911 1985 977 2015; x_wconf 85' lang='lat' dir='ltr'><strong>Hic</strong></span> <span class='ocrx_word' id='word_1_251' title='bbox 995 1994 1111 2015; x_wconf 78' lang='lat' dir='ltr'><strong>versus</strong></span> <span class='ocrx_word' id='word_1_252' title='bbox 1129 1985 1172 2015; x_wconf 89' lang='lat' dir='ltr'><strong>ab</strong></span> <span class='ocrx_word' id='word_1_253' title='bbox 1189 1995 1254 2016; x_wconf 87' lang='lat' dir='ltr'><strong>uno</strong></span> <span class='ocrx_word' id='word_1_254' title='bbox 1271 1995 1312 2015; x_wconf 78' lang='lat' dir='ltr'><strong>ex</strong></span> <span class='ocrx_word' id='word_1_255' title='bbox 1331 1985 1445 2025; x_wconf 86' lang='lat' dir='ltr'><strong>Regiis</strong></span> <span class='ocrx_word' id='word_1_256' title='bbox 1471 1985 1581 2016; x_wconf 76' lang='lat' dir='ltr'><strong>abest.</strong></span> 
     </span>
     <span class='ocr_line' id='line_1_30' title="bbox 128 2024 1582 2068; baseline 0.003 -14"><span class='ocrx_word' id='word_1_257' title='bbox 128 2024 231 2055; x_wconf 84' lang='lat' dir='ltr'><strong>Certe</strong></span> <span class='ocrx_word' id='word_1_258' title='bbox 248 2024 381 2064; x_wconf 83' lang='lat' dir='ltr'><strong>spurius</strong></span> <span class='ocrx_word' id='word_1_259' title='bbox 408 2029 472 2062; x_wconf 88' lang='lat' dir='ltr'><strong>est,</strong></span> <span class='ocrx_word' id='word_1_260' title='bbox 494 2029 530 2056; x_wconf 92' lang='lat' dir='ltr'><strong>et</strong></span> <span class='ocrx_word' id='word_1_261' title='bbox 552 2035 595 2056; x_wconf 86' lang='lat' dir='ltr'><strong>ex</strong></span> <span class='ocrx_word' id='word_1_262' title='bbox 620 2030 702 2057; x_wconf 88' lang='lat' dir='ltr'><strong>nota</strong></span> <span class='ocrx_word' id='word_1_263' title='bbox 729 2027 901 2066; x_wconf 79' lang='lat' dir='ltr'><strong>marginali</strong></span> <span class='ocrx_word' id='word_1_264' title='bbox 930 2028 994 2058; x_wconf 81' lang='lat' dir='ltr'><strong>huc</strong></span> <span class='ocrx_word' id='word_1_265' title='bbox 1022 2028 1173 2068; x_wconf 85' lang='lat' dir='ltr'><strong>irrepsit.</strong></span> <span class='ocrx_word' id='word_1_266' title='bbox 1198 2028 1294 2059; x_wconf 84' lang='lat' dir='ltr'><strong>Bent.</strong></span> <span class='ocrx_word' id='word_1_267' title='bbox 1340 2030 1348 2044; x_wconf 81' lang='lat'>⁴</span> <span class='ocrx_word' id='word_1_268' title='bbox 1364 2028 1511 2058; x_wconf 91' lang='lat' dir='ltr'><strong>Omnino</strong></span> <span class='ocrx_word' id='word_1_269' title='bbox 1529 2029 1582 2059; x_wconf 85' lang='lat' dir='ltr'><strong>hie</strong></span> 
     </span>
     <span class='ocr_line' id='line_1_31' title="bbox 126 2067 1583 2111; baseline 0.004 -16"><span class='ocrx_word' id='word_1_270' title='bbox 126 2075 244 2098; x_wconf 83' lang='lat' dir='ltr'><strong>versus</strong></span> <span class='ocrx_word' id='word_1_271' title='bbox 261 2071 312 2098; x_wconf 69' lang='lat' dir='ltr'><strong>est</strong></span> <span class='ocrx_word' id='word_1_272' title='bbox 326 2067 564 2107; x_wconf 80' lang='lat' dir='ltr'><strong>Terentianus,</strong></span> <span class='ocrx_word' id='word_1_273' title='bbox 588 2072 664 2100; x_wconf 86' lang='lat' dir='ltr'><strong>utut</strong></span> <span class='ocrx_word' id='word_1_274' title='bbox 677 2070 762 2100; x_wconf 85' lang='lat' dir='ltr'><strong>absit</strong></span> <span class='ocrx_word' id='word_1_275' title='bbox 779 2069 821 2100; x_wconf 89' lang='lat' dir='ltr'><strong>ab</strong></span> <span class='ocrx_word' id='word_1_276' title='bbox 837 2079 903 2100; x_wconf 90' lang='lat' dir='ltr'><strong>uno</strong></span> <span class='ocrx_word' id='word_1_277' title='bbox 919 2079 960 2100; x_wconf 87' lang='lat' dir='ltr'><strong>ex</strong></span> <span class='ocrx_word' id='word_1_278' title='bbox 988 2071 1096 2110; x_wconf 82' lang='lat' dir='ltr'><strong>Regg.</strong></span> <span class='ocrx_word' id='word_1_279' title='bbox 1125 2080 1178 2111; x_wconf 83' lang='lat' dir='ltr'><strong>ap.</strong></span> <span class='ocrx_word' id='word_1_280' title='bbox 1205 2071 1307 2101; x_wconf 79' lang='lat' dir='ltr'><strong>Bent.</strong></span> <span class='ocrx_word' id='word_1_281' title='bbox 1354 2071 1463 2102; x_wconf 87' lang='lat' dir='ltr'><strong>Notes</strong></span> <span class='ocrx_word' id='word_1_282' title='bbox 1490 2080 1583 2108; x_wconf 88' lang='lat' dir='ltr'><strong>vero,</strong></span> 
     </span>
     <span class='ocr_line' id='line_1_32' title="bbox 126 2109 1583 2154; baseline 0.004 -16"><span class='ocrx_word' id='word_1_283' title='bbox 126 2109 271 2139; x_wconf 78' lang='lat' dir='ltr'><strong>Cliniam</strong></span> <span class='ocrx_word' id='word_1_284' title='bbox 287 2109 454 2140; x_wconf 84' lang='lat' dir='ltr'><strong>introiisse</strong></span> <span class='ocrx_word' id='word_1_285' title='bbox 465 2119 541 2141; x_wconf 89' lang='lat' dir='ltr'><strong>cum</strong></span> <span class='ocrx_word' id='word_1_286' title='bbox 557 2111 731 2142; x_wconf 82' lang='lat' dir='ltr'><strong>Bacchide</strong></span> <span class='ocrx_word' id='word_1_287' title='bbox 754 2112 796 2143; x_wconf 85' lang='lat' dir='ltr'><strong>ad</strong></span> <span class='ocrx_word' id='word_1_288' title='bbox 825 2112 982 2153; x_wconf 84' lang='lat' dir='ltr'><strong>patrem.&#39;</strong></span> <span class='ocrx_word' id='word_1_289' title='bbox 1005 2113 1144 2154; x_wconf 84' lang='lat' dir='ltr'><strong>Bip.-—7</strong></span> <span class='ocrx_word' id='word_1_290' title='bbox 1173 2114 1321 2154; x_wconf 81' lang='lat' dir='ltr'><strong>Reponit</strong></span> <span class='ocrx_word' id='word_1_291' title='bbox 1347 2114 1452 2145; x_wconf 89' lang='lat' dir='ltr'><strong>Bent.</strong></span> <span class='ocrx_word' id='word_1_292' title='bbox 1472 2114 1583 2149; x_wconf 75' lang='lat' dir='ltr'><strong>Quoti-</strong></span> 
     </span>
     <span class='ocr_line' id='line_1_33' title="bbox 125 2152 1579 2197; baseline 0.003 -16"><span class='ocrx_word' id='word_1_293' title='bbox 125 2153 231 2190; x_wconf 78' lang='lat' dir='ltr'><strong>diano,</strong></span> <span class='ocrx_word' id='word_1_294' title='bbox 255 2152 480 2192; x_wconf 75' lang='lat' dir='ltr'><strong>probantibus</strong></span> <span class='ocrx_word' id='word_1_295' title='bbox 507 2153 586 2194; x_wconf 85' lang='lat' dir='ltr'><strong>Bip.</strong></span> <span class='ocrx_word' id='word_1_296' title='bbox 614 2153 861 2186; x_wconf 85' lang='lat' dir='ltr'><strong>Ruhnken.—9</strong></span> <span class='ocrx_word' id='word_1_297' title='bbox 886 2156 972 2186; x_wconf 87' lang='lat' dir='ltr'><strong>Mss.</strong></span> <span class='ocrx_word' id='word_1_298' title='bbox 1003 2155 1140 2196; x_wconf 77' lang='lat' dir='ltr'><strong>quidam</strong></span> <span class='ocrx_word' id='word_1_299' title='bbox 1169 2161 1205 2187; x_wconf 87' lang='lat' dir='ltr'><strong>et</strong></span> <span class='ocrx_word' id='word_1_300' title='bbox 1233 2156 1330 2194; x_wconf 77' lang='lat' dir='ltr'><strong>editi,</strong></span> <span class='ocrx_word' id='word_1_301' title='bbox 1362 2156 1423 2188; x_wconf 86' lang='lat' dir='ltr'><strong>Sed</strong></span> <span class='ocrx_word' id='word_1_302' title='bbox 1453 2155 1579 2197; x_wconf 76' lang='lat' dir='ltr'><strong>Syrum.</strong></span> 
     </span>
     <span class='ocr_line' id='line_1_34' title="bbox 126 2194 1582 2239; baseline 0.004 -15"><span class='ocrx_word' id='word_1_303' title='bbox 126 2194 320 2226; x_wconf 52' lang='lat' dir='ltr'><strong>lVeste—lo</strong></span> <span class='ocrx_word' id='word_1_304' title='bbox 345 2195 432 2230; x_wconf 86' lang='lat' dir='ltr'><strong>Quid</strong></span> <span class='ocrx_word' id='word_1_305' title='bbox 445 2198 503 2226; x_wconf 86' lang='lat' dir='ltr'><strong>est.</strong></span> <span class='ocrx_word' id='word_1_306' title='bbox 549 2197 670 2228; x_wconf 87' lang='lat' dir='ltr'><strong>Vocati</strong></span> <span class='ocrx_word' id='word_1_307' title='bbox 686 2197 841 2229; x_wconf 85' lang='lat' dir='ltr'><strong>solebant</strong></span> <span class='ocrx_word' id='word_1_308' title='bbox 855 2207 1021 2239; x_wconf 68' lang='lat' dir='ltr'><strong>quaerere,</strong></span> <span class='ocrx_word' id='word_1_309' title='bbox 1042 2199 1051 2215; x_wconf 92' lang='lat'>‘</span> <span class='ocrx_word' id='word_1_310' title='bbox 1065 2198 1146 2239; x_wconf 91' lang='lat' dir='ltr'><strong>quid</strong></span> <span class='ocrx_word' id='word_1_311' title='bbox 1163 2203 1214 2229; x_wconf 84' lang='lat' dir='ltr'><strong>est</strong></span> <span class='ocrx_word' id='word_1_312' title='bbox 1224 2198 1243 2229; x_wconf 91' lang='lat'><strong>?’</strong></span> <span class='ocrx_word' id='word_1_313' title='bbox 1289 2200 1404 2232; x_wconf 80' lang='lat' dir='ltr'><strong>Quare</strong></span> <span class='ocrx_word' id='word_1_314' title='bbox 1427 2199 1498 2231; x_wconf 80' lang='lat' dir='ltr'><strong>haec</strong></span> <span class='ocrx_word' id='word_1_315' title='bbox 1514 2198 1582 2230; x_wconf 86' lang='lat' dir='ltr'><strong>for-</strong></span> 
     </span>
     <span class='ocr_line' id='line_1_35' title="bbox 125 2237 1580 2282; baseline 0.004 -15"><span class='ocrx_word' id='word_1_316' title='bbox 125 2241 216 2267; x_wconf 85' lang='lat' dir='ltr'><strong>tasse</strong></span> <span class='ocrx_word' id='word_1_317' title='bbox 231 2237 353 2269; x_wconf 85' lang='lat' dir='ltr'><strong>melius</strong></span> <span class='ocrx_word' id='word_1_318' title='bbox 366 2238 453 2278; x_wconf 87' lang='lat' dir='ltr'><strong>Syro</strong></span> <span class='ocrx_word' id='word_1_319' title='bbox 470 2237 680 2279; x_wconf 85' lang='lat' dir='ltr'><strong>tribuuntur,</strong></span> <span class='ocrx_word' id='word_1_320' title='bbox 704 2250 802 2280; x_wconf 86' lang='lat' dir='ltr'><strong>quam</strong></span> <span class='ocrx_word' id='word_1_321' title='bbox 820 2241 1005 2272; x_wconf 83' lang='lat' dir='ltr'><strong>Chremeti.</strong></span> <span class='ocrx_word' id='word_1_322' title='bbox 1052 2241 1109 2272; x_wconf 82' lang='lat' dir='ltr'><strong>Sic</strong></span> <span class='ocrx_word' id='word_1_323' title='bbox 1131 2251 1231 2281; x_wconf 86' lang='lat' dir='ltr'><strong>supra</strong></span> <span class='ocrx_word' id='word_1_324' title='bbox 1249 2250 1290 2272; x_wconf 89' lang='lat'><strong>11.</strong></span> <span class='ocrx_word' id='word_1_325' title='bbox 1306 2244 1337 2273; x_wconf 81' lang='lat'><strong>3.</strong></span> <span class='ocrx_word' id='word_1_326' title='bbox 1357 2244 1430 2273; x_wconf 88' lang='grc'><strong>108.</strong></span> <span class='ocrx_word' id='word_1_327' title='bbox 1475 2242 1580 2282; x_wconf 77' lang='lat' dir='ltr'><strong>Syrus</strong></span> 
     </span>
     <span class='ocr_line' id='line_1_36' title="bbox 127 2280 1581 2326; baseline 0.005 -17"><span class='ocrx_word' id='word_1_328' title='bbox 127 2284 265 2311; x_wconf 85' lang='lat' dir='ltr'><strong>vocatus</strong></span> <span class='ocrx_word' id='word_1_329' title='bbox 282 2280 342 2320; x_wconf 78' lang='lat' dir='ltr'><strong>ait,</strong></span> <span class='ocrx_word' id='word_1_330' title='bbox 356 2281 365 2296; x_wconf 92' lang='lat'>‘</span> <span class='ocrx_word' id='word_1_331' title='bbox 382 2281 462 2321; x_wconf 85' lang='lat' dir='ltr'><strong>quid</strong></span> <span class='ocrx_word' id='word_1_332' title='bbox 478 2285 530 2312; x_wconf 81' lang='lat' dir='ltr'><strong>est</strong></span> <span class='ocrx_word' id='word_1_333' title='bbox 543 2281 565 2312; x_wconf 83' lang='lat'><strong>?&#39;</strong></span> <span class='ocrx_word' id='word_1_334' title='bbox 587 2287 622 2313; x_wconf 88' lang='lat' dir='ltr'><strong>et</strong></span> <span class='ocrx_word' id='word_1_335' title='bbox 639 2292 688 2314; x_wconf 83' lang='lat' dir='ltr'><strong>iv.</strong></span> <span class='ocrx_word' id='word_1_336' title='bbox 704 2285 735 2314; x_wconf 89' lang='grc'><strong>4.</strong></span> <span class='ocrx_word' id='word_1_337' title='bbox 754 2286 806 2314; x_wconf 81' lang='grc'><strong>21.</strong></span> <span class='ocrx_word' id='word_1_338' title='bbox 840 2284 969 2314; x_wconf 83' lang='lat' dir='ltr'><strong>Dromo</strong></span> <span class='ocrx_word' id='word_1_339' title='bbox 986 2289 1138 2322; x_wconf 90' lang='lat' dir='ltr'><strong>vocatus,</strong></span> <span class='ocrx_word' id='word_1_340' title='bbox 1152 2285 1162 2301; x_wconf 79' lang='lat'><strong><em>⁴</em></strong></span> <span class='ocrx_word' id='word_1_341' title='bbox 1176 2284 1257 2325; x_wconf 81' lang='lat' dir='ltr'><strong>quid</strong></span> <span class='ocrx_word' id='word_1_342' title='bbox 1279 2289 1331 2315; x_wconf 85' lang='lat' dir='ltr'><strong>est</strong></span> <span class='ocrx_word' id='word_1_343' title='bbox 1357 2284 1434 2316; x_wconf 69' lang='lat' dir='ltr'><strong>rei?</strong></span> <span class='ocrx_word' id='word_1_344' title='bbox 1459 2284 1581 2326; x_wconf 89' lang='lat' dir='ltr'><strong>inquit.</strong></span> 
     </span>
     <span class='ocr_line' id='line_1_37' title="bbox 126 2322 1582 2368; baseline 0.004 -16"><span class='ocrx_word' id='word_1_345' title='bbox 126 2322 303 2363; x_wconf 84' lang='lat' dir='ltr'><strong>Integrum</strong></span> <span class='ocrx_word' id='word_1_346' title='bbox 319 2323 426 2364; x_wconf 86' lang='lat' dir='ltr'><strong>igitur</strong></span> <span class='ocrx_word' id='word_1_347' title='bbox 438 2323 551 2355; x_wconf 87' lang='lat' dir='ltr'><strong>locum</strong></span> <span class='ocrx_word' id='word_1_348' title='bbox 568 2324 612 2355; x_wconf 87' lang='lat' dir='ltr'><strong>ita</strong></span> <span class='ocrx_word' id='word_1_349' title='bbox 627 2325 874 2357; x_wconf 85' lang='lat' dir='ltr'><strong>ordinaverim:</strong></span> <span class='ocrx_word' id='word_1_350' title='bbox 900 2325 1015 2368; x_wconf 80' lang='lat' dir='ltr'><strong>Syrum</strong></span> <span class='ocrx_word' id='word_1_351' title='bbox 1029 2327 1144 2367; x_wconf 81' lang='lat' dir='ltr'><strong>optime</strong></span> <span class='ocrx_word' id='word_1_352' title='bbox 1156 2336 1258 2358; x_wconf 86' lang='lat' dir='ltr'><strong>eccum</strong></span> <span class='ocrx_word' id='word_1_353' title='bbox 1270 2338 1281 2358; x_wconf 85' lang='grc'><strong>.-</strong></span> <span class='ocrx_word' id='word_1_354' title='bbox 1304 2337 1383 2358; x_wconf 86' lang='lat' dir='ltr'><strong>cesso</strong></span> <span class='ocrx_word' id='word_1_355' title='bbox 1405 2328 1485 2358; x_wconf 78' lang='lat' dir='ltr'><strong>hunc</strong></span> <span class='ocrx_word' id='word_1_356' title='bbox 1508 2330 1582 2359; x_wconf 82' lang='lat' dir='ltr'><strong>ado·</strong></span> 
     </span>
     <span class='ocr_line' id='line_1_38' title="bbox 124 2366 1582 2410; baseline 0.004 -15"><span class='ocrx_word' id='word_1_357' title='bbox 124 2366 206 2396; x_wconf 79' lang='lat' dir='ltr'><strong>riri?</strong></span> <span class='ocrx_word' id='word_1_358' title='bbox 229 2366 320 2406; x_wconf 78' lang='lat' dir='ltr'><strong>Syre.</strong></span> <span class='ocrx_word' id='word_1_359' title='bbox 363 2366 426 2397; x_wconf 79' lang='grc' dir='ltr'><strong>ΞΥ.</strong></span> <span class='ocrx_word' id='word_1_360' title='bbox 452 2367 545 2407; x_wconf 88' lang='lat' dir='ltr'><strong>Hem,</strong></span> <span class='ocrx_word' id='word_1_361' title='bbox 571 2368 655 2402; x_wconf 83' lang='lat' dir='ltr'><strong>Quid</strong></span> <span class='ocrx_word' id='word_1_362' title='bbox 671 2367 743 2400; x_wconf 79' lang='lat' dir='ltr'><strong>est?</strong></span> <span class='ocrx_word' id='word_1_363' title='bbox 765 2373 796 2400; x_wconf 84' lang='lat' dir='ltr'><strong>te</strong></span> <span class='ocrx_word' id='word_1_364' title='bbox 820 2369 897 2400; x_wconf 81' lang='lat' dir='ltr'><strong>mihi</strong></span> <span class='ocrx_word' id='word_1_365' title='bbox 919 2371 1020 2409; x_wconf 73' lang='lat' dir='ltr'><strong>ipsum</strong></span> <span class='ocrx_word' id='word_1_366' title='bbox 1034 2370 1106 2408; x_wconf 74' lang='lat' dir='ltr'><strong>jam</strong></span> <span class='ocrx_word' id='word_1_367' title='bbox 1130 2371 1244 2401; x_wconf 83' lang='lat' dir='ltr'><strong>dudum</strong></span> <span class='ocrx_word' id='word_1_368' title='bbox 1259 2370 1401 2410; x_wconf 84' lang='lat' dir='ltr'><strong>optabam</strong></span> <span class='ocrx_word' id='word_1_369' title='bbox 1415 2371 1496 2401; x_wconf 84' lang='lat' dir='ltr'><strong>dari.</strong></span> <span class='ocrx_word' id='word_1_370' title='bbox 1541 2371 1582 2401; x_wconf 87' lang='lat' dir='ltr'><strong>lu</strong></span> 
     </span>
     <span class='ocr_line' id='line_1_39' title="bbox 125 2408 1580 2453; baseline 0.005 -15"><span class='ocrx_word' id='word_1_371' title='bbox 125 2408 296 2449; x_wconf 88' lang='lat' dir='ltr'><strong>plerisque</strong></span> <span class='ocrx_word' id='word_1_372' title='bbox 311 2408 406 2440; x_wconf 87' lang='lat' dir='ltr'><strong>libris</strong></span> <span class='ocrx_word' id='word_1_373' title='bbox 422 2413 486 2451; x_wconf 76' lang='lat' dir='ltr'><strong>est,</strong></span> <span class='ocrx_word' id='word_1_374' title='bbox 508 2411 701 2450; x_wconf 74' lang='lat' dir='ltr'><strong>exoptabam,</strong></span> <span class='ocrx_word' id='word_1_375' title='bbox 725 2412 783 2443; x_wconf 88' lang='lat' dir='ltr'><strong>sed</strong></span> <span class='ocrx_word' id='word_1_376' title='bbox 810 2411 1007 2452; x_wconf 83' lang='lat' dir='ltr'><strong>refragante</strong></span> <span class='ocrx_word' id='word_1_377' title='bbox 1032 2417 1152 2444; x_wconf 86' lang='lat' dir='ltr'><strong>metro.</strong></span> <span class='ocrx_word' id='word_1_378' title='bbox 1197 2413 1241 2443; x_wconf 84' lang='lat' dir='ltr'><strong>G.</strong></span> <span class='ocrx_word' id='word_1_379' title='bbox 1263 2412 1454 2453; x_wconf 81' lang='lat' dir='ltr'><strong>exoptabam.</strong></span> <span class='ocrx_word' id='word_1_380' title='bbox 1498 2413 1580 2445; x_wconf 78' lang='lat' dir='ltr'><strong>EM.</strong></span> 
     </span>
     <span class='ocr_line' id='line_1_40' title="bbox 123 2451 1583 2497; baseline 0.004 -16"><span class='ocrx_word' id='word_1_381' title='bbox 123 2451 332 2491; x_wconf 82' lang='lat' dir='ltr'><strong>expectabam.</strong></span> <span class='ocrx_word' id='word_1_382' title='bbox 357 2452 464 2483; x_wconf 83' lang='lat' dir='ltr'><strong>West.</strong></span> <span class='ocrx_word' id='word_1_383' title='bbox 508 2453 518 2469; x_wconf 93' lang='lat'>‘</span> <span class='ocrx_word' id='word_1_384' title='bbox 531 2454 729 2494; x_wconf 73' lang='lat' dir='ltr'><strong>Exoptabam</strong></span> <span class='ocrx_word' id='word_1_385' title='bbox 742 2455 826 2495; x_wconf 84' lang='lat' dir='ltr'><strong>dari]</strong></span> <span class='ocrx_word' id='word_1_386' title='bbox 850 2455 948 2486; x_wconf 91' lang='lat' dir='ltr'><strong>Bem.</strong></span> <span class='ocrx_word' id='word_1_387' title='bbox 964 2460 1001 2486; x_wconf 89' lang='lat' dir='ltr'><strong>et</strong></span> <span class='ocrx_word' id='word_1_388' title='bbox 1017 2455 1146 2497; x_wconf 84' lang='lat' dir='ltr'><strong>aliquot</strong></span> <span class='ocrx_word' id='word_1_389' title='bbox 1171 2456 1229 2487; x_wconf 86' lang='lat' dir='ltr'><strong>alii</strong></span> <span class='ocrx_word' id='word_1_390' title='bbox 1255 2455 1382 2486; x_wconf 88' lang='lat' dir='ltr'><strong>habent</strong></span> <span class='ocrx_word' id='word_1_391' title='bbox 1397 2456 1583 2494; x_wconf 77' lang='lat' dir='ltr'><strong>jamdudum</strong></span> 
     </span>
     <span class='ocr_line' id='line_1_41' title="bbox 123 2494 1583 2537; baseline 0.003 -14"><span class='ocrx_word' id='word_1_392' title='bbox 123 2494 288 2533; x_wconf 80' lang='lat' dir='ltr'><strong>optabam;</strong></span> <span class='ocrx_word' id='word_1_393' title='bbox 312 2498 347 2525; x_wconf 90' lang='lat' dir='ltr'><strong>et</strong></span> <span class='ocrx_word' id='word_1_394' title='bbox 362 2494 450 2526; x_wconf 88' lang='lat' dir='ltr'><strong>hunc</strong></span> <span class='ocrx_word' id='word_1_395' title='bbox 467 2504 516 2526; x_wconf 90' lang='lat' dir='ltr'><strong>vs.</strong></span> <span class='ocrx_word' id='word_1_396' title='bbox 534 2496 582 2526; x_wconf 84' lang='lat' dir='ltr'><strong>ita</strong></span> <span class='ocrx_word' id='word_1_397' title='bbox 597 2497 718 2528; x_wconf 88' lang='lat' dir='ltr'><strong>ordina</strong></span> <span class='ocrx_word' id='word_1_398' title='bbox 734 2507 773 2528; x_wconf 84' lang='lat' dir='ltr'><strong>ex</strong></span> <span class='ocrx_word' id='word_1_399' title='bbox 790 2499 814 2529; x_wconf 91' lang='lat' dir='ltr'><strong>l.</strong></span> <span class='ocrx_word' id='word_1_400' title='bbox 829 2507 855 2529; x_wconf 87' lang='lat' dir='ltr'><strong>s.</strong></span> <span class='ocrx_word' id='word_1_401' title='bbox 891 2498 958 2529; x_wconf 78' lang='lat' dir='ltr'><strong>CH.</strong></span> <span class='ocrx_word' id='word_1_402' title='bbox 987 2498 1071 2534; x_wconf 86' lang='lat' dir='ltr'><strong>Quid</strong></span> <span class='ocrx_word' id='word_1_403' title='bbox 1084 2496 1155 2529; x_wconf 82' lang='lat' dir='ltr'><strong>est?</strong></span> <span class='ocrx_word' id='word_1_404' title='bbox 1199 2499 1261 2529; x_wconf 70' lang='grc' dir='ltr'><strong>ΞΥ.</strong></span> <span class='ocrx_word' id='word_1_405' title='bbox 1287 2499 1329 2529; x_wconf 90' lang='lat' dir='ltr'><strong>Te</strong></span> <span class='ocrx_word' id='word_1_406' title='bbox 1353 2499 1431 2529; x_wconf 81' lang='lat' dir='ltr'><strong>mihi</strong></span> <span class='ocrx_word' id='word_1_407' title='bbox 1454 2500 1478 2530; x_wconf 84' lang='lat' dir='ltr'><strong>i.</strong></span> <span class='ocrx_word' id='word_1_408' title='bbox 1497 2499 1583 2537; x_wconf 75' lang='lat' dir='ltr'><strong>jam-</strong></span> 
     </span>
     <span class='ocr_line' id='line_1_42' title="bbox 126 2536 1580 2581; baseline 0.004 -15"><span class='ocrx_word' id='word_1_409' title='bbox 126 2538 242 2567; x_wconf 83' lang='lat' dir='ltr'><strong>dudum</strong></span> <span class='ocrx_word' id='word_1_410' title='bbox 267 2548 297 2568; x_wconf 90' lang='grc' dir='ltr'><strong>ο.</strong></span> <span class='ocrx_word' id='word_1_411' title='bbox 318 2536 362 2568; x_wconf 86' lang='lat' dir='ltr'><strong>d.&#39;</strong></span> <span class='ocrx_word' id='word_1_412' title='bbox 387 2537 448 2568; x_wconf 88' lang='lat' dir='ltr'><strong>Fa.</strong></span> <span class='ocrx_word' id='word_1_413' title='bbox 492 2538 501 2554; x_wconf 90' lang='lat'>‘</span> <span class='ocrx_word' id='word_1_414' title='bbox 519 2539 674 2579; x_wconf 82' lang='lat' dir='ltr'><strong>Optabam</strong></span> <span class='ocrx_word' id='word_1_415' title='bbox 701 2540 744 2571; x_wconf 87' lang='lat' dir='ltr'><strong>ab</strong></span> <span class='ocrx_word' id='word_1_416' title='bbox 772 2540 919 2581; x_wconf 82' lang='lat' dir='ltr'><strong>antiquis</strong></span> <span class='ocrx_word' id='word_1_417' title='bbox 948 2541 1199 2572; x_wconf 84' lang='lat' dir='ltr'><strong>correctoribus</strong></span> <span class='ocrx_word' id='word_1_418' title='bbox 1222 2545 1286 2572; x_wconf 84' lang='lat' dir='ltr'><strong>est.</strong></span> <span class='ocrx_word' id='word_1_419' title='bbox 1330 2542 1448 2573; x_wconf 83' lang='lat' dir='ltr'><strong>Nostri</strong></span> <span class='ocrx_word' id='word_1_420' title='bbox 1480 2541 1580 2572; x_wconf 89' lang='lat' dir='ltr'><strong>codd.</strong></span> 
     </span>
     <span class='ocr_line' id='line_1_43' title="bbox 123 2579 1582 2625; baseline 0.004 -16"><span class='ocrx_word' id='word_1_421' title='bbox 123 2579 316 2619; x_wconf 76' lang='lat' dir='ltr'><strong>exoptabam.</strong></span> <span class='ocrx_word' id='word_1_422' title='bbox 362 2580 465 2620; x_wconf 87' lang='lat' dir='ltr'><strong>Lege,</strong></span> <span class='ocrx_word' id='word_1_423' title='bbox 480 2581 565 2616; x_wconf 86' lang='lat' dir='ltr'><strong>Quid</strong></span> <span class='ocrx_word' id='word_1_424' title='bbox 579 2585 646 2613; x_wconf 74' lang='lat' dir='ltr'><strong>est?</strong></span> <span class='ocrx_word' id='word_1_425' title='bbox 668 2586 699 2614; x_wconf 87' lang='lat' dir='ltr'><strong>te</strong></span> <span class='ocrx_word' id='word_1_426' title='bbox 713 2583 863 2624; x_wconf 84' lang='lat' dir='ltr'><strong>miipsum</strong></span> <span class='ocrx_word' id='word_1_427' title='bbox 869 2583 1056 2622; x_wconf 81' lang='lat' dir='ltr'><strong>jamdudum</strong></span> <span class='ocrx_word' id='word_1_428' title='bbox 1070 2587 1180 2624; x_wconf 77' lang='lat' dir='ltr'><strong>exopto</strong></span> <span class='ocrx_word' id='word_1_429' title='bbox 1190 2582 1285 2614; x_wconf 84' lang='lat' dir='ltr'><strong>dari.&#39;</strong></span> <span class='ocrx_word' id='word_1_430' title='bbox 1309 2584 1411 2615; x_wconf 86' lang='lat' dir='ltr'><strong>Bent.</strong></span> <span class='ocrx_word' id='word_1_431' title='bbox 1454 2584 1464 2601; x_wconf 89' lang='lat'>‘</span> <span class='ocrx_word' id='word_1_432' title='bbox 1479 2584 1582 2625; x_wconf 75' lang='lat' dir='ltr'><strong>Vulg.</strong></span> 
     </span>
     <span class='ocr_line' id='line_1_44' title="bbox 125 2622 1582 2667; baseline 0.004 -16"><span class='ocrx_word' id='word_1_433' title='bbox 125 2622 210 2652; x_wconf 87' lang='lat' dir='ltr'><strong>Hem</strong></span> <span class='ocrx_word' id='word_1_434' title='bbox 228 2623 312 2657; x_wconf 84' lang='lat' dir='ltr'><strong>Quid</strong></span> <span class='ocrx_word' id='word_1_435' title='bbox 326 2625 396 2654; x_wconf 76' lang='lat' dir='ltr'><strong>est?</strong></span> <span class='ocrx_word' id='word_1_436' title='bbox 440 2623 471 2655; x_wconf 89' lang='lat' dir='ltr'>A</span> <span class='ocrx_word' id='word_1_437' title='bbox 486 2625 575 2655; x_wconf 87' lang='lat' dir='ltr'><strong>mala</strong></span> <span class='ocrx_word' id='word_1_438' title='bbox 590 2634 689 2656; x_wconf 84' lang='lat' dir='ltr'><strong>manu</strong></span> <span class='ocrx_word' id='word_1_439' title='bbox 715 2635 790 2656; x_wconf 85' lang='lat' dir='ltr'><strong>esse</strong></span> <span class='ocrx_word' id='word_1_440' title='bbox 815 2626 919 2667; x_wconf 89' lang='lat' dir='ltr'><strong>‘quid</strong></span> <span class='ocrx_word' id='word_1_441' title='bbox 944 2626 1017 2663; x_wconf 82' lang='lat' dir='ltr'><strong>est,&#39;</strong></span> <span class='ocrx_word' id='word_1_442' title='bbox 1041 2627 1210 2666; x_wconf 84' lang='lat' dir='ltr'><strong>glossema</strong></span> <span class='ocrx_word' id='word_1_443' title='bbox 1234 2627 1290 2657; x_wconf 82' lang='grc' dir='ltr'><strong>τοῦ</strong></span> <span class='ocrx_word' id='word_1_444' title='bbox 1317 2625 1439 2664; x_wconf 87' lang='lat' dir='ltr'><strong>‘hem‚’</strong></span> <span class='ocrx_word' id='word_1_445' title='bbox 1464 2636 1582 2658; x_wconf 86' lang='lat' dir='ltr'><strong>versus</strong></span> 
     </span>
     <span class='ocr_line' id='line_1_45' title="bbox 127 2665 1583 2709; baseline 0.004 -15"><span class='ocrx_word' id='word_1_446' title='bbox 127 2669 327 2704; x_wconf 77' lang='lat' dir='ltr'><strong>argumento</strong></span> <span class='ocrx_word' id='word_1_447' title='bbox 353 2665 430 2697; x_wconf 85' lang='lat' dir='ltr'><strong>est.’</strong></span> <span class='ocrx_word' id='word_1_448' title='bbox 454 2667 551 2698; x_wconf 79' lang='lat' dir='ltr'><strong>Both.</strong></span> <span class='ocrx_word' id='word_1_449' title='bbox 583 2669 640 2708; x_wconf 87' lang='lat' dir='ltr'><strong>qui</strong></span> <span class='ocrx_word' id='word_1_450' title='bbox 666 2668 745 2698; x_wconf 90' lang='lat' dir='ltr'><strong>inde</strong></span> <span class='ocrx_word' id='word_1_451' title='bbox 768 2668 870 2709; x_wconf 85' lang='lat' dir='ltr'><strong>legit:</strong></span> <span class='ocrx_word' id='word_1_452' title='bbox 903 2669 964 2700; x_wconf 64' lang='lat' dir='ltr'><strong>Str.</strong></span> <span class='ocrx_word' id='word_1_453' title='bbox 990 2669 1085 2709; x_wconf 84' lang='lat' dir='ltr'><strong>Hem,</strong></span> <span class='ocrx_word' id='word_1_454' title='bbox 1110 2669 1216 2709; x_wconf 87' lang='lat' dir='ltr'><strong>Ipsum</strong></span> <span class='ocrx_word' id='word_1_455' title='bbox 1247 2672 1277 2699; x_wconf 76' lang='lat' dir='ltr'><strong>te</strong></span> <span class='ocrx_word' id='word_1_456' title='bbox 1303 2669 1381 2700; x_wconf 79' lang='lat' dir='ltr'><strong>mihi</strong></span> <span class='ocrx_word' id='word_1_457' title='bbox 1398 2669 1583 2708; x_wconf 73' lang='lat' dir='ltr'><strong>jamdudum</strong></span> 
     </span>
     <span class='ocr_line' id='line_1_46' title="bbox 125 2707 1582 2753; baseline 0.005 -17"><span class='ocrx_word' id='word_1_458' title='bbox 125 2707 306 2747; x_wconf 77' lang='lat' dir='ltr'><strong>exoptabam</strong></span> <span class='ocrx_word' id='word_1_459' title='bbox 320 2709 401 2741; x_wconf 85' lang='lat' dir='ltr'><strong>dari.</strong></span> <span class='ocrx_word' id='word_1_460' title='bbox 448 2710 644 2750; x_wconf 83' lang='lat' dir='ltr'><strong>Exoptabam</strong></span> <span class='ocrx_word' id='word_1_461' title='bbox 660 2711 720 2741; x_wconf 71' lang='grc' dir='ltr'><strong>ΒΓ.</strong></span> <span class='ocrx_word' id='word_1_462' title='bbox 736 2711 776 2742; x_wconf 93' lang='grc' dir='ltr'><strong>Ζ.</strong></span> <span class='ocrx_word' id='word_1_463' title='bbox 822 2711 999 2742; x_wconf 87' lang='lat' dir='ltr'><strong>‘Daciera</strong></span> <span class='ocrx_word' id='word_1_464' title='bbox 1026 2712 1130 2742; x_wconf 85' lang='lat' dir='ltr'><strong>verba</strong></span> <span class='ocrx_word' id='word_1_465' title='bbox 1156 2712 1241 2747; x_wconf 84' lang='lat' dir='ltr'><strong>Quid</strong></span> <span class='ocrx_word' id='word_1_466' title='bbox 1267 2715 1332 2743; x_wconf 83' lang='lat' dir='ltr'><strong>est?</strong></span> <span class='ocrx_word' id='word_1_467' title='bbox 1354 2712 1420 2752; x_wconf 86' lang='lat' dir='ltr'><strong>ipsi</strong></span> <span class='ocrx_word' id='word_1_468' title='bbox 1446 2721 1582 2753; x_wconf 82' lang='lat' dir='ltr'><strong>qnoque</strong></span> 
     </span>
     <span class='ocr_line' id='line_1_47' title="bbox 125 2749 1581 2795; baseline 0.005 -16"><span class='ocrx_word' id='word_1_469' title='bbox 125 2749 210 2789; x_wconf 80' lang='lat' dir='ltr'><strong>Syro</strong></span> <span class='ocrx_word' id='word_1_470' title='bbox 225 2750 407 2782; x_wconf 83' lang='lat' dir='ltr'><strong>tribuenda</strong></span> <span class='ocrx_word' id='word_1_471' title='bbox 422 2757 561 2784; x_wconf 84' lang='lat' dir='ltr'><strong>censet:</strong></span> <span class='ocrx_word' id='word_1_472' title='bbox 586 2754 685 2785; x_wconf 84' lang='lat' dir='ltr'><strong>male.</strong></span> <span class='ocrx_word' id='word_1_473' title='bbox 732 2753 855 2785; x_wconf 82' lang='lat' dir='ltr'><strong>Melius</strong></span> <span class='ocrx_word' id='word_1_474' title='bbox 870 2754 1076 2786; x_wconf 88' lang='lat' dir='ltr'><strong>conveniunt</strong></span> <span class='ocrx_word' id='word_1_475' title='bbox 1093 2754 1266 2786; x_wconf 83' lang='lat' dir='ltr'><strong>Chremeti</strong></span> <span class='ocrx_word' id='word_1_476' title='bbox 1283 2754 1433 2795; x_wconf 88' lang='lat' dir='ltr'><strong>cupienti</strong></span> <span class='ocrx_word' id='word_1_477' title='bbox 1450 2755 1581 2790; x_wconf 76' lang='lat' dir='ltr'><strong>audire⁷</strong></span> 
     </span>
     <span class='ocr_line' id='line_1_48' title="bbox 127 2792 1581 2839; baseline 0.003 -17"><span class='ocrx_word' id='word_1_478' title='bbox 127 2792 206 2833; x_wconf 79' lang='lat' dir='ltr'><strong>quid</strong></span> <span class='ocrx_word' id='word_1_479' title='bbox 224 2802 299 2825; x_wconf 81' lang='lat' dir='ltr'><strong>euin</strong></span> <span class='ocrx_word' id='word_1_480' title='bbox 317 2803 396 2826; x_wconf 83' lang='lat' dir='ltr'><strong>sene</strong></span> <span class='ocrx_word' id='word_1_481' title='bbox 412 2794 547 2836; x_wconf 84' lang='lat' dir='ltr'><strong>egerit.&#39;</strong></span> <span class='ocrx_word' id='word_1_482' title='bbox 570 2796 755 2829; x_wconf 65' lang='lat' dir='ltr'><strong>zeum—13</strong></span> <span class='ocrx_word' id='word_1_483' title='bbox 780 2796 1073 2837; x_wconf 82' lang='lat' dir='ltr'><strong>Distinguendum</strong></span> <span class='ocrx_word' id='word_1_484' title='bbox 1100 2802 1216 2829; x_wconf 84' lang='lat' dir='ltr'><strong>monet</strong></span> <span class='ocrx_word' id='word_1_485' title='bbox 1233 2797 1334 2829; x_wconf 89' lang='lat' dir='ltr'><strong>Bent.</strong></span> <span class='ocrx_word' id='word_1_486' title='bbox 1357 2797 1581 2839; x_wconf 64' lang='lat' dir='ltr'><strong>Bonan&#39;ficlc2</strong></span> 
     </span>
    </p>
   </div>
  </div>
 </body>
</html>
