1966 3302
315 204 401 246 888
813 212 848 240 Ρ.
880 208 1120 238 TERENTH
1156 207 1273 237 Arni

317 314 403 354 LA.
436 312 484 353 Si
506 324 610 353 vera
629 309 758 358 dicis,
781 308 889 348 nihil
910 307 991 348 tibi
1014 311 1082 346 est
1102 319 1128 346 a
1149 318 1218 346 me
1241 304 1411 358 pericli,
1430 300 1611 355 mulierss

316 381 436 422 Nam
458 393 510 420 ea.
526 380 618 434 jam
637 380 767 418 aetate
792 389 904 425 sum,
940 379 987 415 ut
1019 387 1107 415 non
1138 375 1221 414 siet
1239 376 1424 427 peccato
1458 371 1565 412 mihi
1599 371 1766 423 ignosci

488 439 687 499 aequom:
1708 438 1764 479 10

319 516 421 566 Quo
440 514 580 566 magis
602 524 755 553 omnes
775 523 843 551 res
861 510 1046 558 cautius,
1067 521 1120 548 ne
1142 513 1303 548 temere
1323 506 1500 555 faciam,
1522 518 1680 547 accuro
1698 519 1709 546 ε

319 584 439 625 Nam
471 582 510 623 si
542 580 589 621 id
615 579 742 630 facis,
773 579 999 620 facturave
1019 589 1079 625 es,
1107 576 1244 616 bonas
1266 573 1386 627 quod
1407 585 1490 626 par
1508 576 1579 613 est
1595 571 1766 624 facere3

488 647 711 696 inscitum,

318 717 486 759 Offerre
507 715 715 769 injuriam
737 713 819 754 tibi
841 725 907 753 me
929 709 1189 760 immerenti,
1209 709 1403 763 iniquom
1424 712 1506 749 est.
1563 732 1567 736 -

320 787 438 827 BAc.
470 783 550 825 Est
570 795 743 836 magna,
764 783 953 829 ecastor,
976 779 1116 832 gratia
1133 777 1187 818 de
1207 777 1321 818 istac
1341 789 1402 826 re,
1425 773 1646 829 quamtibi
1665 773 1742 815 ha-

488 853 646 892 bearn:

322 920 439 961 Nam
461 919 537 974 qui
569 923 673 972 post
704 918 862 958 saetam
897 915 1096 969 injuriam
1130 927 1177 956 se
1211 915 1441 967 expurget,
1473 924 1627 966 parum
1661 909 1768 950 mihi

493 988 647 1041 prosit.
1713 976 1771 1017 15

319 1108 393 1129 ‘nera
416 1098 505 1136 dicis,
531 1097 611 1127 m'hz‘l
627 1094 756 1136 periculi
779 1104 797 1124 a
812 1103 858 1124 me
875 1093 982 1124 timere
996 1092 1096 1129 debes,
1112 1091 1243 1122 mulier:
1266 1098 1339 1120 nam
1352 1088 1422 1128 jam
1442 1088 1506 1126 ejus
1521 1087 1627 1118 aetatz's
1642 1096 1720 1126 sum,
1735 1089 1771 1116 ut

320 1142 410 1178 rualli,
432 1142 460 1171 si
479 1141 552 1180 quid
571 1138 771 1180 peccaverim,
794 1137 914 1167 veniam
937 1137 1010 1165 (lare
1031 1134 1156 1164 minime
1172 1133 1294 1171 justam
1308 1133 1351 1162 sit
1363 1142 1375 1168 ,¹
1398 1141 1454 1171 quo
1471 1130 1580 1169 majori
1593 1139 1667 1160 cura
1681 1137 1770 1159 caveo

319 1195 356 1213 ne
376 1185 585 1223 imprudenter
608 1186 637 1212 el
663 1180 890 1211 inconsiderate
915 1179 1076 1218 quicquam.
1090 1176 1222 1214 faciam.
1280 1176 1362 1206 Nam
1384 1175 1412 1205 ,ςὶ
1428 1174 1565 1211 rusticis,
1580 1176 1633 1203 aut
1642 1171 1772 1209 factura

322 1238 364 1266 es,
391 1227 469 1267 qaod
494 1227 585 1256 bonas
603 1226 707 1262 facere
729 1222 868 1253 convenit
883 1233 893 1258 ,·
916 1223 1073 1259 inelegans
1089 1224 1118 1250 et
1133 1220 1327 1250 inhonestum
1343 1227 1389 1248 me
1405 1217 1464 1247 tibi
1478 1216 1587 1254 facere
1603 1215 1747 1253 injuriam
1761 1225 1771 1245 .·

322 1272 400 1309 qaod
415 1270 440 1300 si
455 1269 582 1299 innoxia
597 1269 652 1306 sis,
666 1269 699 1298 z'd
714 1267 810 1296 eliam
823 1266 963 1304 iniquum
987 1267 1043 1294 est.
1089 1264 1153 1293 ΒΑ.
1181 1263 1242 1293 Per
1259 1263 1416 1292 Castorem
1435 1269 1564 1298 magnas
1582 1259 1639 1289 tibi
1651 1257 1774 1297 gratias

322 1314 397 1343 hanc
418 1313 453 1342 ab
477 1322 541 1343 rem
562 1311 671 1342 habere
692 1310 806 1344 debeo,-
829 1318 899 1338 nam
921 1307 949 1337 si
968 1307 1035 1347 quis
1054 1310 1124 1347 post
1140 1305 1260 1336 illatam
1274 1303 1421 1342 injuriam
1435 1312 1467 1334 se
1483 1304 1620 1341 excuset,
1639 1309 1773 1342 parvum

927 1403 1141 1415 “temone“
1148 1402 1165 1412 e

326 1481 422 1512 Limi.
448 1485 483 1511 et
512 1480 542 1510 in
561 1479 636 1518 Bia]
661 1487 788 1518 easque
813 1476 925 1517 rejicit
951 1476 996 1506 G.
1024 1474 1158 1506 Fabric.
1181 1473 1278 1504 obsiet
1304 1470 1463 1513 quidam.'
1491 1470 1657 1502 West.—9
1681 1469 1774 1500 Nihil

322 1526 380 1554 nbi
395 1524 504 1564 pericli
519 1527 563 1553 est
580 1533 598 1553 α
614 1533 660 1553 me
676 1522 714 1552 Z.
737 1520 862 1550 ‘Aliam
879 1519 1137 1550 collocationem
1153 1517 1343 1554 verborum,
1360 1524 1434 1555 quae
1453 1513 1564 1544 versui
1574 1513 1774 1543 convenien-

325 1569 390 1598 tior
407 1572 469 1602 est,
494 1566 620 1596 liabent
636 1575 666 1595 o.
685 1566 706 1596 1.
729 1574 753 1594 s.
782 1563 862 1593 nihil
889 1563 946 1592 tibi
971 1566 1054 1592 esta
1078 1571 1122 1591 me
1137 1560 1246 1600 pericli
1261 1557 1391 1589 mulier-²
1418 1558 1477 1588 Fa.
1519 1556 1596 1586 ‘Sic
1620 1559 1655 1586 et
1669 1555 1775 1586 nostri

324 1613 463 1641 omnes!
483 1610 664 1640 Beira—10
680 1608 810 1638 Peccata
827 1606 926 1636 Both.
943 1614 1008 1643 quo
1024 1604 1135 1644 judice
1151 1605 1159 1620 ‘
1178 1613 1220 1633 ne
1239 1602 1392 1633 Latinum
1410 1599 1544 1641 quidem
1562 1603 1614 1628 est
1629 1597 1777 1638 peccato?

325 1656 406 1684 --n
443 1654 505 1683 Res
534 1661 635 1682 omnes
661 1651 743 1681 Mss.
783 1658 911 1680 omnes,
945 1648 1043 1678 Baeci.
1072 1647 1120 1677 sic
1147 1657 1164 1675 e
1188 1646 1254 1676 suis
1280 1644 1352 1675 fere
1376 1643 1531 1674 omnibus
1559 1641 1642 1681 legit
1672 1642 1777 1672 Bent.

326 1702 361 1728 et
387 1697 434 1726 sic
452 1695 553 1726 Both.
569 1695 715 1724 Biz—12
737 1693 822 1723 Nam
840 1692 867 1722 si
884 1692 917 1722 ia
933 1690 1019 1728 fitcz's
1033 1700 1112 1721 nunc
1129 1689 1193 1720 Ms.
1220 1698 1304 1718 nnus
1321 1686 1412 1727 apud
1430 1686 1551 1721 Boeci„
1568 1689 1604 1715 at
1616 1684 1683 1714 duo
1698 1684 1726 1714 si
1742 1683 1776 1714 id

324 1739 509 1777 nanc-facis,
525 1743 559 1769 et
577 1737 624 1768 sic
641 1737 650 1753 ‘
668 1737 753 1767 Mss.
769 1734 903 1777 quidam
930 1738 965 1764 et
991 1733 1067 1764 edd.
1095 1739 1171 1772 post
1190 1733 1261 1763 ΕΡ.
1284 1729 1372 1771 quod
1399 1728 1568 1769 improbat
1592 1727 1649 1758 Fa.
1665 1735 1776 1768 neque

326 1781 479 1823 agnoscit
504 1779 643 1812 Donat!
670 1779 769 1810 West.
813 1779 822 1795 ‘
841 1778 934 1808 Nunc
965 1786 1030 1807 non
1059 1776 1153 1816 ponit
1181 1776 1350 1811 Donatus,
1376 1773 1484 1802 citans
1509 1771 1582 1801 liaec
1607 1779 1708 1809 super
1734 1779 1775 1801 eo

325 1826 412 1865 loco,
430 1825 495 1855 Fac
519 1825 683 1862 eadem,ut
706 1822 751 1853 sis
774 1831 876 1861 porro,
900 1829 941 1850 ne
964 1819 1049 1851 liber
1073 1818 1208 1859 quidem
1236 1818 1332 1848 Bem.
1359 1825 1429 1845 eam
1447 1823 1564 1845 vocem
1590 1812 1711 1842 habet:
1736 1822 1776 1844 ac

326 1878 436 1909 neque
453 1866 655 1908 particulam
678 1865 735 1897 id!
758 1865 816 1895 Fa.
860 1863 969 1894 ‘Num
990 1862 1018 1893 si
1036 1862 1123 1899 sucis
1141 1861 1308 1899 facturave
1333 1868 1374 1889 es.
1418 1857 1474 1888 Sic
1500 1855 1596 1886 dedit
1613 1853 1776 1895 Faernus,

328 1911 493 1942 Bembino
517 1919 576 1940 suo
592 1907 732 1939 nimium
759 1906 927 1937 addictus.
972 1905 1091 1936 Nostri
1116 1903 1276 1942 universis
1294 1902 1377 1932 Nam
1400 1901 1428 1930 si
1444 1900 1476 1930 id
1491 1897 1775 1936 mmcfacisfactu-

324 1964 397 1986 rave
420 1964 462 1985 es.
517 1954 645 1984 Recte:
662 1951 748 1989 facis
771 1949 906 1980 finalem
929 1959 943 1979 s
970 1947 1101 1988 abjicit,
1128 1946 1216 1987 quod
1241 1943 1508 1976 usitatissimum.
1563 1942 1655 1972 Nunc
1681 1951 1776 1974 suam

327 1998 393 2028 vim
419 1997 473 2027 hic
496 1995 610 2029 habet,
627 1998 665 2025 ut
688 1993 882 2033 oppositum
908 1991 1020 2022 futuro
1049 1991 1221 2021 Faciem-ave
1245 1998 1284 2020 es.
1308 1988 1412 2018 Bent.
1435 1990 1470 2016 at
1495 1985 1554 2016 ΒΓ.
1572 1983 1667 2015 Peri.
1689 1983 1719 2014 si
1744 1984 1779 2015 iel

327 2039 501 2078 nunt-facis
517 2050 529 2075 ;
553 2042 588 2069 at
604 2037 682 2078 Bip.
698 2036 797 2067 Boni.
815 2041 1004 2074 sequuntur
1021 2034 1165 2064 Fra-13
1190 2033 1288 2062 Beni.
1306 2039 1371 2061 non
1388 2028 1489 2059 habet
1505 2027 1689 2058 dictionem
1707 2037 1778 2064 me,-

327 2093 426 2124 quam
452 2087 486 2113 et
502 2083 669 2120 Donatw,
685 2089 757 2110 eam
774 2078 948 2109 subaudiri
965 2077 1096 2114 volens,
1112 2085 1178 2106 non
1195 2083 1269 2105 esse
1287 2074 1318 2103 in
1341 2076 1503 2103 contextu
1520 2069 1671 2101 ostendit
1688 2080 1696 2100 :
1721 2070 1779 2101 alii

327 2127 405 2158 libri
422 2135 496 2157 eam
512 2125 606 2155 varie
631 2123 830 2154 collocatam
848 2120 994 2158 habent3
1018 2119 1121 2159 aliqui
1137 2118 1225 2149 enim
1252 2115 1397 2147 dictioni
1413 2114 1468 2145 tibi
1488 2118 1702 2154 praeponunt,
1719 2113 1778 2143 ali-

328 2171 386 2210 qui
413 2170 635 2209 postponunt,
650 2171 689 2196 ut
719 2174 811 2205 saepe
837 2164 950 2195 evenit
974 2161 1179 2193 dictionibus
1205 2159 1420 2190 subditiciis:
1444 2166 1525 2187 sane
1548 2156 1581 2186 in
1608 2155 1779 2196 aliquibus

329 2213 438 2251 libris,
454 2211 546 2241 inter
563 2219 646 2250 quos
665 2212 718 2239 est
740 2209 835 2239 Bein.
852 2213 885 2237 et
901 2207 994 2237 Vict.
1010 2206 1042 2236 hi
1062 2214 1177 2234 versus
1194 2204 1241 2234 ita
1258 2201 1401 2233 ordinati
1419 2205 1516 2231 sunt:
1544 2200 1629 2230 Nam
1643 2197 1779 2237 sifwis,

321 2255 487 2292 facturave
501 2263 544 2293 es,
570 2253 662 2283 bonas
677 2252 755 2292 quod
767 2260 825 2291 par
840 2253 885 2280 est
904 2248 1024 2287 facere,
1044 2247 1194 2278 Inscitum
1216 2245 1331 2286 offerre
1353 2243 1500 2282 injuriam
1517 2242 1592 2273 tibi.-
1615 2242 1779 2273 iumerenti

328 2298 464 2338 iniquom
478 2300 536 2327 est.
582 2293 869 2334 Distinguendum
887 2297 941 2323 est
957 2296 1068 2322 autem
1098 2295 1173 2330 post
1199 2289 1268 2327 tibi,
1294 2293 1330 2318 ut
1347 2288 1391 2318 sit
1406 2295 1538 2323 sensus,
1552 2283 1674 2315 offerre
1690 2283 1777 2324 inju-

328 2342 409 2371 riam
437 2340 512 2377 tibi,
529 2348 604 2379 quae
621 2338 675 2368 vel
701 2337 822 2368 mulier
839 2336 895 2372 sis,
912 2335 966 2365 vel
993 2333 1167 2368 meretrix,
1184 2336 1236 2363 est
1262 2330 1443 2362 inscitum:
1468 2327 1658 2359 immerenti
1684 2336 1779 2367 vero,

328 2385 431 2414 etiam
449 2383 601 2424 iniquum
617 2385 681 2411 est.
706 2380 765 2411 Fa.
809 2378 863 2410 Ab
887 2388 953 2409 uno
970 2387 1011 2408 ex
1029 2376 1153 2408 nostris
1180 2375 1278 2405 abest
1292 2384 1359 2410 me,·
1382 2371 1489 2403 ceteri
1514 2370 1572 2401 tibi
1595 2380 1655 2401 me.
1701 2369 1778 2400 Dis-

330 2427 450 2458 tinctio
467 2426 525 2456 illa
541 2423 631 2464 apud
645 2422 814 2454 Faernum
831 2431 894 2452 non
908 2421 1033 2461 placet.
1060 2420 1155 2449 Beni.
1181 2418 1238 2448 Fa.
1258 2416 1410 2456 sequitur
1425 2414 1504 2454 Bip.
1517 2413 1608 2445 Peri.
1625 2418 1660 2444 et
1676 2412 1780 2443 Both.

331 2469 487 2510 exceptis
502 2467 662 2507 injuriam,
678 2466 737 2497 tz'bi
761 2475 808 2495 me
824 2468 868 2495 est
884 2463 1070 2501 immerenti,
1086 2471 1152 2502 quo
1170 2461 1289 2501 judice
1308 2459 1467 2490 Donatus
1482 2466 1547 2488 non
1564 2457 1696 2495 legerat
1717 2455 1779 2486 ini-

331 2522 435 2551 quum,
452 2512 495 2551 gi.
524 2510 657 2542 scilicet
685 2518 746 2549 pro
772 2508 930 2546 inscitum,
952 2515 1024 2546 quae
1051 2514 1114 2535 vox
1140 2513 1273 2534 vei-snm
1298 2501 1436 2533 inchoat
1459 2501 1491 2530 in
1509 2499 1584 2530 A.e
1601 2498 1708 2529 Boecl.
1734 2497 1782 2529 al·

333 2562 386 2585 ter
402 2564 448 2585 me
463 2553 533 2591 tibi,
547 2553 634 2584 alter
648 2551 708 2583 tibi
723 2561 780 2587 me,
796 2555 832 2581 et
848 2550 896 2580 sic
922 2550 1067 2580 Br.-—l4
1092 2548 1137 2578 Et
1154 2556 1269 2577 versus
1298 2544 1480 2581 claudicat,
1495 2548 1530 2572 et
1556 2541 1660 2572 dictio
1682 2540 1779 2572 soloe,

332 2598 448 2628 cissat.
495 2596 652 2636 Repone,
680 2595 740 2625 Est
765 2602 910 2632 magna-m
938 2593 1055 2622 ecastor
1076 2590 1215 2629 gratiam
1237 2589 1274 2619 de
1300 2588 1378 2618 istac
1402 2596 1436 2617 re
1457 2586 1533 2625 quod
1558 2583 1617 2615 tibi
1645 2583 1780 2614 habeam.

333 2640 402 2670 Ubi
423 2639 518 2677 ordo,
535 2639 543 2655 ‘
564 2639 626 2668 Est
651 2636 742 2678 quod
769 2636 913 2667 habeam
942 2634 1003 2664 tibi
1029 2642 1186 2672 magnam
1211 2629 1374 2670 gratiam!
1418 2628 1560 2658 Plautus
1578 2626 1664 2658 Rud.
1684 2635 1732 2658 ιν.
1747 2629 1780 2657 6.

334 2686 387 2713 32.
432 2685 440 2699 ‘
470 2683 598 2712 Bonam
623 2686 675 2710 est
701 2679 788 2719 qnod
820 2678 941 2708 habeas
965 2676 1106 2715 gratiam
1134 2675 1255 2705 merito
1279 2672 1383 2703 mihist
1407 2671 1503 2702 Bent.
1528 2669 1628 2700 Hanc
1650 2669 1781 2700 Mureti

334 2725 517 2755 lectionem
533 2723 648 2753 laudat
664 2722 754 2762 Guy.
768 2721 938 2761 improbat
948 2720 1054 2750 West.
1069 2723 1104 2749 at
1121 2717 1299 2749 confirmat
1320 2713 1454 2746 Ruhnk.
1470 2712 1578 2744 edidit
1591 2711 1780 2743 Both.-15

336 2768 403 2800 Hic
420 2776 558 2799 necesse
575 2770 641 2806 cst,
657 2766 710 2796 vel
728 2775 770 2796 ex
792 2774 903 2806 parum
919 2774 950 2795 m
975 2761 1116 2802 elidere,
1140 2759 1292 2803 quamvis
1317 2761 1480 2799 sequente
1503 2758 1722 2796 consonante,
1743 2758 1781 2786 ut
