1966 3302
616 486 925 579 AELH
1027 492 1563 581 DONATI,

688 612 691 614 ·
732 648 775 680 V.
799 648 838 680 C.
863 647 1104 680 ORATORIS
1128 646 1269 680 URBIS
1292 647 1459 688 ROMAE,

450 766 794 810 PRAEFATIO
827 766 900 810 IN
931 766 1384 810 PHORMIONEM
1413 767 1742 810 TERENTII.

366 910 496 947 HANC
527 909 784 955 Comoediam‚
805 910 1053 948 manifestum
1083 916 1156 957 est,
1182 910 1288 962 prius
1316 911 1364 948 ab
1385 909 1627 962 Apollodoro
1647 910 1720 949 sub
1742 909 1819 948 alio

363 975 533 1019 nomine,
553 974 627 1012 hoc
649 980 723 1020 est,
746 974 1092 1024 Ἐπιδικαὲόμενον,
1118 974 1257 1013 Graece
1276 975 1460 1026 scriptam
1480 982 1581 1022 esse,
1609 987 1726 1026 quam
1748 975 1821 1013 La-

362 1039 443 1077 tine
464 1052 487 1077 a
510 1038 692 1077 Terentio
720 1038 1050 1078 PnoanNEM.
1107 1039 1370 1083 Quamobrem
1397 1039 1506 1077 nulla
1530 1038 1721 1078 dubitatio
1747 1045 1821 1086 est,

361 1103 464 1141 hanc
485 1103 608 1141 solam
630 1115 716 1140 esse
737 1094 800 1140 cui
820 1103 1108 1155 nomenPo‘eta
1126 1102 1360 1141 mutaverit:
1390 1111 1430 1142 et
1447 1116 1574 1143 errare
1590 1116 1671 1157 eos,
1696 1103 1763 1155 qui
1780 1103 1820 1141 in

361 1169 436 1207 hac
452 1168 726 1208 Phormionem
740 1169 956 1222 parasitum
971 1176 1112 1221 putant
1129 1182 1152 1207 a
1166 1169 1333 1207 formula
1348 1169 1440 1218 litis,
1466 1182 1584 1221 quam
1597 1168 1821 1214 intenderit,

360 1233 622 1272 nominatum:
652 1248 742 1273 cum
763 1234 905 1272 Graeea
929 1234 1066 1284 lingua
1092 1233 1212 1271 fiscus
1240 1240 1418 1284 sparteus
1437 1240 1477 1272 et
1503 1240 1675 1272 stramen
1694 1233 1822 1271 nauti-

358 1310 445 1335 cum
461 1298 516 1336 sic
537 1297 689 1336 dicatur
706 1312 715 1337 ε
746 1312 768 1337 a
788 1299 900 1350 cujus
921 1299 974 1336 rei
991 1298 1050 1336 vel
1079 1298 1312 1350 capacitate,
1332 1297 1394 1336 vel
1414 1297 1599 1345 utilitate,
1618 1298 1735 1336 etiam
1768 1298 1816 1335 ab

361 1361 602 1412 Apollodoro
617 1363 811 1414 parasitus
829 1362 1075 1401 Phormionis
1091 1362 1248 1400 nomine
1267 1367 1530 1414 nuncupatur.
1586 1361 1686 1400 Haec
1706 1361 1824 1412 igitur

360 1426 511 1477 proprie
537 1433 622 1466 tota
648 1427 813 1465 motoria
833 1433 906 1473 est,
938 1433 979 1464 et
1007 1426 1047 1463 in
1078 1426 1283 1464 affectibus
1304 1425 1518 1464 constituta
1536 1438 1649 1476 paene
1668 1424 1823 1476 majori-

361 1490 450 1536 bus,
475 1503 591 1540 quam
611 1490 783 1529 comicus
804 1490 930 1542 stylus
959 1497 1167 1542 posceret:
1203 1490 1278 1528 nisi
1306 1489 1414 1541 quod
1434 1495 1516 1527 arte
1537 1488 1672 1527 Poetae
1692 1487 1823 1526 omnia

361 1553 564 1592 moderata
584 1563 688 1594 sunt.
746 1555 897 1593 Primas
922 1555 962 1592 in
983 1568 1030 1593 ea
1047 1561 1192 1607 partes,
1220 1561 1267 1592 ut
1284 1554 1368 1605 ipse
1390 1554 1515 1592 Po'eta
1528 1553 1730 1605 professus
1748 1559 1822 1599 est,

361 1625 470 1657 tenet
488 1618 672 1657 Phormio
685 1634 695 1663 ;
727 1619 923 1659 secundas
940 1619 1065 1663 Geta;
1096 1619 1230 1658 tertias
1252 1618 1472 1670 Demiph0;
1504 1615 1670 1656 subinde
1689 1616 1822 1663 ceteri,

360 1688 477 1736 prout
495 1683 683 1735 cujusque
704 1691 816 1723 actus
836 1683 1021 1723 ostendit.
1078 1684 1272 1735 Prologus
1294 1682 1541 1721 Phormionis
1557 1681 1672 1719 nimis
1691 1681 1821 1719 conci-

360 1756 465 1787 tatus
483 1755 556 1794 est,
588 1748 687 1787 adeo
715 1755 759 1786 ut
786 1737 870 1800 ipse
906 1755 1028 1787 semet
1047 1748 1166 1787 veluti
1196 1747 1459 1801 reprehendat
1486 1747 1536 1785 ob
1567 1745 1671 1784 hanc
1698 1745 1821 1797 ipsam

358 1813 630 1865 pervicaciam,
663 1819 703 1850 et
722 1812 837 1850 simul
858 1818 1130 1864 argumentum
1152 1825 1235 1850 suae
1257 1810 1499 1864 purgationis
1519 1809 1695 1848 inducat.
1751 1808 1824 1846 At-

359 1890 436 1929 que
466 1878 505 1915 in
535 1890 582 1915 ea
609 1890 699 1915 cum
719 1871 906 1923 protasis,
930 1883 970 1914 et
994 1875 1181 1927 Epitasis,
1209 1883 1248 1914 et
1270 1874 1532 1927 Catastrophe
1551 1873 1684 1924 magni
1711 1871 1824 1910 moli·

360 1942 475 1980 minis
498 1950 538 1980 et
567 1941 714 1992 negotii
745 1940 846 1984 sint;
877 1941 932 1978 ita
952 1940 1067 1979 variis
1097 1939 1297 1990 leporibus
1328 1944 1604 1990 asperguntur,
1632 1944 1679 1975 ut
1705 1937 1822 1975 etiam

360 2020 488 2045 rerum
517 2005 686 2044 tristium
718 2005 948 2056 gravitatem
976 2004 1102 2042 Poeta
1129 2003 1285 2055 lepidus
1307 2003 1460 2042 comica
1490 2001 1699 2041 serenitate
1717 2008 1823 2039 tran-

358 2070 509 2122 quillet.
557 2070 656 2107 Haec
677 2076 765 2107 acta
785 2075 846 2106 est
863 2069 982 2107 Ludis
1005 2068 1316 2120 MegalensibuS,
1332 2067 1451 2106 Lucio
1469 2065 1654 2105 Cornelio
1669 2064 1824 2104 Merula

361 2135 480 2172 AEdili
500 2133 651 2180 Curuli,
671 2140 710 2172 et
726 2134 768 2172 L.
782 2133 1011 2172 Posthumio
1023 2133 1166 2171 Albino
1181 2146 1190 2171 :
1221 2132 1430 2184 agentibus
1451 2131 1494 2170 L.
1512 2129 1655 2169 Cassio
1671 2128 1824 2176 Attilio,

361 2206 400 2238 et
421 2199 463 2237 L.
478 2198 680 2237 Ambivio:
711 2197 848 2236 modos
865 2197 1033 2236 faciente
1049 2197 1192 2235 Flacco
1213 2196 1372 2235 Claudii
1389 2196 1469 2234 filio
1495 2195 1599 2233 tibiis
1630 2194 1822 2241 Serranis,

360 2272 521 2315 totaque
549 2263 730 2301 diverbiis
749 2262 1010 2309 facetissimis,
1032 2269 1071 2300 et
1090 2269 1245 2313 gestum
1265 2260 1580 2300 desiderantibus
1610 2258 1823 2305 scenicum,

361 2336 401 2367 et
417 2327 656 2366 suavissimis
676 2335 814 2365 ornata
843 2327 1005 2365 canticis
1034 2327 1121 2365 fuit.
1177 2325 1374 2377 Editaque
1395 2331 1456 2363 est
1473 2330 1612 2375 quarto
1633 2322 1734 2370 loco,
1763 2323 1821 2362 M.

361 2392 532 2439 Valerio,
558 2398 597 2430 et
617 2392 664 2430 C.
684 2391 833 2429 Fannio
855 2392 971 2430 Coss.
1028 2391 1204 2429 Persona
1223 2389 1339 2428 etiam
1359 2389 1397 2426 in
1418 2388 1533 2439 hujus
1561 2387 1717 2426 Protasi
1743 2400 1823 2425 non

361 2469 439 2493 una
467 2462 540 2501 est,
570 2454 640 2492 sed
667 2454 781 2492 duae:
818 2468 979 2506 quarum
1011 2454 1134 2492 altera
1152 2459 1262 2492 extra
1290 2459 1561 2505 argumentum
1592 2451 1719 2506 posita
1749 2460 1824 2497 est,

361 2520 424 2557 cni
445 2526 621 2557 narratur
642 2518 817 2556 Fabula:
847 2519 970 2556 altera
998 2519 1037 2556 in
1064 2524 1308 2568 argumento,
1338 2530 1427 2568 quae
1457 2521 1590 2554 narrat
1619 2513 1822 2554 Fabulam.

362 2583 647 2632 Argumentum
667 2595 823 2634 quoque
848 2595 926 2620 non
943 2582 1130 2633 simplicis
1151 2581 1296 2632 negotii
1319 2580 1461 2619 habet:
1490 2593 1563 2618 nec
1582 2579 1697 2617 unius
1726 2579 1823 2617 ado-

362 2645 560 2692 lescentis,
582 2654 624 2683 ut
650 2646 688 2683 in
718 2646 932 2684 HEcrnA:
963 2645 1032 2684 sed
1054 2646 1233 2691 duorum,
1264 2653 1308 2682 ut
1325 2644 1464 2683 ceteris
1493 2641 1664 2681 Fabulis.
1714 2643 1822 2681 Scire

364 2716 493 2748 autem
522 2709 716 2755 convenit,
747 2723 824 2747 uno
853 2709 916 2746 die
941 2709 1103 2759 transigi
1124 2708 1464 2747 ΡΗοῙὶΜιοΝΕΜε
1495 2719 1587 2751 non,
1609 2712 1652 2743 ut
1672 2705 1822 2744 HEAU-

365 2785 801 2819 Toxrmouuiussnon,
818 2773 985 2812 duobus.
1042 2772 1233 2823 Prologus
1249 2777 1424 2822 correpte
1439 2769 1513 2809 ἀπὸ
1534 2778 1597 2809 τοῦ
1620 2773 1820 2820 προλέγειν
