1966 3302
310 204 398 246 940
806 217 843 245 P.
877 214 1117 246 ΤΕΒΕΝΊῚΙ
1152 216 1270 246 Arni

312 308 525 350 Revereri
546 308 732 350 saltem?
765 321 851 350 non
874 309 1070 362 pudere?
1103 323 1130 350 0
1150 309 1326 351 facinus
1348 310 1522 351 audax!
1555 323 1581 352 o
1603 311 1721 354 Geta

313 374 538 417 Monitor!
600 374 689 416 GE.
722 374 817 415 Vix
838 376 1026 416 tandem.
1088 376 1178 417 DE.
1212 376 1334 426 Quid
1358 377 1462 417 mihi
1482 377 1659 420 dicent?
1693 383 1773 420 aut

486 454 618 494 quam
640 454 825 483 causam
845 443 1101 495 reperient?

320 508 543 550 Demiror.
603 507 694 549 Gn.
726 507 867 562 Atqui
889 509 1172 563 reperijam:
1205 509 1323 550 aliud
1347 522 1465 551 cura.
1527 510 1618 551 DE.
1650 510 1776 552 Anne

488 574 575 616 hoc
597 575 745 617 dicent
765 576 891 625 mihi,
1747 579 1776 619 5

316 642 493 683 Invitus
515 642 627 683 feci:
659 643 735 683 lex
757 642 936 696 coegit?
968 643 1114 692 audio,
1137 647 1184 683 et
1206 643 1363 683 fateor.
1423 643 1514 684 GE.
1546 644 1728 686 Places.

317 708 411 748 DE.
427 707 597 749 Verum
619 710 848 758 scientem,
870 710 1066 759 tacitum,
1080 723 1263 750 causam
1285 710 1456 751 tradere
1478 704 1777 765 advorsariis;

317 773 520 815 Etiamne
541 775 586 815 id
607 776 680 816 lex
703 774 884 828 coegit?
946 776 1082 817 PHAE.
1107 776 1222 818 Illud
1240 777 1409 817 durum.
1470 777 1560 819 GE.
1584 778 1679 832 Ego
1699 790 1778 819 ex-

491 842 695 896 pediam:
727 843 838 884 sine.

316 959 432 999 pudore
446 969 507 991 non
521 961 625 1001 affici?
647 972 664 991 o
678 961 842 1002 inceptum,
859 965 889 994 et
896 963 1021 1000 factum
1038 964 1261 996 temerarium!
1282 976 1298 996 ο
1313 965 1396 997 Geta
1406 969 1589 1006 proeceptor,
1605 970 1636 998 et
1650 965 1782 998 auctor!

319 1001 386 1033 GE.
411 1002 509 1033 Paene
522 1003 583 1033 mei
598 1003 710 1034 oblitus
724 1008 781 1042 est,
796 1006 847 1035 sed
862 1007 986 1036 tandem
1002 1006 1151 1037 meminit.
1199 1007 1284 1042 Quia
1297 1009 1374 1039 milri
1389 1009 1515 1040 dicent?
1544 1013 1599 1040 aut
1620 1019 1711 1049 quam
1727 1019 1781 1039 ex-

317 1044 504 1076 cusationem
526 1049 698 1086 proetexere
726 1051 883 1087 poterunt,
906 1048 933 1078 si
955 1058 987 1078 se
1005 1059 1143 1089 purgare
1163 1050 1266 1080 conati
1279 1050 1428 1088 fuerint?
1449 1051 1556 1082 dubito
1586 1053 1686 1090 valde,
1709 1050 1783 1091 quid

318 1087 421 1118 acturi
434 1087 512 1119 sint.
557 1088 624 1119 GE.
648 1090 747 1129 Atqui
762 1089 834 1128 jam
859 1091 986 1128 iuven&
1008 1101 1046 1122 ne
1067 1092 1111 1121 sis
1126 1093 1162 1122 de
1177 1092 1227 1122 liis
1241 1093 1388 1124 solicitus.
1434 1094 1506 1124 DE.
1529 1094 1621 1125 Anne
1637 1094 1691 1124 hoc
1706 1092 1784 1124 mihi

317 1130 495 1169 responsuri
506 1135 597 1162 sunt.-
621 1142 682 1162 ηοη
696 1133 792 1170 ultro,
807 1134 861 1164 sed
876 1134 981 1164 nolens
988 1132 1066 1174 feci,
1079 1135 1130 1165 lex
1144 1135 1185 1165 ad
1202 1135 1235 1165 id
1249 1145 1297 1166 me
1311 1135 1442 1174 adegit?
1463 1135 1616 1175 intelligo,
1632 1139 1662 1167 et
1677 1145 1783 1166 assen-

320 1171 393 1202 tior.
433 1172 501 1204 GE.
528 1174 664 1204 Gratum
678 1178 725 1205 est
740 1175 828 1211 mihi,
844 1177 924 1215 quod
938 1176 1026 1207 dicis.
1073 1177 1140 1207 DE.
1170 1177 1282 1208 Verum
1303 1179 1466 1216 valentem,
1495 1187 1549 1208 nec
1572 1178 1783 1209 contradicen-

319 1217 393 1252 tem,
407 1225 509 1245 causae
523 1216 685 1247 victoriam
700 1219 861 1249 concedere
875 1218 1064 1249 adversariis
1076 1230 1087 1256 ;
1110 1219 1182 1250 idne
1204 1229 1319 1260 quoque
1342 1221 1394 1250 lex
1410 1220 1520 1257 facere
1542 1221 1667 1259 coegit?
1711 1221 1784 1251 Pu.

321 1256 406 1292 Illud
419 1258 556 1299 difficile,
570 1262 601 1290 et
617 1260 787 1292 molestum.
833 1261 903 1293 GE.
926 1262 997 1301 Ego
1012 1262 1182 1303 explicabo,
1198 1266 1229 1294 et
1248 1264 1374 1304 planum
1388 1264 1527 1304 reddam,
1541 1263 1669 1304 quiesce.
1715 1264 1785 1294 Dis.

937 1355 1178 1369 eeeeeeeeeeee

324 1430 411 1461 esse,
425 1420 434 1438 ‘
454 1421 596 1460 Legitur
622 1424 658 1452 et
684 1420 744 1452 ac!
769 1420 933 1454 Fabrnus.
979 1423 1091 1454 Locus
1120 1422 1298 1454 Ciceronis
1313 1432 1381 1454 non
1402 1427 1453 1454 est
1470 1423 1504 1454 in
1520 1432 1587 1456 ΧΠ.
1611 1424 1671 1456 sed
1689 1423 1721 1455 in
1745 1433 1787 1458 n.

326 1466 377 1495 19.
393 1463 450 1495 ubi
468 1464 574 1494 tacito
603 1463 722 1494 Po'e'tae
751 1465 883 1495 nomine
900 1465 973 1496 haec
1001 1466 1109 1497 citat:
1136 1466 1204 1497 Nec
1218 1476 1319 1496 meum
1339 1466 1518 1506 imperium,
1533 1477 1568 1498 ac
1589 1467 1678 1498 mitta
1693 1467 1786 1508 impe-

323 1507 418 1543 rium,
434 1516 495 1537 non
509 1507 699 1537 simultatem
714 1516 812 1537 meam
828 1507 982 1539 Revereri
1003 1509 1138 1539 saltem?
1178 1508 1294 1539 Nostri
1319 1518 1435 1539 omnes
1452 1519 1511 1548 age
1528 1509 1666 1541 habent.
1688 1510 1786 1542 Bene.

326 1548 395 1579 Nec
423 1549 497 1588 imp.
509 1558 550 1579 m..
576 1548 723 1579 extimuit
739 1548 855 1580 Guelf.
882 1553 915 1581 3.
938 1551 1028 1581 Perl.
1064 1550 1248 1591 Imperium]
1273 1551 1366 1583 Edit.
1379 1555 1416 1582 et
1431 1552 1534 1583 Bent.
1554 1561 1620 1583 non
1643 1553 1788 1583 interro·

325 1594 420 1630 gant.
447 1592 564 1622 Bruus.
614 1591 712 1622 Unde
729 1592 872 1632 colligas
891 1593 950 1624 ΒΓ.
966 1593 1180 1633 interrogare
1198 1603 1206 1624 z
1230 1594 1264 1624 id
1281 1594 1370 1634 quod
1386 1598 1499 1624 tamen
1516 1604 1582 1625 non
1594 1595 1789 1635 imprimen-

326 1634 405 1664 dum
423 1634 555 1664 curavit
571 1634 694 1664 Bruns.
729 1634 777 1664 Ac
794 1643 854 1674 pro
874 1645 933 1674 age
953 1635 1053 1667 Bent.
1081 1636 1208 1676 Delph.
1225 1636 1319 1667 Peri.
1348 1640 1383 1667 et
1400 1636 1501 1668 Both.
1530 1637 1586 1678 qui
1604 1637 1662 1668 dat
1681 1638 1789 1677 Neque

326 1685 387 1716 pro
404 1676 548 1707 Nec.—3
573 1677 643 1707 Pro
661 1676 812 1707 Revereri
830 1678 960 1709 Nonius
975 1678 1160 1709 Marcellus
1183 1678 1290 1710 Vereri
1312 1679 1414 1717 legit:
1440 1681 1609 1719 quomodo
1625 1684 1661 1710 et
1676 1680 1789 1710 Dona-

327 1724 398 1750 tum
416 1719 449 1749 in
467 1718 598 1749 Andria
613 1719 727 1758 legere
740 1719 925 1751 observant
943 1721 1058 1752 Rivius
1075 1730 1152 1752 cum
1170 1721 1213 1752 G.
1233 1721 1269 1752 F.
1286 1725 1322 1752 et
1338 1722 1375 1753 F.
1393 1721 1429 1751 F.
1454 1722 1565 1753 Locus
1589 1722 1616 1753 is
1632 1727 1683 1753 est
1701 1721 1792 1754 And.

325 1770 383 1792 nt.
400 1763 432 1791 2.
450 1764 502 1792 16.
525 1761 583 1792 ubi
601 1765 713 1792 tamen
742 1762 895 1793 Revereri
911 1763 945 1794 in
967 1765 1050 1794 meis
1065 1763 1249 1794 Codicibus
1268 1764 1416 1804 legitur:
1441 1764 1531 1795 unde
1547 1769 1583 1795 et
1602 1765 1651 1795 ita
1669 1765 1715 1796 ibi
1732 1775 1791 1796 ex-

326 1803 430 1835 hibui.
456 1804 552 1835 West.
596 1804 724 1843 Pnngit
749 1805 809 1836 Br.
837 1807 937 1844 post‘
955 1805 1146 1845 Revereri‚'
1175 1815 1242 1836 non
1270 1807 1372 1846 post‘
1390 1806 1537 1846 saltem,’
1562 1811 1599 1837 et
1623 1807 1753 1838 omittit
1773 1817 1791 1837 ο

329 1850 408 1877 ante
433 1846 441 1862 ‘
461 1845 578 1883 Geta‚'
599 1846 633 1876 ni
656 1847 745 1876 male
762 1847 874 1878 Bruns
898 1848 1095 1889 exscripsit.
1138 1849 1167 1878 Ο
1193 1853 1273 1879 ante
1301 1852 1309 1865 ‘
1329 1847 1483 1879 facinus’
1507 1849 1635 1880 omittit
1661 1849 1791 1890 Delph.

329 1888 446 1919 Saltim
462 1888 521 1919 dat
538 1888 679 1928 Rip.-4
704 1889 794 1919 Puto
822 1890 864 1920 ab
881 1890 1033 1922 Auctore
1057 1891 1161 1921 fnisse
1188 1894 1244 1921 aut
1261 1890 1334 1930 quid
1356 1901 1469 1922 causoe.
1493 1891 1593 1923 Bent.
1640 1892 1717 1922 Non
1742 1893 1792 1922 in-

329 1935 483 1971 terrogat
512 1931 730 1962 Bothius.—5
756 1932 851 1964 Dicet
866 1938 919 1963 est
935 1933 969 1964 in
983 1933 1099 1974 paucis
1122 1934 1228 1964 libris.
1256 1933 1355 1965 West.
1379 1933 1474 1964 Anne
1488 1934 1543 1964 hoc
1564 1934 1667 1965 dicent
1683 1934 1794 1975 ιηίΙιίῩ]

329 1973 370 2004 Τὸ
386 1983 422 2005 ne
439 1983 506 2004 non
523 1977 575 2004 est
594 1974 626 2004 in
643 1973 822 2012 Bembino,
840 1975 929 2015 quod
958 1985 1022 2007 nec
1045 1976 1191 2007 orationi
1208 1976 1401 2016 quicquam,
1417 1986 1480 2007 nec
1506 1978 1616 2007 versui
1634 1976 1793 2016 prodest:

331 2021 379 2055 et,
394 2025 455 2056 pro
481 2016 598 2055 dicent,
611 2016 713 2047 habet
733 2016 760 2047 is
789 2017 874 2048 liber
898 2018 999 2049 dicet.-
1023 2023 1059 2049 et
1085 2018 1367 2057 subaudiendum,
1385 2018 1549 2059 Antipho,
1565 2029 1583 2050 a
1612 2019 1735 2059 plurali
1751 2019 1794 2050 ad

331 2059 537 2099 singularem
554 2068 731 2089 numerum
757 2068 913 2091 sermone
941 2062 1121 2100 translato,
1138 2066 1176 2092 ut
1199 2064 1235 2092 et
1258 2061 1436 2102 sequentia
1458 2061 1656 2101 ostendunt,
1674 2062 1684 2079 ‘
1704 2062 1796 2092 Invi-

331 2106 385 2132 tus
401 2100 468 2132 feci
481 2101 502 2132 :’
524 2106 560 2132 et
573 2103 583 2118 ‘
601 2102 728 2132 Verum
749 2102 925 2142 scientem,
942 2103 1108 2136 tacitum!
1133 2104 1192 2135 Fa.
1238 2103 1373 2143 Nostri,
1388 2104 1480 2135 Anne
1502 2110 1536 2134 et
1553 2105 1667 2135 dicent.
1690 2104 1794 2135 Beni.

332 2144 448 2175 Dicent
465 2144 550 2175 GM.
567 2147 604 2174 et
620 2144 680 2175 ΒΓ.
728 2143 805 2174 Non
834 2151 941 2176 recte.
968 2146 1053 2176 Perl-
1091 2146 1238 2186 Aliquid]
1261 2146 1363 2185 Vulg.
1380 2147 1487 2177 aliud.-
1511 2156 1554 2177 ex
1571 2146 1697 2187 interp.
1736 2147 1795 2177 Se-

332 2196 416 2227 quor
443 2186 520 2218 Hel.
545 2186 641 2217 Both.
667 2186 718 2217 An
745 2192 780 2217 et
803 2187 885 2218 dicet
908 2189 1009 2219 Bent.
1037 2188 1076 2220 Z.
1103 2189 1180 2229 Bip.
1207 2188 1309 2219 Both.
1334 2188 1428 2219 Perl.
1463 2188 1517 2220 An
1544 2193 1580 2220 et
1606 2189 1794 2229 Deum—6

333 2230 454 2260 Places.
493 2228 580 2260 Hoec
597 2238 662 2259 vox
680 2229 713 2260 in
736 2229 821 2261 Mss.
846 2231 1048 2270 quibusdam
1074 2236 1110 2262 et
1137 2231 1239 2262 editis
1265 2235 1341 2270 post
1368 2231 1442 2263 ΕΡ.
1466 2232 1569 2262 etiam
1593 2231 1799 2272 Demiphoni

333 2272 508 2303 tribuitur.
554 2271 594 2302 In
612 2271 686 2301 aliis
703 2276 768 2307 est,
784 2272 907 2304 Placet.
931 2274 1041 2305 West.
1067 2273 1162 2304 Idem
1179 2274 1266 2304 liber
1282 2273 1345 2304 hoc
1360 2274 1547 2313 asyndeton
1561 2274 1677 2312 habet,
1690 2274 1798 2313 audio,

332 2313 444 2345 fateor.
467 2314 526 2345 Fa.
574 2313 705 2351 Nostri,
733 2315 825 2345 audio
851 2318 881 2345 et
896 2316 1016 2353 fateor.
1060 2316 1183 2348 Placet.
1207 2317 1309 2347 Bent.
1356 2316 1475 2347 Edidit
1504 2317 1606 2348 Bent.
1630 2315 1799 2355 audio,fa-

334 2360 422 2387 teor.-
446 2360 551 2396 atque
576 2366 653 2387 cum
682 2357 742 2387 Fa.
767 2357 923 2388 exhibuit
944 2358 1034 2398 feci5
1057 2358 1147 2398 quod
1164 2358 1280 2399 utique
1297 2368 1383 2398 opus
1408 2362 1473 2398 est,
1490 2358 1518 2389 si
1536 2368 1596 2399 pro
1614 2359 1671 2389 illo
1695 2359 1798 2389 dicent

334 2398 459 2438 legeris
474 2399 568 2429 dicet.
613 2399 673 2429 Sin
690 2402 805 2430 autem
827 2400 933 2430 dicent
950 2410 1029 2431 vera
1057 2401 1139 2432 lect.
1163 2401 1321 2440 habetur,
1339 2400 1536 2432 necessario
1553 2401 1731 2441 legendnm
1748 2405 1799 2431 est

335 2440 390 2472 hic
411 2440 503 2479 fecit.
529 2441 635 2471 Zeun.
679 2442 725 2472 Et
757 2445 834 2480 post
859 2443 868 2459 ‘
886 2442 1006 2473 audio'
1033 2441 1150 2474 Guelf.
1176 2446 1208 2474 1.
1235 2446 1267 2474 2.
1313 2443 1423 2473 Placet
1448 2443 1535 2475 GM.
1558 2443 1645 2474 Perl.
1669 2441 1800 2482 Placet]

336 2482 420 2523 Alii,
447 2483 614 2514 nescimus
643 2492 744 2523 quam
767 2484 866 2523 bene,
890 2485 1010 2517 Places,
1056 2485 1182 2516 Getam
1209 2495 1285 2516 cum
1311 2485 1471 2516 Phaedria
1495 2486 1586 2526 loqui
1617 2484 1802 2516 credimus.

338 2525 416 2565 Bip.
456 2525 545 2556 Fecit
570 2525 609 2556 Z.
629 2525 754 2566 Delph.
795 2526 908 2557 Placet
932 2527 992 2558 ΒΓ.
1010 2527 1088 2567 ssip.
1105 2527 1232 2567 Delph.
1281 2528 1324 2558 Et
1345 2527 1462 2558 delent
1483 2528 1584 2558 Bent.
1604 2527 1681 2567 Bip.
1698 2527 1801 2558 Both.

337 2567 497 2598 Per1.-⁷
521 2568 565 2598 Et
582 2568 714 2599 tacitum
730 2567 845 2599 Guelf.
862 2571 959 2600 2.-8
984 2569 1093 2601 Codd.
1107 2570 1247 2611 quidam
1261 2580 1269 2601 :
1294 2570 1441 2601 Etiamne
1458 2573 1487 2601 et
1500 2570 1533 2601 id
1549 2571 1600 2601 lex
1614 2567 1726 2608 cogit?
1756 2569 1802 2601 Et

338 2609 476 2650 quidam
507 2610 606 2641 codd.
651 2609 718 2643 GE.
753 2611 837 2642 Illud
866 2612 989 2643 durum.
1036 2612 1106 2644 Pu.
1154 2612 1225 2651 Ego
1250 2611 1422 2652 expediam.
1461 2613 1568 2644 West.
1620 2612 1776 2643 Donatus
1790 2621 1801 2643 ε

338 2653 347 2669 ‘
365 2651 456 2682 Illud
478 2651 621 2691 durum,’
637 2652 734 2690 dicit,
749 2653 806 2693 qui
834 2663 937 2692 supra
963 2653 1063 2692 dixit,
1078 2656 1088 2672 ⁴
1108 2653 1213 2694 Atqui
1231 2655 1340 2693 reperi
1363 2653 1485 2695 jam.'’
1531 2653 1691 2695 Apparet
1720 2663 1801 2693 ergo

340 2693 524 2732 Donatum,
541 2698 662 2726 contra
678 2705 718 2726 ac
735 2695 833 2726 hodie
861 2694 1004 2736 faciunt,
1021 2698 1030 2714 ‘
1045 2697 1135 2728 Illud
1160 2696 1299 2727 durntn'
1315 2696 1416 2727 Getae
1439 2695 1612 2736 tribuisse,
1629 2696 1800 2736 posterius

339 2735 523 2769 Pliaedriae.
570 2737 698 2776 Recte3
722 2742 826 2779 atque
856 2737 905 2770 ita
932 2739 1033 2780 plano
1056 2747 1218 2780 personas
1244 2738 1365 2771 dividit
1383 2739 1482 2771 CCC.
1527 2739 1572 2771 Et
1597 2748 1678 2771 sane
1695 2739 1797 2771 Phae-
