1966 3302
296 213 383 256 514
796 222 835 252 P.
868 219 1111 251 TEREN‘ru
1147 220 1261 254 Arm

302 320 393 361 ΡΥ.
426 318 521 372 Ego
542 317 619 372 pol
638 322 682 358 te
702 330 782 371 pro
803 316 902 358 istis
918 315 1048 358 dictis
1065 318 1107 357 et
1126 315 1272 365 factis,
1293 315 1454 365 scelus,

297 386 518 437 Ulciscar,
535 388 584 426 ut
604 398 660 426 ne
678 385 859 439 impune
882 385 926 425 in
946 397 1029 425 nos
1049 384 1258 425 illuseris.
1698 383 1756 425 20

297 506 364 536 ΡΥ.
391 505 472 545 Ego,
486 514 542 545 per
558 505 729 543 Pollucem,
749 514 805 545 pro
819 503 890 534 istis
917 502 1010 534 dictis
1025 503 1166 542 etfactis
1181 507 1224 544 te,
1239 505 1399 544 scelerose,
1416 503 1546 534 ulciscar
1566 505 1596 534 et
1617 501 1758 544 puniam,

295 552 330 579 ut
344 558 405 579 mm
420 549 542 589 impune
549 547 642 585 feras
656 548 737 588 quod
751 557 806 578 nos
821 546 1000 588 ludificatus
1006 546 1122 584 fueris.

911 642 1147 654 eume-‘0000

295 714 339 746 ad
355 715 461 746 solum
476 714 653 746 Chaeream
669 712 852 746 referatur.
881 714 980 746 West.
1025 714 1124 744 Nosse
1137 712 1240 744 omnia
1255 712 1319 743 hoec
1332 711 1416 743 solus
1438 713 1484 742 est
1504 710 1757 752 adulescentulis]

295 758 455 790 Sentitne
470 757 558 789 auris
575 761 633 788 tua
651 756 917 797 ingratumillud
943 757 1028 788 salus
1042 755 1112 787 est?
1153 755 1190 786 Si
1214 755 1336 794 minus,
1362 759 1398 786 at
1426 758 1522 784 certe
1545 753 1608 784 hoc
1633 763 1755 786 conce-

295 802 367 840 des,
385 801 441 830 vix
458 801 544 831 bene
561 801 685 831 Latine
703 800 751 830 sic
768 799 847 831 dici.
894 801 1048 840 Repono,
1072 799 1173 830 Nosse
1192 799 1295 829 omnia
1317 797 1382 828 hoec
1407 796 1502 827 saluti
1517 799 1562 827 est
1577 797 1755 828 adulescen-

295 844 382 875 tulis.
408 844 512 874 Bent.
556 842 658 874 Saluti
683 852 765 883 ergo
792 842 852 874 dat
876 843 1068 873 Rom—19
1092 842 1152 872 Pol
1186 850 1244 881 pro
1266 841 1338 871 istis
1376 843 1406 870 te
1430 839 1525 870 dictis
1563 839 1630 870 Ms.
1660 839 1758 878 Πρω

300 888 489 920 West.—·20
512 885 637 917 Mallet
654 886 741 926 Guy.
758 886 789 916 in
806 885 950 916 Scholiis
966 885 1050 916 Mss.
1071 885 1234 916 Ulciscor:
1251 887 1286 914 ut
1297 892 1334 913 ne
1347 882 1470 922 impune
1485 882 1518 913 in
1531 891 1585 912 nos
1600 881 1756 914 illuseris?

294 931 349 962 Id.
397 929 526 969 Impune
541 929 575 959 in
590 938 643 959 nos
658 928 807 968 illuseris]
830 928 956 959 Melius
974 937 1016 958 ex
1033 927 1152 966 Regiis
1177 935 1274 965 nnuS,
1303 930 1338 956 et
1367 935 1408 955 ex
1436 923 1630 955 Meadianis
1654 925 1756 962 alter,

294 975 420 1013 impune
435 981 489 1002 nos
502 971 647 1002 illuseris.
671 972 774 1003 Bent.
823 970 980 1010 Illuserz’s]
1003 970 1086 1001 GM.
1103 970 1157 1001 hic
1170 968 1272 1000 finem
1288 968 1392 999 habet
1406 968 1537 999 Scenae.
1559 967 1644 998 Perl.
1684 968 1754 1007 Ego

290 1013 533 1057 pol...illuserz's]
557 1014 660 1055 Pyth.
677 1022 832 1054 regressa
847 1012 962 1044 forsan
992 1023 1023 1044 v.
1051 1015 1083 1044 8.
1106 1012 1300 1043 substitisse
1329 1011 1476 1049 videtur,
1503 1015 1539 1040 et
1564 1019 1679 1040 secum
1708 1011 1758 1040 lo-

295 1057 413 1100 quenti
432 1058 546 1088 Parm.
571 1067 670 1088 aures
695 1056 860 1097 praebuit:
887 1056 1076 1096 auditisque
1092 1055 1166 1086 haec
1182 1054 1224 1085 ad
1241 1057 1458 1095 spectatores
1473 1052 1574 1083 dicit:
1600 1051 1679 1082 dein
1696 1062 1754 1083 ex-

295 1103 444 1133 clamans
472 1100 513 1131 de
540 1099 727 1132 infortunio
748 1099 900 1132 Chaereae
927 1099 1068 1139 propius
1091 1097 1235 1129 accedit.
1283 1096 1384 1127 Unde
1410 1096 1514 1127 Bent.
1538 1103 1675 1125 scenam
1702 1104 1754 1126 se-

295 1143 412 1184 quenti
428 1143 615 1183 conjungit.
660 1142 728 1174 Sed
747 1147 858 1174 tamen
875 1152 999 1172 novum
1017 1144 1162 1171 metrum
1178 1140 1300 1181 incipit
1316 1149 1335 1171 a
1347 1139 1496 1171 clamore
1512 1137 1660 1178 Pythiae.
1679 1137 1755 1178 Rip.

298 1187 386 1219 Haec
403 1186 623 1228 sequentibus
640 1186 855 1228 conjungunt
872 1189 906 1216 et
922 1185 961 1216 Z.
980 1184 1083 1216 Both.
1101 1183 1194 1215 Perl.

699 1485 904 1528 ACTUS
937 1485 996 1528 V.
1058 1485 1260 1528 SCENA
1297 1486 1357 1528 V.

754 1610 990 1641 PYTHIAS.
1050 1610 1306 1640 PARMENO.

299 1688 388 1729 ΡΥ.
420 1688 565 1730 PROH
586 1687 716 1729 fidem
739 1688 910 1730 Deum!
941 1688 1115 1730 facinus
1135 1687 1326 1730 foedum!
1359 1700 1386 1728 o
1407 1686 1631 1729 infelicem
1647 1685 1758 1729 ado-

470 1756 765 1797 lescentulum
783 1756 792 1797 !

299 1823 339 1864 O
376 1823 614 1864 scelestum
651 1823 983 1872 Parmenonem,
1016 1822 1092 1876 qui
1114 1823 1246 1864 istum
1273 1821 1362 1863 huc
1395 1821 1603 1863 adduxit!
1664 1822 1755 1863 PA.

474 1890 598 1941 Quid
619 1891 721 1931 est?

299 1958 389 2000 PY.
422 1958 608 1999 Miseret
627 1971 697 1999 me
715 1971 725 2000 :
759 1957 927 2011 itaque,
959 1960 1010 1999 ut
1039 1969 1092 1998 ne
1111 1956 1316 2007 viderem,
1335 1955 1498 1997 misera
1517 1956 1603 1997 huc
1624 1954 1758 2010 effugi

469 2026 602 2067 foras.

341 2134 410 2165 ΡΥ.
437 2133 522 2163 Proh
537 2133 641 2164 Deum
656 2131 784 2173 fidem!
797 2131 927 2170 facinus
951 2135 1040 2170 turpe
1063 2134 1093 2161 et
1115 2129 1264 2162 crudele!
1288 2130 1317 2160 0
1341 2129 1568 2168 infortunatum
1583 2130 1757 2161 adolescen-

298 2177 396 2207 tulum
407 2175 421 2206 !
448 2177 477 2206 O
505 2178 685 2207 scelerosum
714 2176 950 2213 Parmenonem,
980 2174 1033 2213 qui
1060 2173 1155 2204 istum
1180 2174 1214 2204 in
1239 2173 1317 2204 hanc
1345 2173 1466 2203 domum
1487 2171 1645 2204 adduxit!
1688 2171 1756 2204 ΡΑ.

302 2220 386 2254 Quid
402 2223 469 2250 est?
514 2219 581 2249 ΡΥ.
605 2218 692 2248 Adeo
714 2218 927 2249 misericordia
951 2219 1100 2247 commota
1124 2226 1203 2255 sum,
1228 2220 1275 2255 ut,
1299 2226 1337 2246 ne
1364 2219 1429 2248 lam
1454 2218 1548 2246 atrox
1571 2218 1758 2246 tormentum

299 2272 466 2302 cernerem,
492 2262 606 2292 misera
631 2261 687 2292 huc
705 2261 797 2299 soros
819 2270 866 2291 me
889 2258 1099 2291 subduxerim.
1147 2259 1226 2294 Quoe
1246 2258 1376 2297 infanda
1397 2262 1428 2289 et
1442 2268 1524 2289 sceva
1539 2257 1758 2298 suppliciorum

907 2353 1027 2365 Mem
1031 2353 1130 2365 ema·

350 2424 365 2452 1
386 2420 551 2461 Profidem
568 2421 683 2451 Deum.
700 2419 800 2451 Solus
817 2419 914 2451 Bem.
931 2420 1033 2450 habet
1050 2420 1136 2450 hanc
1149 2418 1410 2451 collocationem
1423 2418 1601 2450 verborum
1615 2428 1623 2449 :
1640 2427 1757 2460 quam-

302 2465 352 2494 vis
369 2463 507 2500 deinde,
533 2463 652 2493 eadem
677 2461 750 2493 fere
767 2471 881 2501 mann,
904 2472 1022 2493 eorum
1037 2463 1186 2493 inversio
1204 2462 1248 2493 sit
1260 2466 1380 2493 notata
1396 2462 1439 2492 ab
1455 2461 1627 2493 indicante
1641 2461 1756 2502 legen-

303 2507 382 2537 dnm
398 2506 465 2537 Pro
478 2505 697 2546 Deumfidem,
714 2511 750 2535 nt
767 2505 895 2536 habent
911 2514 1026 2536 omnes
1044 2505 1100 2535 alii
1116 2505 1193 2535 libri
1212 2510 1248 2535 et
1262 2505 1428 2536 Donatus,
1456 2504 1497 2535 In
1512 2503 1755 2545 antiquissimis

302 2550 398 2580 libris
415 2549 489 2579 haec
507 2548 737 2588 superioribus
757 2548 949 2587 junguntur
966 2549 999 2578 in
1017 2558 1116 2578 unam
1131 2547 1344 2588 eandemque
1361 2556 1510 2579 scenam.
1535 2546 1591 2578 Fa.
1615 2546 1756 2578 Servius

303 2592 344 2623 ad
360 2592 434 2622 AEn.
462 2600 500 2621 n.
518 2594 591 2622 502.
618 2591 666 2621 sic
689 2591 774 2622 citat
789 2602 796 2621 ε
820 2590 888 2621 Ρι·ο
905 2591 1009 2622 Deum
1020 2594 1114 2630 atque
1129 2590 1396 2631 hominumfidem.
1441 2590 1599 2620 Fortasse
1615 2598 1657 2620 an
1671 2598 1757 2621 vera

302 2634 405 2665 lectio
418 2639 482 2671 est,
505 2633 570 2664 Pro
587 2634 688 2664 Deum
699 2636 792 2673 alque
813 2633 982 2673 hominum,
998 2633 1125 2669 facinus
1141 2633 1275 2671 soedum.
1300 2633 1404 2664 Bent.
1443 2632 1484 2664 P.
1509 2632 1552 2663 D.
1569 2631 1672 2673 fidem
1696 2631 1758 2663 Br.

303 2678 389 2716 Eug.
405 2677 506 2707 Bent.
528 2676 605 2716 Bip.
629 2676 730 2706 Both.
754 2676 956 2707 Perl.—3.4
984 2676 1093 2716 Itaque
1108 2679 1193 2707 utne
1207 2675 1358 2715 viderem]
1398 2675 1509 2706 Recte
1535 2674 1694 2705 Perizon.
1713 2673 1757 2705 ad

302 2719 432 2750 Sanctii
448 2719 593 2749 Minerv.
609 2727 658 2749 ιν.
678 2721 729 2749 ll.
746 2721 864 2758 p-723.
887 2719 1065 2759 conjungit
1081 2719 1206 2757 omnia,
1218 2723 1253 2749 et
1276 2718 1349 2749 sine
1365 2717 1633 2757 interrogatione
1650 2716 1757 2748 verba

305 2762 414 2805 “Qnae
441 2760 556 2793 futura
570 2771 623 2793 ex.
642 2761 676 2793 d.
692 2760 809 2792 dicunt
825 2761 859 2792 in
875 2770 950 2793 eum
965 2762 1102 2803 indigna
1114 2761 1123 2774 '
1147 2760 1257 2793 refert
1271 2760 1314 2793 ad
1337 2762 1346 2778 ‘
1364 2759 1514 2792 viderem
1524 2759 1545 2799 ς’
1569 2758 1668 2792 etsie
1685 2758 1756 2791 edi-
