1966 3302
581 176 794 206 HECYRAE
831 177 934 206 ACT.
968 175 1031 205 iv.
1062 176 1128 206 sc.
1163 175 1214 207 11.
1536 164 1620 206 871

169 271 427 314 Studiorum
446 271 641 312 istorum.
702 271 818 312 Haec
839 272 945 313 mihi
964 285 1080 313 nunc
1101 284 1211 313 cura
1230 275 1301 312 est
1320 283 1545 318 maxuma,
1575 276 1621 312 ut

339 352 393 380 ne
413 339 485 380 cui
504 351 615 380 meae

170 407 492 461 Longinquitas
511 406 661 448 aetatis
683 407 842 456 obstet,
865 411 1105 448 mortemve
1127 410 1329 460 expectet
1350 419 1505 447 meam.
1565 408 1620 448 20

172 474 266 515 Hic
297 474 425 514 video
460 487 530 514 me
561 487 658 514 esse
695 473 886 514 invisam
921 475 1167 516 immerito:
1212 480 1386 528 tempus
1419 480 1488 515 est
1518 488 1620 515 cou-

341 541 510 594 qedere.

171 609 247 650 Sic
268 613 460 663 optume,
480 614 531 650 ut
561 622 643 663 ego
677 609 845 664 opinor,
878 622 1030 651 omnes
1062 622 1225 650 causas
1257 610 1497 663 praecidam
1529 624 1620 651 om-

342 677 504 729 nibus;

169 743 225 784 Et
244 758 313 785 me
333 745 418 786 hac
438 745 692 799 suspicione
713 744 958 795 exsolvam,
981 750 1026 786 et
1046 745 1133 786 illis
1153 758 1317 785 morem
1340 759 1532 798 gessero.

171 811 275 852 Sine
309 826 393 862 me,
430 814 631 864 obsecro,
667 813 754 854 hoc
787 812 987 867 effugere,
1021 815 1178 867 volgus
1200 814 1318 867 quod
1349 814 1464 855 male
1499 814 1622 856 audit

341 881 585 922 mulierum.

169 946 301 989 PAM.
335 947 482 999 Quam
503 949 757 991 fortunatus
779 949 938 991 ceteris
958 962 1055 990 sum
1076 950 1223 999 rebus,
1245 950 1410 1003 absque
1431 963 1518 992 una
1538 950 1621 992 hac

337 1014 477 1068 soret3
1564 1017 1621 1059 25

169 1081 302 1123 Hanc
331 1088 514 1124 matrem
541 1083 708 1125 habens
742 1085 892 1134 talem,
929 1084 1052 1126 illam
1085 1088 1230 1126 autem
1267 1087 1478 1128 uxorem!
1540 1085 1619 1128 So.

341 1150 557 1203 Obsecro,
578 1153 638 1193 mi
660 1152 904 1207 Pamphile,
1429 1163 1431 1165 ’

165 1273 248 1304 dedi.
292 1273 430 1306 Satietas
445 1284 523 1306 nunc
548 1279 629 1308 tenet
650 1277 759 1308 harum
779 1273 914 1307 om'nium
938 1276 1217 1308 exercitationum:
1239 1276 1304 1306 hoec
1322 1285 1402 1306 nunc
1420 1276 1554 1307 maxime
1574 1287 1620 1307 mc

166 1326 241 1347 cura
254 1317 403 1358 solicitat,
417 1321 451 1349 ut
466 1329 504 1349 ue
515 1319 607 1359 longa
620 1320 686 1350 vita
703 1330 770 1351 meu
784 1320 878 1351 alicui
894 1321 996 1351 invisa
1014 1320 1056 1351 sit
1069 1324 1100 1350 et
1114 1322 1235 1356 noceat,
1248 1329 1387 1358 morsque
1403 1329 1466 1350 mea
1480 1324 1621 1359 expecte-

168 1362 224 1389 tur
237 1359 275 1391 ab
296 1361 411 1401 aliquo.
458 1361 524 1392 Hic
549 1363 760 1394 animadverto
783 1373 831 1394 me
857 1365 926 1394 odio
947 1363 1053 1393 haberi
1074 1363 1112 1392 ab
1139 1362 1286 1392 omnibus.
1333 1362 1460 1402 Tempus
1475 1366 1521 1393 est
1535 1363 1621 1394 abire

167 1402 251 1434 hinc.
296 1403 351 1434 Sic
365 1405 604 1436 commodissime
619 1416 721 1437 omnes
734 1415 844 1437 causas
863 1406 1025 1446 amputabo
1047 1405 1185 1436 amnibus
1200 1408 1230 1435 et
1245 1415 1292 1435 me
1306 1404 1362 1435 hac
1377 1405 1518 1445 opinione
1531 1406 1621 1443 salsa

167 1445 314 1484 liberabo,
325 1450 357 1478 et
371 1448 435 1478 illis
450 1447 742 1488 obsequutusfuero.
787 1449 943 1480 Permitte
956 1459 1002 1479 me
1017 1459 1069 1479 oro
1084 1449 1139 1478 hoc
1153 1449 1280 1483 evitare,
1294 1452 1421 1488 propter
1435 1450 1514 1488 quod
1523 1459 1621 1487 genus

167 1489 331 1520 mulierum
357 1490 564 1530 vituperatur.
610 1492 676 1524 ΡΑ.
702 1492 804 1527 Quam
828 1492 934 1523 beatus
955 1502 1021 1522 sum
1046 1491 1080 1522 in
1105 1491 1214 1522 ceteris
1234 1491 1323 1521 rebus
1345 1491 1496 1530 omnibus,
1510 1491 1621 1532 absque

168 1531 225 1562 hac
238 1541 301 1562 una
314 1542 348 1563 re
363 1537 461 1564 esset:
483 1543 556 1565 nam
567 1535 710 1574 quoniam
724 1538 856 1566 matrem
871 1539 934 1565 tam
946 1535 1109 1573 benignam
1122 1534 1226 1573 liabeo,
1237 1533 1317 1569 felix
1331 1544 1419 1564 sum:
1440 1535 1495 1565 sed
1508 1534 1620 1572 infelix

168 1583 297 1606 uxorem
311 1575 424 1607 habens
436 1577 599 1616 gravidam
610 1587 650 1608 ea:
664 1578 736 1609 alio.
782 1579 839 1610 So.
866 1579 990 1617 Quaeso,
1002 1578 1044 1608 mi
1057 1577 1234 1618 Pamphile,
1249 1587 1286 1608 ne
1298 1575 1356 1607 tibi
1368 1580 1402 1608 tu
1418 1577 1481 1617 ipse
1491 1587 1619 1617 persua-

770 1681 1013 1695 emuncto&

168 1757 265 1790 hibet
278 1766 340 1797 pro
354 1757 398 1798 gl.
420 1757 509 1789 Perl.
531 1768 609 1789 mox
635 1759 766 1791 satietas
792 1759 878 1791 GM.
903 1764 940 1791 et
965 1769 1026 1801 pro
1053 1759 1097 1800 gl.
1123 1759 1180 1790 ΒΓ.
1227 1759 1236 1776 ‘
1253 1760 1416 1790 Delemns
1435 1770 1618 1801 pronomen

166 1811 226 1840 me,
250 1811 294 1832 ex
310 1801 515 1832 auctoritate
532 1802 629 1832 Bem.
646 1806 681 1833 et
698 1804 830 1833 ratione
849 1802 990 1834 versus!
1012 1803 1069 1833 Fu.
1114 1806 1122 1819 ‘
1136 1802 1175 1833 In
1195 1803 1373 1833 veterrimo
1391 1809 1505 1834 nostro
1523 1804 1621 1835 deest

167 1854 236 1875 me:
259 1845 367 1875 ceteri
393 1844 544 1875 habent.’
569 1845 662 1876 Bent.
697 1846 752 1876 Me
776 1845 858 1877 GM.
885 1852 932 1881 et,
949 1855 1010 1886 pro
1040 1846 1083 1885 gl.
1109 1845 1258 1876 liin-19
1282 1846 1423 1885 Ipsorum
1446 1847 1561 1879 Guelf.
1586 1851 1617 1878 2.

167 1889 177 1904 ‘
189 1887 304 1928 Aliqui
316 1886 404 1926 libri,
418 1887 507 1917 inter
524 1898 607 1928 qnos
625 1888 721 1919 Bem.
740 1893 774 1919 et
791 1890 847 1920 alii
863 1889 1008 1930 antiqui,
1022 1888 1146 1920 liabent
1162 1891 1249 1919 mea.’
1273 1889 1331 1919 Fa.
1376 1891 1384 1906 ‘
1400 1889 1561 1931 Plerique
1576 1901 1613 1922 ex

169 1931 293 1961 nostris
309 1929 394 1961 mea!
417 1930 519 1960 Bent.
564 1930 633 1961 ‘At
657 1931 766 1962 minus
783 1932 904 1963 Latine
927 1932 1065 1963 videtur
1086 1941 1153 1962 mea
1177 1931 1398 1971 longinquitas,
1423 1942 1521 1972 quani
1544 1944 1617 1965 meu·

169 1972 298 2003 celatis)
321 1972 502 2003 Per1.-20
518 1973 695 2012 Longuitas
710 1975 752 2005 V.
769 1975 808 2006 C.
832 1976 926 2006 Lind.
966 1975 1039 2006 Nos
1065 1977 1219 2014 exspectet
1247 1975 1391 2015 legimus
1407 1985 1447 2006 ex
1466 1977 1613 2010 Donato,

170 2019 206 2046 et
221 2016 317 2046 Bem.
333 2015 382 2046 ita
397 2015 498 2045 etiam
515 2016 678 2056 scrIptum
695 2015 798 2048 fuisse
815 2017 848 2048 in
864 2018 958 2049 vict.
976 2018 1146 2058 conjicere
1162 2017 1245 2048 licet
1259 2027 1301 2048 ex
1329 2027 1458 2057 rasura,
1482 2019 1538 2050 ubi
1566 2029 1615 2050 re-

169 2059 281 2098 posita
296 2062 347 2089 est
363 2057 469 2088 dictio
485 2062 620 2098 exoptet.
647 2059 707 2090 Fa.
756 2061 874 2091 Nostri
891 2071 1007 2091 omnes
1023 2064 1158 2100 exoptet.
1183 2061 1285 2091 Bent.
1331 2061 1375 2091 Et
1392 2061 1439 2092 sic
1458 2061 1513 2092 ΒΓ.
1532 2063 1616 2093 Mss.

170 2110 286 2132 omues
312 2100 403 2140 apud
426 2101 536 2131 Boecl.
564 2106 599 2132 et
622 2102 777 2142 impressi
795 2108 873 2144 post
901 2104 974 2135 ΕΡ.
999 2106 1007 2121 ‘
1025 2108 1168 2144 praestat
1185 2107 1296 2133 autem
1312 2104 1489 2143 exspectet?
1511 2106 1617 2136 West.

170 2147 316 2184 exoptent
340 2143 525 2181 Argentor.
554 2148 643 2175 teste
672 2145 779 2176 Boecl.
814 2147 951 2177 Mortem
976 2149 1011 2177 ut
1037 2149 1192 2187 exspectet
1215 2146 1399 2177 Boiu—21
1425 2147 1615 2179 Immeritam

171 2187 341 2217 GM.—24
364 2186 435 2216 Hoc
460 2195 574 2217 onmes
599 2187 683 2218 Mss.
708 2190 880 2220 omittunt.
904 2190 1088 2221 Βακὰ-25
1112 2189 1237 2229 Absque
1262 2199 1323 2219 una
1345 2189 1409 2219 hoec
1423 2189 1526 2230 soret]
1560 2192 1617 2222 Sic

169 2234 205 2260 et
222 2229 330 2260 nostri
346 2229 482 2260 codices
499 2229 592 2268 Hoec,
615 2235 650 2261 et
678 2231 853 2270 Donatus;
877 2237 913 2263 nt
928 2232 1050 2272 Absque
1072 2231 1270 2263 adverbium
1295 2232 1351 2270 sit,
1377 2232 1502 2272 Absque
1519 2233 1619 2272 foret,

171 2271 319 2304 abesset.
365 2272 461 2303 Idem
480 2277 592 2303 tamen
606 2276 760 2313 agnoscit
775 2275 872 2305 aliam
890 2275 1083 2314 lectionem,
1099 2274 1221 2314 Absque
1235 2285 1295 2305 unu
1312 2275 1472 2313 boo-foret,
1489 2282 1525 2306 ut
1537 2278 1615 2307 Abs-

169 2325 225 2356 que
241 2314 285 2346 sit
301 2315 512 2355 praepositio.
548 2315 640 2347 Male
655 2322 767 2347 tamen
783 2319 950 2356 explicat,
970 2318 1050 2357 Una,
1076 2317 1110 2348 id
1132 2323 1194 2355 est,
1215 2318 1328 2348 Uarore.
1374 2318 1480 2349 Immo
1498 2320 1617 2351 Ceteris

168 2358 269 2397 rebus,
285 2358 396 2398 absque
408 2367 468 2388 una
482 2358 552 2397 hac,
574 2368 609 2389 re
625 2359 771 2391 scilicet.
816 2361 937 2401 Absque
952 2365 1030 2392 esset
1054 2370 1130 2392 cnm
1153 2360 1302 2391 ablativo
1319 2362 1442 2400 passim
1458 2361 1616 2393 obversa-

169 2406 236 2432 tur.
259 2401 367 2432 Porro
378 2410 437 2440 pro
453 2410 520 2430 sum
536 2401 608 2441 lege
624 2403 694 2432 sim.
713 2403 812 2434 Bent.
840 2404 964 2443 Absque
980 2414 1039 2434 una
1054 2403 1231 2441 hoecsoret:
1247 2403 1267 2434 i.
1282 2413 1311 2434 e.
1328 2405 1336 2420 ‘
1349 2405 1376 2434 si
1393 2404 1465 2435 haec
1482 2415 1547 2435 una
1564 2415 1616 2437 res

170 2442 329 2475 abesset?
372 2443 413 2474 In
430 2443 567 2474 Phorm.
586 2454 610 2475 1.
626 2447 656 2475 4.
677 2448 725 2476 ll.
750 2448 758 2462 ‘
773 2456 849 2477 nam
866 2447 993 2487 absque
1013 2458 1054 2477 νυ
1069 2446 1183 2477 esset!
1228 2446 1314 2476 Haec
1332 2447 1490 2487 loquendi
1507 2447 1616 2479 forma

169 2486 318 2518 nonnisi
340 2485 431 2526 apud
459 2486 608 2517 comicos
636 2489 816 2527 reperitur.
861 2489 943 2529 Ipsa
969 2491 1071 2520 etiam
1097 2490 1339 2529 praepositione
1363 2490 1474 2530 absque
1496 2492 1615 2522 comici

169 2531 230 2560 soli
245 2532 399 2567 utuntur,
423 2538 498 2570 quae
514 2538 579 2560 non
605 2529 736 2561 directe
759 2531 849 2572 apud
866 2541 922 2563 eos
938 2532 1005 2563 sine
1020 2532 1201 2573 significat,
1217 2532 1275 2562 sed
1295 2537 1424 2562 tantum
1442 2535 1617 2574 exceptio-

168 2581 246 2603 nem
258 2571 440 2613 quandam.
455 2581 486 2602 v.
502 2572 672 2603 Vni-stium
689 2573 730 2603 de
750 2575 888 2605 Latinit.
903 2576 1024 2606 merito
1040 2579 1199 2614 suspecta
1214 2584 1242 2606 c.
1257 2573 1301 2605 9.’
1326 2575 1421 2606 RD.
1436 2576 1504 2607 Sim
1517 2577 1617 2609 Both.

170 2616 293 2646 omisso
304 2615 372 2645 hac.
409 2615 478 2656 Ms,
495 2614 590 2655 Lips.
616 2616 654 2646 Si
668 2616 778 2656 absque
792 2627 853 2648 una
867 2618 925 2648 hac
941 2618 1041 2656 joret.
1085 2619 1215 2653 Juntae,
1231 2617 1352 2658 Aldus,
1365 2618 1438 2649 ste.
1462 2619 1614 2657 Fabrini,

171 2657 364 2694 ediderunt,
379 2657 500 2697 Absque
521 2667 583 2688 una
607 2659 671 2689 haec
686 2659 785 2696 soret.
829 2660 897 2691 Sed
917 2666 951 2691 et
966 2661 1016 2691 ita
1031 2661 1132 2691 estin
1150 2660 1193 2691 G.
1219 2660 1327 2692 West.
1356 2662 1452 2692 etsie
1470 2663 1615 2694 ssr.—:³.6

172 2700 274 2732 Hunc
291 2710 423 2731 versum
437 2701 603 2741 expungit
615 2703 790 2742 Gnyetus3
806 2703 878 2733 sine
890 2713 955 2744 quo
972 2713 1035 2734 nou
1054 2707 1190 2734 constat
1203 2713 1316 2734 sensns
1333 2703 1497 2735 dictorum
1516 2706 1615 2737 Pann-

171 2743 265 2784 phili,
288 2742 498 2776 fortunatum
522 2753 558 2775 se
580 2743 780 2786 judicantis,
804 2747 845 2777 de
861 2752 968 2778 matre
985 2752 1022 2778 et
1038 2756 1154 2786 uxore,
1178 2746 1241 2778 nisi
1267 2747 1354 2789 quod
1379 2748 1456 2780 huic
1476 2748 1615 2789 indigns:
