1966 3302
470 234 815 266 ADELPHORUM
850 234 960 266 Ac‘r.
985 235 1058 265 ιιι.
1089 234 1157 265 sc.
1179 234 1254 265 111.
1506 222 1594 264 719

152 333 255 385 Quo
276 333 408 386 pacto
427 329 628 380 haberet,
647 341 898 371 enarramus
919 329 1068 371 ordine
1087 343 1098 371 ε
1546 328 1600 368 11

153 400 278 443 Nihil
297 399 390 441 vidi
409 398 643 452 quicquam
663 398 827 438 laetius.
843 383 981 446 fiDE.
1010 397 1099 439 Pro
1118 397 1319 451 Jupiter!

154 468 364 510 Hominis
386 465 643 506 stultitiam!
702 465 788 507 SY.
820 464 1102 507 Collaudavit
1123 466 1284 506 filium:

155 536 284 585 Mihi,
303 534 380 588 qui
400 533 446 574 id
466 533 688 575 dedissem
709 533 952 582 consilium,
976 535 1064 587 egit
1083 534 1261 586 gratias.

154 603 245 644 DE.
277 603 552 655 Disrumpor.
613 601 696 642 SY.
729 600 972 653 Argentum
993 600 1298 641 annumeravit
1317 599 1438 640 illico
1455 612 1464 639 ε

155 670 294 711 Dedit
315 673 529 723 praeterea
548 668 592 709 in
613 673 820 717 sumtum,
843 667 1072 708 dimidium
1093 668 1222 708 minae
1240 682 1249 710 :

155 739 212 780 Id
235 738 511 779 distributum
533 749 641 777 sane
663 740 732 777 est
749 748 806 776 ex
828 737 1051 777 sententia.
1111 736 1204 776 DE.
1234 736 1351 777 Hem
1369 736 1378 776 !

156 806 279 847 Huic
302 803 500 853 mandes,
521 803 561 844 si
581 803 687 857 quid
708 806 823 843 recte
844 808 1043 844 curatum
1066 803 1188 845 velis.

157 873 240 914 SY.
272 871 413 912 Hem!
473 871 657 921 Demea,
675 871 793 911 haud
817 884 1076 925 aspexeram
1099 878 1153 911 te.
1215 870 1337 921 Quid
1358 871 1497 925 agitur
1509 873 1527 912 ‘2

157 940 249 982 DE.
281 939 402 990 Quid
433 939 610 994 agatur!
641 943 833 980 vostram
855 952 1024 992 nequeo
1044 939 1192 979 mirari
1213 941 1323 980 satis
1440 975 1462 997 ;-
1548 939 1606 980 :20

157 1007 410 1049 Rationem.
469 1006 551 1047 SY.
584 1005 665 1047 Est
685 1006 831 1047 hercle
852 1006 1016 1060 inepta,
1037 1020 1091 1047 ne
1112 1007 1259 1047 dicam
1280 1007 1399 1059 dolo,
1437 1023 1442 1038 ι’

157 1075 303 1130 Atque
324 1073 531 1116 absurda.
591 1074 749 1114 Pisces
771 1077 939 1115 ceteros
961 1087 1113 1131 purga,
1136 1074 1330 1115 Dromo:

158 1143 375 1196 Congrum
394 1143 527 1183 istum
546 1154 800 1183 maxumum
820 1141 866 1182 in
887 1131 1158 1195 aquasinito
1178 1141 1328 1183 ludere

160 1211 414 1264 Paulisper:
445 1209 524 1251 ubi
543 1222 624 1263 ego
645 1221 816 1257 venero,
837 1208 1143 1260 exossabitur3

160 1278 290 1319 Prius
329 1277 443 1318 nolo.
516 1276 606 1318 DE.
638 1276 854 1317 Haeccine
887 1276 1075 1329 flagitia!
1155 1276 1241 1318 SY.
1275 1275 1389 1317 Mihi
1425 1277 1605 1331 quidem

327 1357 416 1386 non
435 1343 614 1398 placent
631 1356 642 1396 ;
1556 1338 1617 1385 525

159 1466 266 1498 ordine
290 1467 439 1498 recitavi:
461 1467 613 1499 neminem
636 1476 804 1507 quenquam
825 1467 1006 1498 hilariorem
1021 1467 1074 1499 illo
1089 1467 1165 1499 eidi.
1211 1467 1281 1498 DE.
1308 1468 1393 1498 Proh
1406 1468 1546 1509 Jupiter,
1561 1469 1613 1499 ho·

158 1508 254 1540 minis
283 1509 460 1551 ineptiam!
501 1511 566 1542 SY.
590 1511 709 1541 Filium
731 1510 915 1540 AEschinum
938 1510 1077 1542 laudibus
1098 1514 1276 1551 prosecutus
1304 1514 1372 1541 est:
1393 1511 1469 1542 mihi
1491 1513 1543 1552 qui
1564 1509 1614 1542 illi

156 1552 330 1588 suasissem,
357 1553 482 1592 gratias
505 1553 572 1592 egit
605 1563 662 1593 pro
690 1553 828 1583 consilio.
878 1553 945 1583 DE.
983 1553 1090 1584 Animi
1121 1554 1302 1584 discrucior.
1347 1553 1409 1584 SY.
1447 1555 1615 1585 Pecuniam

158 1594 267 1625 statim
287 1597 482 1632 numeravit,-
512 1597 636 1635 insuper
649 1595 684 1626 in
698 1599 833 1626 sumtum
849 1594 1013 1626 dimidium
1028 1597 1118 1626 minae
1134 1597 1267 1636 largitus
1283 1600 1347 1628 est:
1368 1600 1474 1636 postea
1495 1598 1528 1628 id
1550 1598 1614 1627 dis-

157 1637 310 1676 partitum
332 1641 377 1669 est
398 1648 438 1669 ex
460 1639 616 1669 voluntate
641 1638 794 1670 AEschini.
839 1639 908 1668 DE.
931 1638 969 1669 Si
991 1640 1065 1678 quid
1086 1643 1168 1670 recte
1187 1642 1331 1679 paratum
1353 1649 1414 1670 esse
1430 1641 1544 1680 cupias,
1561 1641 1616 1670 hoc

160 1679 292 1720 officium
306 1682 418 1712 manda
432 1680 503 1711 huic
518 1680 609 1722 Syro.
654 1682 714 1712 SY.
739 1681 848 1719 Ehem,
870 1681 1003 1720 Demea,
1022 1692 1083 1712 non
1107 1685 1137 1712 te
1153 1682 1311 1713 videram:
1340 1683 1414 1722 quid
1430 1682 1498 1723 fit?
1542 1684 1615 1713 DE.

164 1722 249 1756 Quid
254 1722 320 1763 fiat
333 1726 448 1762 rogas?
468 1732 528 1754 non
540 1732 663 1764 possum
677 1723 757 1754 satis
771 1722 881 1753 mirari
896 1727 1031 1754 vestrum
1047 1725 1160 1763 agendi
1175 1735 1299 1756 morem.
1341 1725 1403 1755 SY.
1427 1726 1487 1756 Est
1500 1725 1616 1756 meher-

236 1764 461 1805 inconveniens,
475 1775 514 1797 ne
529 1766 675 1805 mentiar,
686 1769 716 1797 et
731 1766 864 1806 ineptus.
909 1766 1016 1797 Pisces
1029 1771 1145 1798 ceteros
1157 1767 1298 1798 sordibus
1311 1776 1463 1807 expurga,
1475 1769 1591 1799 Dromo
1599 1779 1611 1805 ,-

158 1816 308 1846 congrum
321 1808 417 1840 istum
430 1809 601 1840 maximum
615 1809 647 1839 in
663 1819 742 1848 aqua
753 1809 818 1840 sine
830 1809 988 1849 paulisper
999 1810 1145 1849 spatiari,
1158 1814 1188 1841 et
1202 1810 1343 1841 subsilire
1354 1820 1364 1840 .·
1384 1814 1546 1851 postquam
1560 1821 1616 1850 ego

159 1859 282 1891 venero,
297 1860 364 1883 ossa
375 1851 405 1883 ei
418 1851 633 1883 detrahentur.
678 1852 775 1882 Prius
802 1853 870 1882 nolo
892 1861 960 1883 eum
980 1854 1123 1892 purgari.
1169 1854 1235 1885 DE,
1258 1853 1377 1884 Haecne
1387 1853 1522 1895 flagitia
1536 1854 1616 1895 fieri

773 1945 893 1958 etto-n

163 2008 271 2040 nostri
286 2019 414 2042 omnes.
438 2011 536 2042 Bent.
581 2011 637 2043 Ita
663 2012 724 2042 ΒΓ.
752 2012 858 2043 Both.
888 2013 965 2053 Bip.
994 2014 1089 2045 Perl.
1117 2018 1152 2045 et
1178 2014 1306 2055 Delph.
1322 2025 1397 2056 quae
1414 2015 1501 2046 hunc
1518 2025 1566 2046 vs.
1581 2015 1616 2046 in

164 2052 248 2099 duos
265 2057 402 2101 separat
417 2052 538 2085 finiens
554 2055 701 2094 priorem
719 2055 822 2086 verbo
835 2055 922 2086 velle.
971 2057 1103 2088 Omnem
1127 2067 1192 2088 rem
1216 2068 1337 2089 novam
1364 2058 1509 2089 scenam
1535 2058 1618 2090 inci-

164 2099 264 2167 ffi}
279 2095 790 2180 223⁰2P·13{13.3P·1.{}2513212“.
802 2097 1618 2175 ‘1³25¹23..34⁰3?{‚5.⁵.‡..3‚;;.z.¹.¹,03;‘u;0⁸.5,s:;

163 2188 242 2219 pars
253 2181 464 2212 enarravimus
476 2181 637 2213 exhibet.’
655 2183 836 2213 West.-12
850 2183 953 2214 Bent.
968 2185 1045 2225 Bip.
1059 2185 1187 2226 Delph.
1212 2186 1271 2216 Nil
1285 2186 1443 2227 quicquam
1455 2187 1618 2218 vidi.—l4

168 2221 233 2256 Qui
247 2221 281 2253 id
296 2223 445 2254 dedissem
455 2224 627 2255 consilium.
671 2224 778 2256 Varie
794 2225 867 2256 haec
884 2226 1057 2266 leguntur,
1081 2233 1129 2267 et,
1149 2229 1200 2269 qui
1221 2230 1381 2269 dedissem,
1404 2233 1439 2260 et
1454 2230 1506 2270 qui
1520 2230 1618 2260 consi-

165 2264 243 2295 lium
254 2265 414 2297 dedissem.
439 2267 548 2299 West.
589 2267 707 2298 Nostri
722 2277 838 2298 omues
854 2269 906 2309 quz'
922 2270 955 2299 id
970 2271 1000 2301 d.
1023 2270 1127 2302 Bent.
1165 2272 1221 2302 Ita
1237 2278 1273 2304 et
1284 2272 1381 2303 Bem.
1398 2273 1477 2303 Bas.
1502 2273 1620 2303 Consili

165 2306 268 2338 Both.
315 2307 424 2339 Abest
438 2309 471 2341 id
487 2308 604 2341 Guelf.
620 2312 737 2341 2.—15
763 2311 847 2341 Mss.
871 2312 1021 2351 quidam,
1046 2314 1246 2346 enumeravit.
1290 2313 1404 2356 Atque
1430 2316 1479 2346 ita
1505 2320 1559 2346 est
1586 2316 1619 2345 iu

165 2348 239 2381 EA.
254 2350 320 2380 ET.
337 2354 372 2382 et
386 2351 540 2384 Venetis.
567 2352 755 2384 West.——16
778 2353 955 2386 Insumtum
969 2355 1116 2387 Br.-20
1140 2357 1182 2388 In
1201 2358 1361 2398 plusculis
1378 2358 1477 2389 codd.
1494 2359 1619 2397 repeti-

166 2396 233 2431 tur,
250 2392 334 2428 Quid
347 2394 477 2433 agitur?
500 2395 588 2436 quod
602 2396 766 2426 morosius
784 2396 933 2436 videtur,
948 2402 984 2429 et
998 2399 1139 2430 Demeae
1156 2401 1260 2440 magis
1275 2401 1490 2432 conveniens.
1518 2401 1618 2432 Wese.

167 2435 286 2474 Agitur
301 2435 417 2468 Guelf.
433 2440 463 2467 1.
480 2440 596 2469 3.-21
622 2438 725 2470 Bent.
741 2448 779 2470 ne
792 2439 893 2470 dicam
906 2440 986 2480 dolo,
1001 2446 1105 2482 atque.
1126 2442 1230 2474 Both.
1247 2453 1283 2474 ne
1298 2445 1330 2475 d.
1346 2444 1424 2483 dolo,
1440 2448 1482 2475 et.
1500 2443 1620 2475 Guelf.

166 2479 198 2508 2.
213 2478 396 2509 dolos.—23
419 2480 491 2511 ΕΡ.
516 2481 674 2520 Congrum
688 2484 858 2527 verm—24
875 2483 917 2514 In
932 2484 1100 2515 Bembino
1117 2495 1178 2526 pro
1193 2486 1358 2526 Paulisper
1374 2492 1427 2518 est
1446 2487 1622 2526 Tantisper,

167 2520 318 2560 quamvis
335 2520 457 2553 deiude
473 2527 641 2554 mutatum
663 2524 697 2554 in
727 2525 904 2565 Paulisper.
929 2525 990 2556 sed
1017 2527 1196 2559 retinendo
1225 2529 1397 2570 antiquam
1425 2530 1621 2569 lectionem,

170 2561 334 2603 Tantisper
349 2564 503 2596 absolute
519 2566 678 2606 ponitur:
703 2566 863 2608 idemque
885 2573 937 2598 est
952 2569 1055 2610 quod,
1072 2570 1203 2602 interea
1219 2581 1227 2602 :
1251 2581 1331 2603 saue
1347 2572 1380 2602 in
1397 2573 1516 2603 eodem
1534 2572 1619 2602 libro

166 2613 229 2644 pro
243 2615 362 2645 venero,
377 2612 431 2638 est
444 2608 564 2639 rediero
577 2619 587 2639 .·
609 2608 696 2650 quod
714 2614 749 2640 et
763 2612 873 2650 ipsum
891 2611 1016 2650 placet.
1053 2613 1114 2644 Fa.
1163 2614 1337 2654 Tantisper,
1352 2615 1403 2646 ubi
1418 2625 1474 2654 ego
1489 2615 1620 2653 rediero,

168 2656 249 2679 exos.
273 2648 329 2679 Sic
344 2649 441 2681 dedit
456 2652 516 2682 Fa.
540 2651 658 2683 Nostri
674 2661 788 2683 omnes
804 2653 979 2694 Paulisper,
995 2658 1030 2686 et
1045 2665 1167 2688 venero.
1192 2657 1383 2698 Utrumque
1400 2662 1504 2689 recte.
1531 2659 1619 2688 Nam

169 2694 205 2721 et
218 2691 384 2732 Tantisper
399 2702 563 2735 nusquam
582 2695 664 2725 alias
681 2694 857 2726 absolute:
873 2701 908 2727 et
921 2698 1024 2738 Syrus
1038 2707 1146 2730 venero
1163 2699 1267 2738 diem
1283 2700 1444 2741 quiajam
1460 2700 1492 2730 in
1509 2700 1621 2731 Scena

169 2732 240 2780 sive
256 2733 290 2782 in
307 2733 430 2766 Platea
445 2741 510 2773 est,
535 2741 571 2768 et
586 2737 732 2768 nondum
749 2738 884 2769 domum
901 2744 1054 2772 venerat.
1087 2741 1212 2783 Coquis
1235 2742 1308 2774 haec
1337 2743 1516 2784 praecipit3
1540 2742 1619 2773 dum

168 2784 242 2815 ipse
257 2785 291 2806 m
303 2776 415 2810 Scena
430 2784 592 2812 moratur.
639 2780 744 2812 Certe
767 2781 888 2812 rediero
913 2781 1023 2814 locum
1049 2783 1105 2815 hic
1127 2794 1191 2815 non
1215 2785 1339 2823 habet;
1363 2786 1427 2816 nisi
1451 2786 1523 2826 jam
1541 2785 1618 2816 inde
