1966 3302
481 238 793 269 PHoRmoNJs
827 238 932 268 Aer.
969 240 1019 268 11.
1050 239 1117 269 sc.
1152 240 1223 268 ιιι.
1497 230 1582 270 959

127 331 244 371 Nam
264 332 310 371 ni
330 331 392 372 ita
412 344 510 372 eum
529 332 888 382 existumassem,
909 346 1131 386 nunquam
1153 339 1244 374 tam
1266 344 1424 384 graves

125 397 195 437 Ob
215 398 326 439 hanc
346 398 601 440 inimicitias
624 412 826 452 caperem
847 401 893 440 in
915 405 1106 441 nostram
1127 400 1361 449 familiam,

127 464 277 515 Quam
297 467 336 506 is
358 471 618 519 aspernatur
639 480 750 507 nunc
772 471 859 507 tam
880 468 1168 509 illiberaliter.

128 531 216 573 GE.
250 533 421 586 Pergi'n'
439 534 539 574 hero
560 534 733 574 absenti
754 535 869 575 male
889 535 1027 588 loqui,
1047 535 1377 589 impurissime?
1523 535 1582 576 25

126 597 284 641 PHOR.
317 601 510 653 Dignum
548 605 693 642 autem
726 602 811 642 hoc
848 603 925 643 illo
963 609 1045 643 est.
1106 602 1195 644 GE.
1228 601 1330 643 Ain’
1365 603 1541 644 taudem
1559 603 1578 642 ’ἒ

298 667 484 710 Carcer!
546 668 636 709 Du.
669 668 800 709 Geta.

126 735 216 776 GE.
248 735 468 776 Bonorum
489 740 703 785 extortor,
723 736 871 788 legum
891 740 1134 777 contortor.
1195 735 1287 777 DE.
1317 735 1449 777 Geta.

126 803 285 843 PHoR.
307 802 566 855 Responde.
609 801 699 843 GE.
723 801 839 852 Quis
859 803 992 844 homo
1014 805 1113 844 est‘?
1133 804 1260 844 ehem
1281 805 1289 844 !
1336 805 1426 845 DE.
1448 805 1580 847 Tace.

298 869 388 911 GE.
418 869 607 910 Absenti
629 869 711 910 tibi

125 936 190 977 Te
210 936 430 989 indignas,
452 949 587 990 seque
609 936 781 989 dignas,
797 938 1090 979 contumelias

123 1063 200 1092 esse,
224 1063 379 1095 nunquam
394 1058 457 1086 tarn
472 1056 613 1086 molestas
626 1055 809 1087 inimicitias
823 1060 931 1088 contra
937 1057 1095 1096 familiam
1112 1061 1256 1095 vestram,
1279 1067 1367 1097 quam
1382 1058 1410 1088 is
1426 1058 1582 1097 Demipho

123 1105 202 1127 nunc
217 1099 283 1127 tam
295 1096 456 1137 vilisacit,
471 1099 679 1139 suscepissem.
726 1099 794 1130 GE.
820 1100 1046 1130 Perseverasne
1069 1100 1141 1130 hero
1161 1100 1347 1139 Demiphoni
1361 1100 1480 1131 absenti
1502 1102 1583 1131 male

123 1138 237 1176 dicere,
263 1140 499 1171 scelestissime?
544 1141 616 1171 Pa.
642 1141 706 1171 His
729 1142 902 1172 maledictis
920 1142 973 1173 ille
990 1142 1103 1181 diguus
1119 1145 1178 1173 est.
1225 1144 1293 1174 DE.
1317 1143 1415 1173 Aisne
1429 1143 1516 1173 illum
1532 1143 1582 1173 his

123 1180 252 1219 dignum
263 1191 328 1213 esse
338 1182 523 1221 maledictis,
535 1194 552 1213 o
563 1184 662 1222 homo,
674 1193 795 1214 carcere
803 1189 950 1224 perpetuo
962 1185 1163 1221 dignissime?
1187 1184 1332 1216 bonorum
1346 1190 1465 1225 raptor,
1477 1187 1581 1224 legum

119 1223 331 1264 perturbator,
358 1228 388 1255 et
414 1229 586 1265 corruptor.
634 1227 704 1256 DE.
740 1227 834 1258 Geta.
878 1228 949 1258 PH.
989 1228 1161 1267 Responde.
1206 1227 1272 1258 GE.
1299 1228 1362 1262 Qui
1393 1238 1440 1258 me
1468 1231 1556 1258 vocat
1570 1232 1583 1258 ‚⁹

124 1265 219 1298 ehem.
250 1267 317 1298 DE.
341 1266 416 1299 Sile.
454 1268 522 1299 GE.
545 1268 612 1299 Hic
625 1268 713 1299 homo
728 1278 788 1300 non
803 1270 917 1301 desivit
929 1269 1018 1301 hodie
1032 1270 1152 1302 absenti
1167 1269 1226 1300 tibi
1240 1271 1378 1301 convitia
1390 1274 1420 1301 te
1435 1271 1581 1310 indigna,

734 1364 835 1376 oetae-

124 1426 316 1461 corruptus,
331 1422 372 1453 de
388 1433 454 1464 quo
470 1423 538 1455 vid.
553 1424 656 1457 Bent.
673 1425 901 1465 conjecturas.
925 1426 968 1456 R.
982 1426 1028 1456 D.
1077 1426 1192 1457 Videas
1207 1428 1248 1463 le,
1262 1424 1332 1464 lisa]
1358 1425 1457 1456 Hunc
1475 1425 1494 1456 1.
1513 1435 1580 1456 non

123 1463 176 1494 ita
196 1470 396 1505 corruptum
422 1466 525 1497 Bent.
546 1472 582 1497 et
605 1467 648 1498 al.
674 1469 852 1506 intactum,
868 1468 1000 1508 opinor,
1015 1469 1135 1498 melius
1161 1468 1370 1507 reliquisset.
1394 1469 1480 1498 Perl.
1524 1469 1580 1499 Vi-

122 1506 208 1544 deas,
220 1512 250 1538 te
264 1508 332 1548 Syia]
357 1508 401 1540 H.
418 1518 448 1539 e.
464 1508 554 1547 vide,
571 1514 608 1540 ut
624 1510 666 1540 de
689 1515 724 1541 te
746 1516 849 1551 atque
866 1511 924 1541 illo
941 1511 1108 1541 mentiris.
1154 1511 1264 1549 Vulgo
1289 1510 1367 1540 inde
1384 1520 1403 1540 a
1419 1511 1482 1540 Do.
1507 1520 1579 1541 cor-

123 1553 225 1589 rupte
240 1550 494 1590 conjunguntur
516 1551 630 1583 Videas
648 1556 679 1583 te
703 1557 794 1593 atque
810 1554 912 1593 illum,
928 1553 1035 1584 divisa
1052 1563 1071 1583 a
1086 1552 1211 1591 verbis,
1224 1556 1259 1583 ut
1283 1563 1405 1584 narras.
1451 1553 1543 1584 Hinc
1561 1563 1580 1584 a

124 1591 277 1628 Donato,
293 1594 415 1624 mentis
433 1594 580 1633 incerto,
596 1595 680 1625 mire
696 1596 829 1626 variant
846 1596 957 1635 intpp.
974 1596 1007 1626 in
1032 1606 1134 1626 seusu
1157 1596 1320 1631 eruendo,
1335 1605 1581 1636 nugarumque,

123 1637 162 1664 nt
186 1633 236 1665 ait
264 1635 374 1666 Boecl.
402 1636 502 1675 plena
519 1641 598 1667 sunt
621 1638 744 1669 omnia.
769 1638 847 1678 Bip.
894 1638 960 1669 Iin
975 1649 1017 1669 m.
1044 1638 1086 1677 c.]
1108 1639 1163 1669 Ita
1188 1639 1285 1668 Rem.
1309 1647 1408 1678 quem
1427 1648 1502 1668 cum
1522 1639 1580 1670 Er.

124 1680 160 1706 et
174 1676 275 1708 Bent.
299 1678 472 1718 sequimur
496 1679 608 1719 potius
632 1690 734 1720 quarn
752 1681 815 1711 Do.
838 1680 907 1721 qui,
925 1682 1047 1712 omisso
1064 1682 1096 1719 I,
1111 1680 1350 1711 adverbialiter
1373 1680 1501 1711 dictum
1519 1691 1580 1720 pu-

123 1719 304 1751 tatinmal.
331 1730 376 1751 cr.
421 1720 491 1752 Alii
518 1722 663 1761 legendo
689 1723 751 1754 Abi
777 1724 821 1763 in,
843 1725 895 1764 &a
919 1733 1052 1754 versum
1081 1723 1326 1755 contaminant.
1374 1724 1491 1754 Eadem
1517 1725 1580 1755 Ed.

123 1759 187 1791 Aln·
198 1761 233 1792 in
249 1761 375 1802 Delph.
420 1763 488 1794 Iin
514 1765 607 1796 Perl.
643 1765 707 1795 Abi
734 1766 805 1796 hinc
821 1766 854 1796 in
872 1767 931 1797 Br.
975 1767 1017 1797 In
1038 1768 1149 1796 malam
1171 1775 1290 1796 erucem
1315 1765 1409 1796 delet
1425 1766 1526 1796 Both.
1544 1772 1580 1797 et

122 1803 181 1834 dat
193 1807 229 1834 ut
242 1814 353 1835 narras
365 1804 380 1836 Ι
401 1805 478 1837 abi!
515 1806 587 1839 ΡΗ.
614 1808 697 1838 Nam
708 1808 741 1839 ni
755 1808 803 1838 ita
818 1818 886 1840 eum-
904 1808 908 1848 l
931 1810 1189 1848 Existumassem,
1203 1818 1234 1838 n.
1250 1812 1273 1838 t.
1288 1818 1322 1846 g.
1337 1808 1372 1838 ob
1387 1808 1465 1838 hanc
1485 1807 1488 1850 Ι
1515 1810 1581 1847 Ego

120 1845 207 1876 inim.
222 1847 363 1886 &en—22
385 1848 483 1880 Bem.
505 1848 538 1879 in
560 1854 726 1881 contextu
741 1851 858 1889 habet,
874 1853 960 1882 Nam
974 1852 1007 1882 ni
1028 1861 1097 1882 eum
1118 1862 1182 1882 esse
1204 1851 1427 1881 existimassem
1438 1861 1450 1887 ;
1473 1861 1579 1891 expo-

123 1897 241 1919 nemus
266 1895 378 1921 autem
397 1895 406 1908 '
423 1891 523 1930 eum,'
548 1902 623 1932 pro,
639 1893 824 1933 ejusmodi3
850 1904 957 1935 eaque
982 1894 1100 1932 dictio,
1124 1894 1156 1924 iu
1182 1903 1283 1924 unam
1309 1893 1472 1933 syllabam
1500 1904 1580 1924 con-

121 1935 245 1971 tracta,
272 1932 304 1962 in
331 1933 506 1964 scansione
530 1938 606 1966 tota
628 1936 786 1966 elidetur.
829 1936 919 1979 33⁴¹ss
948 1937 1103 1967 Donatus
1126 1936 1222 1975 legit,
1243 1936 1465 1973 existimarem,
1489 1937 1580 1977 quod

121 1974 226 2014 magis
242 1974 377 2007 videtur
389 1977 571 2008 convenire
584 1988 659 2009 cum
673 1989 822 2019 caperem.
840 1980 984 2010 Fa.-23
1009 1979 1191 2009 Grassatur
1204 1978 1260 2009 hic
1276 1978 1367 2018 Guy.
1383 1979 1513 2018 legens,
1532 1980 1581 2009 Ob

121 2015 214 2056 hune,
230 2021 267 2048 et
283 2027 374 2056 mox,
393 2019 492 2053 Quem
504 2019 531 2050 is
553 2025 747 2061 aspernatur,
763 2022 958 2062 intelligens
987 2022 1218 2061 Stilphonem;
1242 2021 1300 2051 sed
1326 2027 1452 2059 praeter
1469 2021 1578 2053 Codd.

122 2057 235 2089 fidem.
279 2060 458 2091 Praeterea
473 2071 539 2092 non
555 2063 767 2103 Stilphonem
786 2065 1034 2104 aspernabatur
1051 2064 1231 2104 Demipho,
1249 2063 1308 2094 sed
1325 2064 1505 2100 Phanium,
1522 2074 1581 2095 no-

122 2100 192 2131 lens
208 2110 281 2132 eam
298 2112 376 2133 cum
398 2102 469 2134 filio
490 2110 630 2144 nuptam
653 2116 756 2137 unum
783 2107 884 2137 diem.
932 2108 1041 2138 Porro
1064 2107 1157 2137 delet
1181 2106 1271 2146 Guy.
1290 2115 1425 2136 versum
1442 2109 1493 2137 22.
1511 2116 1580 2147 quo

121 2142 196 2183 ipso
211 2145 319 2175 omnis
336 2145 386 2175 vis
403 2145 610 2186 indignantis
629 2148 842 2180 Phormionis
867 2150 968 2189 perit.
1013 2149 1081 2180 Sed
1098 2154 1133 2180 et
1149 2158 1249 2179 versu
1266 2151 1318 2178 50.
1341 2149 1438 2188 legit,
1455 2150 1580 2188 Cogna-

121 2188 172 2216 tus
186 2186 214 2217 is
229 2191 318 2225 esset,
335 2197 408 2227 pro,
425 2189 566 2228 Cognata
582 2200 617 2220 ea
632 2194 724 2223 esset.
770 2191 915 2223 Codices
944 2191 1078 2232 quidam
1097 2190 1298 2231 praeferunt,
1314 2191 1347 2221 in
1369 2194 1505 2222 vostram
1523 2192 1580 2229 fa-

122 2228 251 2260 miliam.
274 2229 381 2262 West.
404 2230 477 2262 Aut
504 2241 546 2262 ex
562 2233 570 2249 ‘
589 2233 725 2272 gravis‚'
753 2233 910 2265 elidendo
926 2244 952 2273 8,
969 2236 978 2251 ‘
997 2234 1078 2274 Ob,'
1100 2244 1174 2274 quae
1203 2234 1313 2273 prima
1338 2234 1436 2273 hujus
1464 2244 1580 2265 versus

121 2274 174 2301 est
197 2271 339 2312 syllaba,
361 2273 571 2313 praecedenti
600 2277 710 2306 versui
736 2277 955 2316 adjungitur:
987 2281 1046 2307 aut
1072 2276 1216 2307 scandat
1242 2276 1329 2306 hunc.
1353 2286 1499 2316 versum,
1523 2277 1581 2317 qui

121 2313 240 2344 melius
258 2315 365 2346 sciat:
390 2326 453 2355 ego
470 2326 524 2347 me
540 2318 673 2348 nescire
688 2318 866 2350 confiteor.
912 2318 1029 2360 Aliqui
1044 2319 1123 2349 libri
1145 2322 1234 2357 sunt,
1250 2319 1306 2359 qui
1323 2318 1449 2349 liabent
1464 2320 1497 2349 in
1513 2329 1581 2350 ves-

122 2358 216 2387 tram.
262 2356 317 2388 Ita
333 2362 368 2388 et
384 2358 583 2399 Bembinas,
602 2360 685 2391 licet
701 2371 763 2401 per
779 2372 806 2391 ο.
834 2362 934 2393 Quod
954 2371 1035 2392 vero
1051 2362 1215 2403 sequitur,
1232 2361 1334 2395 Quam
1350 2361 1378 2391 is
1393 2365 1579 2401 aspernatur

121 2406 202 2428 nunc
222 2401 287 2429 tam
309 2400 514 2441 illiberaliter,
528 2400 566 2432 τὸ
598 2403 700 2438 Quam
725 2404 766 2435 ad
795 2405 940 2443 puellam
971 2403 1092 2435 referri
1116 2405 1274 2435 Donatus
1298 2402 1457 2434 affirmat.
1505 2405 1580 2435 Erit

123 2449 206 2480 ergo
232 2441 336 2473 ordo:
384 2442 440 2473 Ob
469 2443 556 2474 hanc
582 2454 681 2485 quam
712 2446 740 2477 is
763 2451 974 2487 aspernatur.
1002 2447 1060 2477 Fa.
1108 2446 1226 2478 Nostri
1250 2446 1405 2486 plerique
1428 2450 1579 2485 nostram,

122 2491 190 2513 non
215 2487 364 2515 vostram.
407 2486 417 2503 ‘
438 2485 556 2517 Hanc’
574 2492 687 2517 autem
714 2489 911 2528 corripitur,
924 2498 1085 2519 concessa
1112 2489 1144 2519 in
1169 2488 1257 2529 pede
1280 2489 1388 2528 primo
1416 2488 1577 2519 licentia:

123 2529 159 2555 et
174 2525 225 2556 sie
241 2526 376 2557 FaErno
404 2529 485 2558 satis
511 2528 583 2560 fiet.
610 2530 704 2562 Bent.
755 2532 899 2562 Vostrum
922 2531 1078 2562 defendit
1102 2532 1179 2571 Bip.
1205 2536 1239 2561 et
1256 2530 1315 2561 dat
1331 2540 1406 2560 cum
1424 2531 1528 2562 Bent.
1543 2537 1579 2562 et

122 2567 315 2600 Eoum—24
338 2570 372 2600 Is
387 2570 542 2610 Demipho
556 2576 742 2611 aspernatur
757 2574 840 2604 Wit.
863 2573 966 2605 West.
1005 2574 1128 2609 Quam:
1151 2573 1294 2604 subaud.
1321 2574 1386 2603 Do.
1408 2573 1578 2612 puellam:

121 2614 230 2641 recte.
274 2610 323 2642 At
337 2612 428 2652 Guy.
447 2613 558 2651 Quem,
581 2613 675 2646 falso,
700 2616 784 2646 Perl.
818 2616 893 2646 Tam
907 2616 1017 2646 nescit
1046 2617 1188 2646 {sn—25
1213 2616 1348 2646 Absente
1363 2615 1486 2646 Boend.
1505 2616 1580 2647 ΕΡ.

126 2651 199 2682 ΕΑ.
227 2653 328 2684 West.
352 2654 407 2685 Sic
425 2655 598 2687 GM.—26
623 2657 754 2688 Carcere
770 2658 867 2688 Bodl.
890 2658 934 2690 G.
949 2659 1031 2689 Wit.
1047 2659 1118 2689 EP.
1146 2659 1240 2688 West.
1265 2658 1399 2688 Tandem
1415 2664 1450 2688 et
1467 2659 1579 2688 versui

123 2692 241 2730 officit,
257 2700 292 2727 et
307 2697 503 2728 sententiae.
548 2699 702 2739 Repone,
718 2700 785 2730 Ain
798 2704 913 2738 tamen,
929 2699 1057 2732 carcer?
1083 2701 1185 2731 Bent.
1230 2701 1286 2731 Sic
1310 2700 1368 2731 (lat
1385 2700 1463 2740 Bip.
1508 2700 1579 2731 Hoc

125 2736 218 2768 delet
232 2738 292 2770 Br.
320 2744 355 2770 et
372 2740 430 2770 dat
453 2744 672 2772 carcere—2?
698 2742 758 2773 Pr.
777 2743 864 2774 Inst.
888 2743 1007 2774 Grani.
1026 2743 1084 2773 lib.
1101 2752 1155 2774 lx.
1181 2743 1339 2773 Bonorum
1354 2746 1520 2782 contortor,
1535 2744 1577 2772 le-

121 2788 198 2817 gum
223 2780 385 2814 distortor.
408 2783 605 2814 &Veste—28
632 2783 729 2815 Ehem
745 2785 823 2826 Rip.
842 2786 1032 2817 Both—29
1055 2786 1206 2825 Indignas
1229 2795 1288 2826 pro
1303 2786 1416 2824 dignas
1433 2785 1577 2816 Br.-3ss
