1966 3302
280 222 365 264 7⁴38
775 233 814 261 P.
846 229 1086 260 ‘rssRssNTn
1122 229 1237 259 Arni

282 326 425 377 Quasi
447 340 491 368 re
514 327 626 367 bene
647 329 783 379 gesta.
843 324 928 365 SY.
958 324 1075 364 Sane
1092 323 1252 364 nollem
1274 322 1361 364 huc
1382 323 1565 364 exitum,

284 416 361 469 ta'ta.
406 436 468 468 ΞΥ.
495 437 588 467 Certe
603 435 716 466 nollem
730 435 789 465 huc
801 443 841 465 ex
855 433 973 464 aedihus
986 432 1147 474 prodiisse.

888 528 1105 540 ‘’emt“
1110 528 1130 539 o

284 599 458 639 dunensis,
483 596 715 636 Flaminiana,
751 596 898 627 Davent.
923 594 1010 625 aliae.
1040 592 1221 625 Accedunt
1249 591 1474 633 Augustinus·
1489 589 1740 623 Gambarellius

283 645 317 676 in
347 641 654 674 observationibus
684 640 718 670 in
746 638 957 677 Tei-entium,
986 641 1023 669 et
1051 637 1128 670 Jac.
1171 635 1297 667 Tollius
1328 634 1371 666 ad
1396 634 1524 666 Auson.
1547 634 1624 665 Ecl.
1655 643 1738 666 xxx.

286 688 411 719 Paucae
436 685 624 717 editionum
641 684 794 714 veterum
818 680 1021 721 praeferunt,
1035 678 1179 719 potastis,
1194 687 1294 720 quam
1319 677 1503 709 lectionem
1523 676 1645 717 nuperi
1667 678 1741 718 qui-

283 731 360 761 dam
377 729 526 760 editores
544 726 678 758 imitati.
724 723 769 755 Et
786 723 923 754 videtui·
947 723 1078 753 sanein
1106 722 1273 754 nonnullis
1289 721 1474 752 Codicibus
1499 719 1652 760 repetita
1678 729 1742 761 per

284 782 435 804 errorem
460 771 568 812 prima
585 769 617 800 in
638 770 683 808 τῷ
707 768 716 785 ‘
734 767 844 797 scelus
858 765 867 780 ’
884 767 997 804 litera,
1012 769 1114 806 atque
1144 765 1229 795 adeo
1253 774 1295 796 ex
1320 763 1439 804 potasti
1452 762 1578 794 factum
1596 763 1743 803 potastis.

284 817 404 857 Syrum
422 818 517 845 certe
533 812 669 854 quidem
687 811 836 841 molliter
852 819 924 840 sese
940 817 1088 848 curasse,
1102 818 1144 839 ex
1161 809 1234 848 ipso
1252 807 1431 838 audiverat
1446 806 1592 845 Demea,
1604 805 1646 836 de
1662 814 1743 836 con·

285 859 392 889 servis
410 857 532 888 ceteris
557 855 638 885 nihil
656 853 847 884 audiverat.
894 852 1016 893 Neque
1041 860 1156 891 porro,
1172 850 1199 881 si
1213 851 1348 890 potastis
1363 849 1519 888 dixisset,
1533 857 1599 880 non
1615 847 1741 879 adden-

286 902 365 932 dum
382 900 506 937 fuerat,
521 899 629 936 scelus,
646 897 718 936 sed,
731 895 864 927 scelesti.
902 895 966 926 Do.
983 899 1095 925 tamen
1117 894 1249 934 potastis
1264 893 1361 932 legit,
1376 892 1466 934 quod
1482 895 1596 923 tuetur
1613 891 1743 922 Rivius.

291 945 389 977 West.
428 942 555 973 Potasti
568 940 675 971 scelus.
701 939 757 971 Sic
775 939 833 969 Fa.
859 942 895 969 et
919 938 967 969 sic
994 937 1098 969 nostri
1114 945 1240 968 omnes.
1287 935 1447 967 Donatus
1464 939 1579 966 tamen
1602 933 1743 974 legebat
1776 958 1779 961 .

281 986 438 1029 potastis;
461 990 497 1016 et
520 983 687 1024 explicat,
702 983 711 1000 ‘
723 980 884 1013 Oratorie
906 981 916 999 ‘
930 980 1074 1021 potastis
1086 978 1096 991 '
1121 979 1220 1015 dicit,
1236 988 1312 1010 cum
1335 987 1439 1009 unum
1455 977 1584 1009 ebrium
1601 975 1746 1009 cernat!

285 1031 437 1062 Frustra.
484 1027 596 1058 Haesit
611 1026 645 1056 in
663 1026 734 1066 ejus
758 1024 943 1065 exemplari
963 1034 979 1055 s
1005 1033 1048 1055 ex
1064 1022 1169 1054 verbo
1185 1021 1351 1063 sequenti.
1375 1021 1474 1052 Bent.
1509 1019 1568 1050 ΒΓ.
1583 1019 1682 1061 legit,
1697 1029 1745 1050 se-

286 1075 394 1105 datum
410 1075 455 1102 est
468 1070 546 1102 satis
557 1069 686 1110 potasti.
730 1068 835 1099 Scelus
852 1066 952 1103 Quasi
965 1076 1010 1099 re.
1034 1067 1074 1098 Z.
1087 1065 1220 1107 potastis
1233 1064 1434 1096 habete—13
1461 1062 1582 1095 Nollem
1595 1062 1654 1094 huc
1675 1063 1745 1094 exi-

286 1120 365 1148 tum.
390 1115 445 1146 Ita
466 1113 551 1154 legit
573 1112 675 1143 etiam
694 1112 761 1143 Do.
777 1110 819 1142 ad
836 1109 925 1141 And.
940 1118 965 1142 1.
982 1113 1011 1142 1.
1034 1113 1087 1141 13.
1104 1114 1224 1151 estque
1240 1107 1275 1138 in
1291 1107 1463 1148 plerisque
1476 1105 1564 1137 Mss.
1578 1108 1615 1136 et
1630 1105 1744 1137 editis.

287 1157 453 1191 Nonnulli
466 1157 586 1197 legunt
602 1165 610 1186 t
628 1156 739 1186 nollem
755 1164 835 1186 nunc
852 1153 996 1190 exitum;
1018 1153 1068 1194 [in
1086 1151 1245 1184 Addend.
1261 1151 1347 1182 citat
1362 1149 1407 1182 G.
1425 1158 1502 1180 cum
1516 1148 1584 1179 ET.
1597 1151 1634 1179 et
1648 1148 1746 1189 EM.]

287 1207 326 1233 ut
340 1201 378 1232 τὸ
393 1202 511 1233 exitum
526 1208 648 1230 nomen
667 1199 721 1238 sit,
736 1197 847 1229 media
862 1201 1035 1237 correpta.
1062 1196 1162 1228 West.
1200 1194 1295 1226 Hunc
1311 1193 1398 1226 GM.
1415 1192 1477 1224 Br.
1492 1195 1528 1223 et
1545 1192 1615 1223 Ms.
1631 1191 1674 1224 R.
1689 1200 1746 1233 ap.

287 1245 387 1277 Lind.

944 1291 1090 1324 NOTAE

331 1367 372 1396 13
399 1362 498 1400 Quasi
513 1372 546 1394 re
559 1361 633 1393 bene
644 1359 750 1401 gesta]
775 1359 859 1390 Rern
873 1367 992 1399 gerere
1046 1362 1167 1398 captos
1191 1355 1372 1388 ostendere
1395 1353 1526 1386 civibus
1540 1354 1670 1393 hostes,
1684 1352 1749 1384 At-

289 1415 426 1457 proprie
442 1413 618 1452 dicebant,
631 1421 708 1444 cuni
723 1410 823 1441 victis
839 1408 992 1440 hostibus
1045 1408 1151 1449 tingit
1173 1407 1290 1439 solium
1315 1406 1427 1446 jovis,
1443 1409 1477 1437 et
1500 1404 1656 1436 coelestia
1672 1408 1748 1435 ten-

288 1466 456 1506 insignem
487 1464 632 1505 aliquam
663 1461 838 1493 victoriam
868 1459 992 1491 retule-
1046 1463 1109 1490 tat.
1152 1457 1374 1498 Principibus
1396 1456 1563 1498 placuisse
1577 1454 1658 1487 viris
1680 1463 1748 1486 non

291 1521 381 1548 rant.
427 1515 615 1547 Horatius:
653 1514 662 1531 ‘
681 1512 768 1545 Rem
799 1521 930 1553 gerere,
957 1514 994 1542 et
1047 1509 1165 1541 ultima
1179 1509 1251 1540 laus
1268 1507 1347 1539 est.’

698 1762 902 1806 ACTUS
936 1761 992 1804 V.
1054 1759 1262 1803 SCENA
1295 1760 1358 1802 II.

696 1887 794 1916 DRO
804 1886 884 1915 ΜΟ.
935 1883 1112 1915 SYRUS.
1165 1882 1353 1913 DEMEA.

296 1961 391 2003 DR.
423 1956 597 1999 HEUs!
643 1955 777 2010 Syre;
820 1957 948 2006 rogat
987 1957 1031 1994 te
1070 1951 1301 2005 Ctesipho,
1339 1954 1391 1990 ut
1427 1947 1595 1990 redeas.
1666 1947 1750 1988 ΞΥ.

466 2025 573 2067 Abi.

298 2098 388 2139 DE.
421 2093 545 2145 Quid
585 2091 905 2145 Ctesiphonem
944 2089 1017 2131 hic
1056 2087 1236 2129 narrat?
1325 2084 1411 2126 ΞΥ.
1442 2083 1583 2126 Nihil.
1663 2083 1754 2124 DE.

468 2161 587 2202 Eho!
621 2158 848 2212 camufex,

298 2231 380 2273 Est
399 2229 612 2283 Ctesipho
633 2228 781 2269 intus?
842 2227 925 2268 ΞΥ.
946 2225 1054 2268 Non
1075 2230 1156 2266 est.
1217 2222 1309 2264 DE.
1332 2220 1424 2263 Cur
1441 2220 1514 2262 hic
1532 2217 1754 2261 nominat?

298 2300 381 2342 SY.
412 2298 497 2339 Est
518 2297 635 2339 alius
656 2296 851 2350 quidam,
872 2294 1161 2350 parasitaster
1183 2290 1417 2346 parvolus:

344 2422 413 2454 Du.
437 2421 524 2460 Heu,
550 2420 653 2462 Syre;
674 2423 766 2459 rogat
790 2424 821 2451 te
848 2418 993 2458 Ctesipho
1014 2421 1050 2448 ut
1065 2417 1104 2448 ad
1120 2426 1152 2447 se
1167 2416 1284 2447 redeas.
1325 2414 1387 2446 ΞΥ.
1408 2412 1484 2444 Abi.
1529 2410 1598 2442 DE.
1623 2409 1709 2445 Quid
1723 2409 1760 2440 de

304 2465 489 2506 Ctesiphone
505 2464 553 2494 hic
568 2464 725 2504 loquitur?
769 2463 830 2494 ΞΥ.
855 2461 956 2494 Nihil.
1001 2461 1072 2492 DE.
1098 2458 1193 2490 Eho!
1217 2457 1370 2497 carnifex,
1391 2466 1431 2487 an
1448 2453 1595 2495 Ctesipho
1610 2453 1661 2484 hic
1675 2452 1760 2483 intus

300 2512 368 2540 est?
409 2509 473 2540 ΞΥ.
498 2507 570 2538 Non
586 2511 642 2538 est.
689 2507 755 2538 DE.
783 2507 848 2536 Cur
870 2505 920 2536 hic
934 2505 1037 2544 igitur
1056 2504 1145 2534 illum
1171 2502 1328 2532 nominat?
1371 2500 1433 2531 ΞΥ.
1455 2497 1562 2530 Alium
1574 2498 1662 2528 vocat
1677 2494 1758 2533 ‹zius-

909 2600 1150 2613 OO‘O‘OOOOOOO

346 2669 386 2700 In
412 2668 492 2710 Bip.
517 2672 570 2699 est
587 2668 667 2699 Act.
685 2676 737 2699 ιν.
754 2667 809 2698 Sc.
827 2669 878 2698 10.
922 2665 963 2698 In
979 2664 1082 2696 Both.
1099 2672 1148 2695 tv,
1164 2666 1262 2695 9.—l
1286 2661 1328 2694 In
1351 2661 1434 2693 Mss.
1458 2663 1494 2691 et
1509 2657 1611 2690 editis
1628 2655 1761 2699 quibus·

304 2712 379 2743 dam
409 2717 473 2750 est,
500 2712 588 2742 Heus
600 2711 614 2742 ,Ι
629 2709 726 2741 heus!
748 2709 858 2741 West.
898 2708 954 2740 Ita
978 2708 1062 2740 GM.
1089 2707 1242 2745 Carnifex
1265 2709 1343 2747 post
1357 2703 1420 2736 Abi
1446 2701 1676 2734 Guelf.2.—2
1701 2698 1761 2730 Nil

304 2755 405 2786 Beni.
436 2754 537 2785 Both.
567 2754 726 2784 Perl.—-4
752 2752 916 2783 parvolus.
940 2752 1065 2782 Petrus
1081 2749 1258 2781 Victorius
1284 2749 1365 2778 Var.
1388 2747 1484 2778 Lect.
1508 2752 1623 2776 xxxv.
1650 2744 1700 2773 18.
1716 2750 1760 2772 ex

305 2797 433 2830 Codice
450 2796 616 2829 Bembino
632 2796 716 2836 legit
742 2796 896 2835 paululus,
915 2794 1015 2836 idque
1031 2793 1188 2833 miratur,
1205 2791 1370 2824 Faernum
1387 2798 1453 2820 non
1470 2785 1761 2823 animadvertisse,
