1966 3302
677 240 892 270 HEGYRAE
926 239 1034 268 Ac‘r.
1068 239 1097 266 1.
1130 237 1199 267 sc.
1232 237 1282 265 11.
1605 222 1688 263 811

244 340 450 388 Amabat,
471 340 519 377 ut
537 348 635 376 cum
656 346 876 382 maxume,
899 337 988 373 tum
1011 331 1293 384 Pamphilus,
1633 326 1688 366 40

244 409 354 450 Cum
374 410 512 460 pater,
534 415 713 444 uxorem
734 408 781 442 ut
801 402 951 450 ducat,
975 413 1098 441 orare
1121 400 1314 452 occipit:

244 476 302 517 Et
321 476 432 523 haec,
455 470 703 513 communia
724 469 914 510 omnium
937 481 1037 521 quae
1060 471 1161 508 sunt
1180 472 1370 520 patrum,

244 543 352 584 Sese
376 554 524 581 senem
545 551 660 587 esse,
683 537 830 578 dicere
848 549 859 586 3
890 536 1014 576 illum
1035 539 1183 575 autem
1204 535 1403 582 unicum,

242 609 508 651 Praesidium
534 606 647 648 velle
670 618 718 645 se
742 603 958 645 senectuti
982 616 1093 643 suae.
1212 620 1248 629 ω

241 677 326 718 Ille
348 677 490 730 primo
512 689 559 716 se
580 686 761 726 negare.
793 671 887 721 sed,
909 676 1145 725 postquam
1168 670 1313 711 acrius
1629 667 1685 706 45

241 744 377 785 Pater
396 744 549 791 instat,
571 741 674 782 fecit
695 739 829 780 animi
849 743 899 779 ut
918 739 1108 796 incertus
1129 737 1257 799 foret,

241 810 451 852 Pudorin'
472 822 585 850 anne
608 808 748 848 amori
769 788 1082 859 obsequeoe'tu‘r
1101 805 1254 858 magis.

240 877 505 926 Tundendo,
528 881 663 929 atque
687 875 806 923 odio,
828 873 1017 926 denique
1038 873 1183 913 effecit
1205 885 1364 913 senex:

241 944 492 999 Despondit
509 943 548 984 ei
569 947 744 996 gnatam
767 942 897 995 hujus
918 941 1052 982 vicini
1072 941 1289 994 proxumi.
1381 972 1384 973 ν

240 1012 400 1066 Usque
419 1011 531 1053 illud
554 1012 698 1052 visum
720 1015 787 1051 est
807 998 1059 1063 Pamphilo
1064 1009 1316 1070 neumfflam
1337 1019 1487 1060 grave,
1631 1008 1687 1048 50

243 1080 435 1122 Donec
416 1093 513 1134 Jam
535 1079 580 1119 in
603 1079 712 1133 ipsis
731 1078 917 1131 nuptiis,
941 1080 1172 1131 postquam
1195 1076 1319 1116 videt

240 1147 445 1196 Paratas,
467 1160 550 1187 nec
571 1158 737 1186 moram
760 1146 911 1194 ullam,
937 1144 1044 1197 quin
1067 1144 1215 1192 ducat,
1239 1142 1347 1192 dari,

239 1214 311 1256 Ibi
331 1213 504 1254 demum
525 1213 585 1254 ita
604 1225 719 1265 aegre
741 1213 859 1261 tulit,
879 1216 929 1253 ut
951 1212 1094 1264 ipsam
1117 1211 1404 1260 Bacchidem,
1438 1260 1444 1268 =

240 1281 289 1322 Si
311 1281 501 1331 adesset,
523 1281 670 1331 credo,
692 1280 753 1320 ibi
773 1279 870 1333 ejus
892 1281 1315 1337 commiseresceret.

239 1349 523 1404 Ubicumque
544 1349 692 1390 datum
716 1351 810 1389 erat
830 1347 1024 1401 spatium
1033 1326 1318 1395 solitudinis,
1633 1346 1692 1386 55

237 1513 286 1541 ter
299 1512 373 1541 tunc
387 1509 509 1541 amabat
532 1513 566 1540 ut
580 1519 733 1549 nunquam
749 1509 848 1549 magis
862 1511 954 1540 antea
975 1507 1151 1546 amavisset,
1166 1517 1234 1537 cum
1255 1510 1346 1547 pater
1364 1507 1483 1538 Laches
1495 1517 1563 1538 eum
1576 1516 1690 1546 rogare

237 1553 338 1593 coepit,
359 1557 393 1583 ut
410 1562 535 1583 uxorem
556 1554 666 1584 ducere
680 1553 765 1592 velit,
778 1557 809 1583 et
829 1562 896 1583 eum
911 1550 1166 1588 commonefacere
1181 1551 1218 1580 de
1229 1550 1288 1588 his,
1303 1560 1372 1590 quoe
1387 1549 1425 1580 ab
1439 1551 1576 1581 omnibus
1588 1550 1688 1590 patri-

239 1594 293 1625 bus
306 1595 403 1626 solent
417 1596 563 1635 proponi:
586 1606 650 1626 sese
674 1595 752 1626 dicit
776 1594 941 1626 senectutis
960 1603 1050 1624 onere
1071 1593 1181 1632 premi,
1196 1593 1281 1624 illum
1299 1593 1434 1631 unicum,
1448 1594 1513 1624 sine
1519 1592 1690 1631 fratribus,

237 1638 313 1669 velle
326 1638 386 1668 sibi
401 1639 434 1668 in
448 1641 604 1669 senectute
617 1647 679 1669 esse
693 1639 840 1669 levamen.
885 1637 995 1668 Primo
1020 1636 1203 1676 Pamphilus
1219 1636 1379 1667 recusabat
1404 1636 1540 1676 accipere
1552 1647 1562 1667 .·
1583 1645 1689 1666 verum

233 1684 397 1720 postquam
411 1684 500 1720 puter
515 1681 721 1711 tenementius
732 1686 834 1720 urget,
843 1679 925 1719 fecit
935 1683 971 1710 ut
983 1680 1080 1710 animi
1091 1679 1202 1709 dubius
1213 1682 1300 1717 esset,
1309 1679 1457 1719 pudorine
1467 1683 1496 1710 et
1509 1678 1688 1709 reverentia?

233 1724 350 1763 patris,
366 1734 405 1754 an
427 1725 526 1753 amori
541 1724 711 1754 Bacchidis
731 1724 837 1754 amicoe
852 1733 883 1753 se
897 1725 1022 1754 dederet
1031 1733 1044 1759 ;
1066 1721 1193 1762 denique
1215 1722 1329 1752 crebris
1343 1722 1568 1753 hortationibus
1583 1722 1687 1761 impel-

238 1765 337 1805 lendo,
363 1770 394 1797 et
418 1768 519 1797 odiose
535 1766 717 1806 flagitando
735 1776 829 1797 senex
853 1766 970 1807 effecit,
985 1766 1065 1805 quod
1079 1765 1209 1804 volebat,
1222 1764 1390 1805 stipulatus
1405 1768 1448 1795 est
1471 1766 1498 1795 ei
1514 1765 1547 1795 in
1563 1774 1689 1794 uxorem

228 1808 337 1850 filiam
360 1809 452 1848 hujus
484 1809 581 1840 vicani
609 1809 746 1849 proximi
777 1810 930 1848 Phidippi
970 1809 1199 1839 Philumenam.
1246 1809 1294 1838 Eo
1327 1818 1420 1847 usque
1448 1809 1602 1846 sponsalia
1629 1817 1689 1837 non

235 1851 329 1881 nimis
344 1853 469 1883 moleste
493 1853 577 1890 tulit,
602 1862 755 1892 quousque
772 1853 804 1882 in
825 1853 889 1892 ipso
914 1855 1047 1892 tempore
1069 1851 1262 1890 nuptiarum,
1281 1850 1333 1881 ubi
1356 1851 1440 1881 videt
1455 1861 1505 1881 eas
1519 1860 1591 1880 moa:
1614 1850 1689 1880 cele-

238 1893 382 1927 brandas.
398 1895 442 1925 ibi
467 1896 589 1925 tandem
604 1895 791 1934 (egritudine
807 1898 895 1926 tanta
913 1895 1011 1925 animi
1026 1894 1182 1924 cruciatus
1191 1893 1271 1931 fuit,
1288 1897 1321 1924 ut
1337 1894 1364 1924 si
1381 1895 1445 1933 ipsa
1459 1894 1593 1924 Bacchis
1605 1902 1687 1933 prae-

238 1945 306 1968 sens
321 1941 414 1977 esset,
431 1948 489 1969 non
505 1938 652 1968 mediocri
667 1937 930 1969 commiseratione
946 1940 1128 1968 moveretur.
1158 1936 1197 1967 lu
1213 1947 1396 1977 quocumque
1412 1938 1487 1976 loco,
1503 1945 1637 1967 seorsum
1649 1935 1688 1965 ab

845 2052 1080 2064 eeeeeeeeeeee

238 2146 351 2174 tamen
376 2141 473 2173 bonae
497 2146 586 2174 notae
614 2142 703 2181 libri,
730 2142 762 2172 in
790 2142 911 2184 quibus
928 2143 978 2172 Ad
999 2141 1159 2181 ingenium
1180 2140 1248 2171 redi
1273 2140 1407 2180 legitur.
1436 2142 1617 2173 West.-40
1645 2143 1687 2174 Ut

236 2195 305 2216 cum
329 2185 459 2216 omittit
485 2186 552 2216 ΜΞ.
571 2186 767 2223 unus‚auer
795 2195 856 2225 pro
882 2188 914 2215 ut
939 2185 1040 2215 habet
1057 2188 1098 2214 et.
1115 2184 1309 2214 Boec1.—4·2
1334 2184 1457 2215 Melior
1484 2185 1556 2215 liaec
1583 2186 1687 2216 lectio

236 2238 307 2269 prae
324 2228 381 2258 illa
397 2229 606 2268 quorundam
620 2228 727 2259 Codd.
744 2229 808 2258 lioec
821 2229 932 2259 omnia.
951 2228 1145 2258 West.—43
1170 2227 1228 2257 ΒΓ.
1241 2236 1272 2256 se
1287 2237 1389 2257 senem
1404 2238 1469 2258 esse
1483 2229 1584 2259 dicere
1598 2228 1689 2259 illum

236 2273 338 2302 autem
355 2280 419 2301 esse
441 2271 574 2307 unicum,
596 2276 631 2301 et
651 2280 765 2301 omnes
789 2271 871 2301 Mss.
889 2269 979 2309 apud
1007 2271 1153 2300 Boecler.
1191 2270 1239 2299 Ex
1258 2269 1353 2300 Bem-
1371 2271 1418 2300 ita
1443 2271 1574 2311 corrige
1600 2271 1688 2302 hunc

236 2323 390 2352 versum3
415 2312 487 2344 Sese
514 2324 615 2344 senem
645 2323 709 2344 esse
734 2314 856 2348 dicere‚·
885 2314 971 2342 illum
997 2316 1099 2343 autem
1126 2312 1257 2342 unicum.
1304 2312 1425 2353 Itaque
1456 2313 1488 2343 in
1519 2313 1689 2354 aliquibus

236 2356 332 2387 libris
348 2356 553 2396 comperisse
571 2366 606 2386 se
624 2356 745 2387 asserit
764 2356 894 2387 Rivius.
919 2355 979 2386 Fa.
1019 2356 1073 2385 Sic
1099 2354 1259 2385 Faernus.
1303 2355 1372 2385 Sed
1391 2356 1475 2385 :nale
1492 2356 1572 2386 illud
1587 2366 1689 2387 senem

236 2398 269 2430 in
293 2398 395 2429 Theai
421 2399 626 2430 occultatur.
672 2400 765 2429 Unus
795 2399 931 2436 Regius,
946 2408 1046 2428 senem
1071 2408 1104 2427 se
1126 2407 1200 2428 esse.
1240 2397 1394 2437 Repone‚
1409 2398 1515 2429 Senem
1539 2409 1602 2430 sese
1623 2409 1690 2430 esse

235 2442 349 2480 dicere,
365 2441 452 2471 illum
468 2445 571 2472 autem
586 2451 648 2472 esse
665 2442 797 2472 unicum.
845 2442 973 2471 Omnes
992 2442 1093 2470 nosni
1110 2450 1172 2470 esse
1188 2446 1317 2489 ponunt
1334 2447 1412 2471 ante
1428 2441 1562 2471 unicum.
1587 2442 1688 2473 Bent.

236 2494 336 2525 quein
353 2484 507 2524 sequitur
524 2484 616 2515 Perl.
633 2490 668 2515 et
686 2485 786 2515 Both.
804 2485 925 2514 omisso
938 2493 1000 2514 esse
1026 2483 1231 2522 posteriore;
1258 2484 1349 2522 prins
1371 2493 1435 2514 esse
1453 2485 1579 2514 omittit
1603 2485 1688 2516 GM.

236 2527 351 2557 ‘Illum
373 2531 475 2557 autem
497 2536 558 2557 esse
580 2528 701 2557 unicum
728 2527 812 2557 Mss.
843 2527 998 2567 plusculi,
1027 2524 1226 2556 EP.J=111t.’
1255 2526 1434 2557 nist—45
1460 2527 1519 2558 Ille
1540 2527 1640 2566 primo
1655 2539 1689 2559 se

233 2568 362 2609 negare]
385 2570 563 2600 Meliorem
581 2570 836 2600 collocationem
853 2569 1008 2599 continet
1025 2569 1120 2598 Beni.
1136 2568 1187 2598 ille
1205 2577 1237 2598 se
1250 2569 1350 2608 primo
1363 2579 1487 2608 negare.
1514 2570 1573 2600 Fa.
1601 2570 1686 2602 Qnae

234 2612 306 2643 haec
336 2613 480 2642 servitus
508 2613 583 2642 eat?
620 2613 719 2642 unico
746 2612 831 2642 libro
858 2612 997 2652 obsequi
1030 2612 1062 2640 iu
1093 2610 1216 2641 mendo
1240 2610 1422 2642 manifesto
1452 2612 1574 2651 primm
1611 2623 1687 2643 cum

237 2655 353 2685 caeteri
371 2655 494 2695 ubique
521 2655 656 2685 codices
681 2660 774 2684 recte
802 2654 960 2687 habeant.
976 2654 1033 2684 Ille
1060 2653 1158 2693 primo
1183 2663 1216 2683 se
1237 2663 1358 2692 negare.
1382 2655 1572 2686 Rem—46
1595 2656 1707 2686 Facit·

234 2696 321 2727 Mss.
339 2701 374 2728 et
390 2697 473 2727 editi
490 2698 623 2737 quidam
640 2703 716 2737 post
733 2697 806 2727 ΕΡ.
823 2698 937 2735 credo,
955 2696 1043 2738 quod
1068 2696 1163 2726 instat
1192 2698 1377 2734 praecessit.
1408 2698 1593 2728 West.—47
1620 2699 1686 2729 Pu-

237 2739 305 2769 dori
329 2750 407 2770 anne
436 2741 507 2771 ΕΡ.
534 2740 717 2772 Junt.——49
741 2740 877 2780 Spondet
904 2749 986 2770 unus
1015 2739 1082 2769 Ms.
1113 2739 1202 2779 apud
1233 2739 1341 2770 Boecl.
1377 2744 1503 2778 gratum
1526 2742 1553 2771 ei
1583 2741 1685 2772 Rom.

237 2782 439 2813 tacite—50
463 2783 539 2815 Duo
555 2792 598 2814 ex
613 2782 738 2814 nostris
755 2792 792 2814 ne
816 2784 978 2823 utiquam:
1002 2787 1037 2813 et
1059 2782 1109 2813 ita
1133 2790 1266 2823 semper
1286 2782 1523 2814 scribendum:
1549 2793 1684 2824 semper
