1966 3302
311 226 397 267 984
810 239 850 267 P.
883 237 1128 268 'ruRuNm
1162 239 1278 270 ,turm

310 331 557 374 Adduxtin'
579 335 722 374 tecum
743 331 910 374 filiam?
955 333 1113 374 CHRE.
1138 333 1259 376 Non.
1305 335 1398 377 DE.
1422 334 1546 386 Quid
1566 335 1632 378 ita
1650 339 1767 379 non'?

312 399 469 441 CHRF„
502 401 747 454 Postquam
770 401 893 443 videt
912 415 981 442 me
1001 402 1098 456 ejus
1118 406 1258 444 mater
1278 416 1376 445 esse
1396 403 1467 446 hic
1490 403 1672 454 diutius,

311 468 455 510 Simul
476 473 628 509 autem
648 481 733 509 non
755 469 962 510 manebat
984 475 1097 511 aetas
1118 470 1296 523 virginis

313 536 467 577 Meam
488 536 810 589 negligentiam,
827 537 972 590 ipsam
995 551 1096 578 cum
1118 538 1238 579 omni
1258 537 1429 579 familia
1741 542 1771 581 5

310 603 385 644 Ad
404 617 472 644 me
493 604 735 657 profectam
756 618 853 646 esse
875 606 1068 647 aiebant.
1129 607 1220 647 DE.
1242 606 1362 657 Quid
1381 606 1474 648 illic
1495 610 1586 649 tam
1606 607 1697 658 diu,

313 671 499 723 Quaeso,
521 673 653 724 igitur
674 674 1019 724 commorabare,
1051 675 1128 715 ubi
1147 674 1191 715 id
1213 674 1482 715 audiveras?

312 740 471 781 CHRE.
503 740 589 781 Pol
623 753 691 781 me
726 740 913 783 detinuit
945 743 1135 782 morbus.
1222 742 1312 784 DE.
1349 740 1479 783 Unde
1496 742 1516 782 ‘l
1548 744 1623 783 aut
1659 741 1769 795 qui?

485 807 645 850 CHRE.
678 808 864 861 Rogas?

312 876 532 917 Senectus
554 877 656 929 ipsa
673 880 741 916 est
761 878 938 917 morbus
956 890 967 928 ;
1000 876 1078 917 sed
1098 876 1274 917 venisse
1296 888 1374 916 eas

312 944 488 993 Salvas,
511 943 658 984 audivi
679 956 737 983 ex
756 948 909 993 nauta,
933 945 1009 998 qui
1031 944 1134 984 illas
1157 948 1354 985 vexerat.
1715 944 1772 986 10

312 1011 403 1052 DE.
436 1010 557 1061 Quid
580 1014 708 1064 gnato
728 1012 946 1065 obtigerit,
969 1026 1038 1053 me
1058 1012 1253 1060 absente,
1275 1010 1496 1062 audistin',
1519 1010 1702 1053 Chreme
1717 1013 1737 1052 't

312 1078 469 1120 CHRE.
503 1079 634 1130 Quod
657 1079 835 1133 quidem
855 1093 924 1121 me
945 1080 1113 1121 factum
1136 1078 1312 1119 consilii
1333 1078 1546 1119 incertum
1566 1078 1700 1132 facit3

310 1147 433 1189 Nam
455 1148 567 1188 hanc
588 1146 888 1187 conditionem
911 1148 950 1188 si
972 1149 1044 1188 cui
1067 1147 1208 1188 tulero
1230 1147 1441 1196 extrario,

311 1216 417 1268 Quo
440 1219 584 1269 pacto,
607 1218 683 1256 aut
704 1215 817 1256 unde
839 1215 943 1256 mihi
965 1216 1036 1266 sit,
1059 1213 1290 1255 dicendum
1313 1214 1469 1255 ordine
1490 1219 1569 1255 est.

304 1351 411 1391 filiam.
440 1353 616 1384 Phanium?
663 1354 732 1385 Cir.
758 1354 840 1384 Non.
887 1354 955 1385 DE.
981 1354 1066 1389 Quid
1094 1354 1141 1385 ita
1162 1358 1247 1385 non?
1291 1352 1359 1385 Cn.
1388 1352 1471 1389 Quia
1497 1361 1566 1384 cum
1587 1355 1688 1384 mater
1709 1352 1775 1391 eJ'us

309 1395 428 1426 videret
443 1407 491 1427 me
503 1397 552 1427 hic
567 1397 684 1428 diutius
700 1397 829 1436 morari,
846 1407 935 1437 quam
956 1399 1097 1436 solerem,
1112 1407 1166 1428 nec
1181 1398 1348 1428 adventum
1363 1406 1462 1427 meum
1476 1399 1640 1436 expectare
1660 1399 1776 1436 posset,

311 1442 378 1468 tum
393 1439 487 1470 etiam
502 1443 579 1470 cetus
595 1440 666 1478 jum
686 1440 800 1471 nubilis
825 1441 961 1478 virginis
986 1451 1103 1471 moram
1118 1441 1288 1479 longiorem
1303 1450 1363 1470 nou
1379 1440 1555 1470 concederet
1570 1450 1582 1476 ‚·
1605 1442 1705 1470 mater
1718 1439 1776 1469 illa

311 1482 385 1512 nui-i
399 1492 561 1513 conscensa
577 1482 628 1524 (ut
643 1483 766 1514 aiebant
782 1483 907 1522 Lemni)
923 1484 955 1514 in
973 1483 1050 1514 hanc
1073 1483 1178 1513 urbem
1193 1483 1334 1513 Athenas
1349 1492 1418 1513 cum
1438 1483 1521 1512 omni
1524 1481 1655 1519 familia
1669 1482 1709 1512 ad
1729 1490 1776 1512 me

310 1524 452 1563 profecta
467 1529 524 1557 est.
573 1527 636 1556 DE.
663 1526 747 1562 Quid
762 1526 863 1565 igitur
879 1526 990 1557 Lemni
1005 1536 1118 1566 quaeso,
1133 1529 1255 1557 tantum
1272 1529 1390 1565 tempus
1404 1524 1573 1562 desidebas,
1587 1524 1640 1555 ubi
1655 1533 1775 1564 accepe-

311 1577 366 1597 rus
380 1570 420 1598 ad
432 1572 461 1599 te
476 1569 523 1599 itu
539 1569 609 1599 illas
625 1569 731 1600 itineri
757 1579 788 1600 se
813 1569 955 1600 dedisse?
1000 1570 1067 1600 CH.
1094 1569 1160 1600 Per
1185 1569 1268 1599 Deos
1291 1568 1414 1599 morbus
1438 1578 1486 1599 me
1513 1568 1663 1600 tardavit.
1708 1567 1777 1598 DE.

316 1609 405 1641 Unde
421 1611 472 1642 ille
487 1612 608 1642 morbus
620 1615 705 1643 ortus
719 1616 777 1646 est,
793 1615 822 1642 et
837 1612 890 1652 qui
899 1610 993 1650 fuit?
1041 1612 1109 1643 CH.
1135 1610 1266 1651 Rogas?
1288 1609 1426 1642 senectus
1441 1611 1510 1651 ipsa
1518 1610 1601 1649 fuit,
1616 1620 1686 1650 quae
1699 1619 1775 1649 gra-

311 1654 360 1683 vis
375 1655 496 1684 morbus
512 1659 575 1685 est:
597 1656 649 1685 sed
665 1655 825 1686 advenisse
840 1657 910 1686 alas
924 1655 1025 1685 saluas
1040 1654 1194 1693 Athenas,
1204 1657 1300 1685 nauta
1312 1654 1364 1694 qul
1380 1654 1450 1685 illas
1465 1656 1595 1685 vexerat
1609 1653 1685 1684 mihi
1700 1663 1777 1683 nun-

315 1697 419 1727 tiavit.
463 1698 532 1728 DE.
558 1698 642 1733 Quid
657 1698 729 1739 filio
754 1708 817 1728 meo
841 1698 1002 1734 acciderit,
1026 1699 1098 1728 dum
1119 1697 1265 1734 abessem,
1279 1696 1485 1733 rescivisline,
1503 1696 1635 1728 Chreme
1645 1699 1658 1726 ?
1703 1696 1776 1727 CH.

314 1739 455 1777 Rescivi,
478 1744 507 1770 et
536 1741 591 1772 hoc
608 1740 737 1778 facinus
760 1742 834 1771 adeo
859 1751 907 1772 me
935 1740 1108 1781 perturbat,
1129 1744 1164 1770 ut
1187 1740 1298 1772 dubius
1318 1740 1379 1770 sim
1390 1740 1502 1779 animi,
1524 1743 1556 1770 et
1570 1748 1689 1780 anceps,
1702 1738 1777 1778 quid

313 1783 436 1814 consilii
451 1784 582 1823 cupium.
631 1785 713 1815 Num
727 1783 1020 1825 cmulz'tiouemfiliae
1033 1794 1107 1814 meoe
1122 1784 1151 1813 si
1172 1784 1221 1813 cui
1234 1783 1381 1818 obtulero,
1397 1784 1431 1813 id
1447 1786 1507 1821 est,
1521 1783 1549 1813 sz'
1555 1782 1663 1824 filiam
1678 1791 1778 1812 meam

315 1825 408 1856 alicui
421 1830 569 1857 extraneo
580 1827 690 1867 nuptui
705 1828 902 1865 collocavero,
917 1836 964 1856 me
980 1826 1131 1866 oportebit
1149 1827 1195 1856 illi
1211 1827 1380 1864 declarare,
1394 1835 1461 1866 quae
1476 1826 1519 1856 sit
1536 1829 1647 1862 mater,
1663 1834 1703 1854 ea:
1718 1833 1777 1863 qua

315 1877 382 1899 eam
404 1879 576 1910 suscepero,
591 1871 748 1911 quomodo,
764 1874 794 1901 et
810 1879 850 1901 ex
864 1880 924 1910 qua
940 1870 1070 1900 muliere
1085 1869 1140 1900 illa
1155 1869 1197 1899 sit
1213 1869 1291 1899 mihi
1297 1869 1371 1910 filia
1384 1879 1393 1898 :
1417 1872 1448 1899 te
1463 1868 1586 1909 quidem
1601 1877 1661 1898 non
1676 1867 1778 1897 minus

930 1965 1171 1977 eeeeeeeeeeee

320 2032 479 2071 Chremes,
492 2031 657 2062 Adduxtin
674 2032 797 2063 Bru—2
823 2031 930 2062 Codd.
950 2031 1099 2072 quidam,
1115 2029 1301 2061 Abdnmn'.
1327 2030 1432 2059 West.
1470 2026 1642 2059 Addustin’
1659 2026 1777 2060 Guelf-

319 2078 351 2106 2.
399 2076 459 2105 Est
475 2075 507 2105 in
526 2075 591 2105 tine
606 2077 700 2105 3.-5
725 2074 758 2106 J.
786 2074 891 2105 Meam
918 2075 954 2104 ob
975 2074 1273 2113 negligentiam—(i
1300 2073 1418 2103 Rivius
1435 2070 1472 2101 τὸ
1487 2082 1552 2102 esse
1569 2070 1703 2101 recidit.
1735 2071 1779 2101 G.

317 2118 431 2149 aiebat.
460 2118 569 2148 West.
614 2118 666 2148 Ad
684 2127 730 2147 me
744 2116 913 2156 profectam
929 2127 993 2147 esse
1008 2117 1143 2147 aiebant.
1190 2115 1326 2146 Aiebant
1343 2114 1562 2154 dissyllabum
1578 2118 1642 2150 est,
1659 2116 1695 2143 ut
1711 2116 1780 2144 stet

322 2171 459 2192 versus:
483 2166 559 2191 sunt
577 2165 689 2191 tamen
711 2161 901 2200 complures
929 2161 1018 2197 libri,
1048 2160 1101 2200 qui
1132 2168 1263 2188 versum
1285 2159 1371 2188 bunc
1386 2168 1426 2187 ea
1442 2156 1618 2188 verborum
1635 2156 1780 2187 colloca·

322 2204 414 2234 tione
436 2204 577 2241 habent,
601 2208 637 2234 ut
662 2203 695 2233 in
722 2202 933 2233 dimetiendo
957 2203 1038 2233 nibil
1066 2203 1112 2233 sit
1134 2200 1355 2238 difficultatis,
1380 2201 1430 2230 Ad
1455 2210 1501 2231 me
1524 2209 1589 2230 esse
1609 2199 1780 2238 profectam

321 2247 463 2277 aiebant:
482 2256 542 2277 nos
560 2252 671 2277 tamen
689 2247 857 2286 vulgatam
876 2246 1061 2286 sequimur,
1076 2250 1114 2276 ut
1132 2244 1415 2284 antiquissimam.
1433 2243 1493 2274 Fa.
1527 2241 1646 2273 Nostri
1663 2251 1780 2272 omnes

319 2291 489 2329 profectam
505 2299 579 2320 esse.
605 2290 722 2320 Recte.
748 2289 866 2319 Aibunt
883 2289 1073 2330 disyllabon
1091 2297 1226 2328 semper
1243 2286 1333 2326 apud
1351 2286 1528 2317 Nostrum.
1542 2285 1639 2316 Bent.
1663 2283 1778 2315 Aibane

323 2333 402 2373 Bip.
418 2333 511 2364 Peri.
532 2332 631 2363 Both.
677 2333 754 2362 Esse
778 2331 949 2371 profectam
970 2332 1161 2371 Deum-a
1188 2328 1302 2361 Guelf.
1329 2332 1360 2360 3.
1384 2327 1631 2359 commoraberis.
1655 2327 1781 2357 ‘Multi

323 2375 407 2406 libb.
423 2376 579 2406 audieras.
624 2374 681 2405 Ita
698 2376 799 2406 etiam
823 2374 907 2406 GM.
925 2385 1001 2405 cum
1020 2384 1095 2413 sup.
1121 2374 1251 2413 scripta
1267 2372 1411 2412 syllaba,
1424 2381 1470 2410 ve,
1486 2376 1522 2400 ut
1539 2371 1584 2400 sit
1598 2369 1781 2400 amliveras!

325 2418 418 2449 Perl.
443 2418 483 2449 Id
499 2418 551 2449 ubi
567 2419 667 2449 ssoth.
681 2419 689 2435 ‘
703 2417 940 2456 Antiquissimi
956 2418 1046 2455 libri,
1061 2421 1095 2447 et
1111 2417 1206 2446 multi
1222 2416 1277 2445 alii
1293 2414 1457 2446 audieras.-
1475 2412 1534 2444 sed
1553 2417 1588 2443 et
1603 2413 1665 2443 hoc
1681 2413 1781 2443 modo

326 2461 514 2500 penultima
527 2459 771 2500 producenda!
790 2461 847 2491 Fa.
870 2461 1026 2493 Quatuor
1040 2459 1147 2490 nostri
1165 2458 1330 2499 primarii,
1346 2462 1474 2497 praeter
1491 2456 1586 2494 alios,
1599 2454 1783 2486 audit-eras.-

326 2504 373 2534 sic
392 2503 691 2543 pronuntiandum,
706 2503 754 2534 sic
769 2507 804 2533 et
821 2503 1047 2534 scribendum.
1070 2503 1232 2533 Beria—9
1251 2501 1354 2540 Ipsast
1370 2500 1473 2531 Bent.
1489 2498 1529 2530 Z.
1574 2498 1647 2538 Ipsu
1661 2496 1784 2528 morbus

325 2549 370 2577 est
387 2547 445 2577 ΒΓ.
460 2547 514 2587 qui
531 2545 627 2585 ordo,
642 2546 752 2587 inquit
771 2545 864 2576 Peri.
888 2545 1043 2576 Terentii
1069 2555 1143 2575 esse
1172 2544 1320 2582 videtur,
1336 2542 1456 2574 vocula
1470 2541 1480 2558 ‘
1493 2544 1544 2572 est
1556 2540 1565 2553 '
1583 2541 1782 2581 plerumque

325 2588 485 2620 finientis.
517 2589 595 2620 Illas
608 2599 669 2629 pro
684 2598 735 2619 eus
750 2588 865 2620 Guelf.
882 2591 1000 2619 3.—10
1017 2589 1103 2619 Mss.
1118 2592 1152 2618 et
1167 2587 1250 2618 editi
1266 2585 1403 2626 quidam
1420 2588 1500 2624 post
1513 2583 1587 2615 ΕΡ.
1603 2584 1783 2614 advexerat.

326 2631 519 2662 West.-—-ll
547 2632 648 2662 Ratio
665 2632 755 2662 nulla
771 2636 837 2667 est,
860 2641 964 2671 quare
982 2632 1071 2662 citra
1095 2629 1398 2668 interrogationem
1421 2627 1476 2657 hic
1493 2635 1609 2657 versus
1625 2625 1782 2665 legatur:

329 2674 420 2713 quod
438 2674 507 2705 vult
531 2674 623 2715 Guy.
648 2674 833 2705 Idem—12
859 2674 978 2705 consili
1003 2674 1083 2713 Bip.
1110 2673 1203 2704 Perl.
1227 2673 1331 2703 Bent.
1377 2669 1520 2701 Botbius
1533 2677 1575 2698 ex
1591 2667 1673 2699 Hel.
1700 2667 1784 2708 legit

327 2716 415 2747 Audi
427 2727 437 2746 .-
459 2718 536 2756 quod
551 2717 673 2756 quidem
688 2726 735 2747 me
750 2717 858 2747 consili
872 2717 1023 2747 incertum
1029 2716 1211 2753 facit.—-l3
1236 2713 1345 2745 Pauci
1361 2713 1447 2744 Mss.
1463 2715 1636 2758 extraneo..
1665 2708 1782 2750 Atque

327 2760 376 2789 ita
392 2759 483 2790 Mur.
499 2759 566 2789 ET.
585 2768 660 2789 cum
677 2759 831 2794 Venetis,
847 2759 923 2791 EA.
936 2765 971 2790 et
987 2759 1216 2791 Gambareuo.
1245 2758 1341 2788 West.
1385 2755 1516 2786 Omnes
1531 2756 1638 2784 nostri
1655 2759 1783 2793 praeter

329 2801 409 2833 1101.
428 2801 484 2844 qui
502 2801 613 2832 omisit
630 2811 758 2838 vocem,
773 2806 930 2834 extraneo.
954 2802 1143 2833 Rom—14
1167 2801 1223 2833 Al.
1240 2799 1502 2831 dicundum—15
1524 2795 1565 2827 Τὸ
1580 2805 1664 2836 aeque
1682 2795 1783 2828 abest
