1966 3302
1515 215 1542 254 &v

1545 214 1573 253 ωε

1576 213 1602 253 0«

490 228 911 261 HEAUTONTIMOR.
935 227 1045 258 ACT.
1069 227 1099 258 Ι.
1132 227 1200 257 SC.
1221 226 1254 256 t.

142 321 290 363 Solius
310 318 474 360 soliciti
499 319 586 361 sint
605 332 756 370 causa,
778 324 828 360 ut
848 331 918 359 me
940 329 1069 357 unum
1092 316 1338 369 expleant?

139 388 328 429 Ancillae
348 390 410 428 tot
431 400 500 427 me
520 387 745 428 vestiant?
779 390 949 427 sumtus
970 384 1091 424 domi

139 455 311 497 Tantos
331 467 412 507 ego
430 454 556 495 solus
575 454 771 495 faciam?
803 452 884 493 sed
907 456 1086 504 gnatum
1108 449 1300 498 unicum,

141 521 288 573 Quem
312 522 475 576 pariter
495 521 558 562 uti
581 521 651 561 his
674 521 837 569 decuit,
860 524 939 559 aut
959 518 1090 559 etiam
1113 516 1319 569 amplius,
1546 514 1602 556 80

142 589 275 639 Quod
297 590 375 630 illa
396 593 505 630 aetas
525 588 669 640 magis
692 588 745 628 ad
767 587 866 627 haec
886 585 1056 626 utenda
1078 584 1238 624 idonea
1259 582 1328 632 'st,

141 656 256 697 Eum
278 670 358 709 ego
379 657 479 697 hinc
500 657 611 710 ejeci
633 655 840 696 miserum
862 653 1086 706 injustitia
1106 664 1219 692 mea.

142 723 269 765 Malo
288 723 466 778 quidem
490 736 559 763 me
582 722 762 774 dignum
787 721 950 775 quovis
973 720 1194 772 deputem,

146 793 195 835 Si
216 792 262 833 id
284 791 472 832 faciam:
503 803 601 831 nam
619 803 764 844 usque
783 789 884 830 dum
907 788 984 829 ille
1008 789 1143 828 vitam
1165 787 1290 827 illam
1307 784 1427 828 colet

141 860 344 913 Inopem,
366 870 522 899 carens
542 858 686 911 patria
705 858 761 898 ob
782 869 909 897 meas
930 855 1132 910 injurias,
1550 852 1607 893 85

141 927 317 968 Interea
338 938 477 979 usque
496 926 561 966 illi
579 925 633 966 de
654 938 723 965 me
746 923 1020 978 supplicium
1043 922 1173 972 dabo,

138 996 382 1044 Laborans,
404 1006 624 1047 quaerens,
643 1006 848 1046 parcens,
866 992 930 1033 illi
949 991 1160 1032 serviens.

136 1063 208 1105 Ita
224 1062 342 1104 facio
363 1074 570 1116 prorsus:
602 1060 711 1101 nihil
731 1061 931 1113 relinquo
947 1059 993 1099 in
1017 1057 1209 1106 aedibus,

141 1131 243 1173 Nec
260 1144 356 1180 vas,
377 1143 456 1171 nec
478 1129 819 1170 vestimentum:
852 1128 1019 1169 corrasi
1038 1127 1201 1175 omnia,

141 1198 361 1249 'AncillaS,
383 1210 554 1248 servos,
575 1198 658 1238 nisi
682 1210 777 1249 eOS,
800 1198 874 1252 qui
899 1209 1032 1250 opere
1054 1195 1217 1236 rustico
1553 1193 1610 1234 90

143 1329 237 1361 solius
254 1329 374 1369 gratia.
395 1333 430 1361 ut
446 1329 524 1360 mihi
538 1329 597 1360 soli
620 1329 834 1368 satisfaciant,
854 1333 885 1360 et
907 1339 1021 1360 morem
1038 1332 1164 1368 gerant.
1209 1327 1262 1359 An
1279 1337 1398 1367 ‹equnm
1425 1329 1483 1365 est,
1505 1329 1540 1356 ut
1562 1329 1609 1356 tot

147 1373 272 1403 ancillae
287 1373 422 1404 vestibus
437 1383 484 1403 nze
499 1373 659 1406 induant?
685 1377 720 1404 ut
746 1383 801 1413 ego
821 1376 926 1404 trmtas
946 1374 1098 1413 impensas
1120 1373 1203 1402 solus
1217 1371 1298 1401 domi
1304 1368 1452 1408 faciani?
1480 1379 1548 1408 ego,
1567 1370 1615 1399 in-

142 1426 247 1455 quam,
275 1416 328 1455 qui
354 1416 461 1456 expuli
481 1417 558 1447 meis
583 1416 700 1447 aedibus
724 1417 847 1447 unicum
861 1415 969 1457 filium
1000 1415 1147 1449 Cliniam,
1169 1414 1279 1444 nzisere
1305 1414 1458 1455 afflictum
1483 1412 1614 1451 injuria,

144 1469 232 1498 quem
249 1459 448 1490 conveniebat
464 1459 514 1489 uti
529 1459 692 1499 aequaliter
708 1459 756 1490 his
771 1459 922 1490 sumtibus
936 1462 964 1489 et
982 1458 1092 1494 serr-is,
1108 1461 1161 1488 aut
1179 1458 1273 1488 etiam
1288 1456 1411 1493 margin
1434 1456 1515 1495 qnod
1537 1458 1613 1485 celas

137 1500 287 1539 juvenilis
302 1503 342 1532 ad
359 1503 506 1532 utendum
521 1502 570 1532 his
581 1505 627 1532 est
642 1502 756 1543 aptior.
806 1503 899 1533 Certe
914 1502 1091 1533 existimem
1108 1512 1154 1531 me
1171 1501 1278 1539 quavis
1292 1510 1381 1539 poena
1396 1499 1526 1538 dignum
1539 1507 1614 1534 esse,

144 1545 172 1574 si
187 1544 235 1575 his
259 1545 345 1575 hamis
367 1546 450 1575 solus
472 1548 569 1582 ιιίανς
592 1555 676 1583 nam,
703 1546 846 1585 quamdiu
854 1545 946 1587 filius
960 1546 1051 1583 deget
1069 1545 1164 1574 vitum
1179 1544 1267 1574 illam
1282 1552 1496 1581 arumnosam,
1511 1541 1583 1572 exul
1598 1552 1617 1571 α

143 1588 249 1627 patria
264 1592 393 1627 propter
414 1597 497 1619 meas
521 1588 732 1627 contumelias,
749 1588 868 1619 interea
889 1587 1009 1619 tamdiu
1026 1587 1102 1617 dabo
1119 1587 1167 1616 illi
1183 1586 1307 1616 assidue
1321 1595 1438 1626 panas,
1455 1584 1617 1625 conjiciens

144 1639 192 1660 me
207 1631 366 1666 oerumnis,
383 1631 546 1670 acquirens
560 1631 720 1671 laboriose,
735 1641 864 1671 parcens
876 1631 950 1662 υἱέας
966 1634 996 1661 et
1009 1631 1115 1670 genio,
1130 1630 1268 1660 serviens
1283 1629 1330 1659 illi
1343 1629 1373 1659 in
1389 1629 1511 1659 colendo
1527 1636 1615 1666 agro.

147 1673 245 1706 Facio
260 1673 384 1704 omnino
399 1677 434 1703 ut
451 1674 632 1705 deliberavi.
679 1675 771 1705 Nihil
787 1674 870 1705 domi
895 1684 969 1704 meae
996 1674 1120 1713 reliqui,
1142 1682 1197 1703 ‘cas
1218 1683 1273 1704 nec
1297 1673 1529 1702 vestimentum:
1553 1681 1616 1701 om-

144 1725 214 1747 nem
229 1716 340 1756 collegi
354 1717 575 1757 supellectilem
584 1727 596 1754 ;
613 1718 733 1749 renales
747 1717 906 1758 proposui,
925 1727 961 1748 ac
985 1717 1109 1748 vendidi
1128 1725 1229 1747 omnes
1250 1716 1391 1754 ancillas,
1406 1724 1521 1752 sert-os,
1535 1723 1616 1754 prae-

755 1814 996 1826 eeeeeeeeeeee

145 1886 228 1917 alios
245 1885 353 1926 magis
369 1885 547 1916 commode
561 1889 643 1926 puto
657 1891 734 1926 post
748 1887 823 1918 hoec.
838 1886 930 1918 Perl.
958 1886 999 1917 In
1013 1885 1215 1927 quibusdam
1227 1885 1311 1915 Mss.
1322 1889 1356 1915 et
1370 1883 1444 1915 ΕΡ.
1458 1884 1530 1915 ΕΤ.
1543 1884 1616 1916 EV.

145 1932 176 1961 1.
192 1930 269 1970 Bip.
283 1930 354 1960 mei.
393 1929 447 1960 Ita
460 1933 495 1960 et
509 1929 711 1960 Valla—77
737 1929 862 1960 Soliciti
876 1933 945 1960 sunt
962 1940 1066 1960 cansa.
1114 1929 1164 1959 Ex
1183 1927 1403 1969 sequentibus
1419 1929 1428 1944 ‘
1445 1927 1617 1966 vestiant‚'

144 1977 153 1990 ‘
168 1971 312 2003 faciam’
331 1976 477 2012 apparet
493 1972 546 2002 hic
562 1971 758 2012 legendnm,
781 1973 899 2004 soliciti
925 1973 999 2003 sint.
1044 1972 1141 2003 Vidit
1166 1970 1229 2001 hoc
1257 1971 1298 2001 T.
1315 1970 1437 2009 Faber,
1461 1976 1496 2000 et
1522 1977 1616 2002 recte

143 2015 196 2046 vir
212 2014 365 2046 eruditus
383 2015 412 2045 ei
431 2015 588 2047 accessit.
613 2016 709 2046 Bent.
755 2016 848 2046 Perl.
867 2016 950 2056 legit
967 2019 1052 2054 sunt,
1069 2021 1104 2046 et
1122 2019 1219 2045 notat
1236 2016 1244 2030 ‘
1260 2015 1301 2045 al.
1317 2014 1394 2051 sint,
1413 2014 1618 2053 perperam!

144 2057 224 2089 Sunt
241 2058 325 2089 dant
340 2058 399 2088 ΒΓ.
416 2057 455 2089 Ζ.
501 2058 646 2089 Bothius
662 2059 758 2099 legit,
775 2058 809 2090 S.
836 2059 899 2090 sint
922 2059 1049 2096 soliciti,
1070 2069 1118 2088 me
1134 2068 1228 2088 unum
1245 2060 1279 2087 ut
1295 2058 1452 2097 expleant,
1467 2056 1614 2088 Ancilloe.

145 2104 231 2132 —79
256 2101 399 2141 Repone
416 2110 458 2131 ex
488 2101 593 2141 ipsius
621 2102 784 2132 orationis
811 2107 931 2133 tenore
957 2108 991 2132 et
1020 2102 1096 2131 filo:
1126 2100 1161 2131 T.
1188 2110 1212 2131 e.
1239 2110 1264 2131 s,
1283 2099 1426 2138 faciam:
1449 2100 1502 2139 qui
1526 2110 1562 2139 g.
1586 2110 1619 2131 u.

148 2144 224 2175 Nisi
240 2143 303 2174 hoc
319 2143 456 2182 feceris,
480 2153 543 2184 pro
561 2144 648 2181 eJ'eci,
670 2145 765 2183 legas
782 2144 900 2183 ejiciam
918 2150 976 2175 aut
994 2144 1117 2182 aejexim.
1165 2143 1230 2174 sed
1255 2143 1337 2173 illud
1362 2143 1493 2173 melius.
1520 2144 1618 2175 Bent-

144 2187 154 2204 ‘
169 2187 271 2227 Vulg.
285 2187 338 2217 sed
353 2190 500 2225 gnatum,
524 2188 625 2217 solito
639 2196 765 2218 errore.
810 2188 889 2218 vid.
908 2188 948 2217 ad
966 2187 1060 2218 Prol.
1080 2189 1129 2217 13.
1149 2187 1189 2223 si,
1215 2185 1303 2217 etsi)
1329 2185 1422 2216 Both.
1471 2186 1534 2221 Qui
1558 2186 1618 2218 dat

145 2230 326 2261 Perl.—80
351 2229 389 2260 In
408 2238 468 2268 pro
486 2230 533 2259 uti
550 2229 799 2261 Guelf.2.——82
825 2231 864 2261 E.
888 2241 916 2261 e.
942 2229 1017 2268 ejeci
1045 2230 1126 2261 hinc.
1171 2229 1297 2260 Meum·
1320 2237 1478 2259 uumerus
1504 2235 1553 2259 est
1582 2230 1616 2260 in

145 2274 244 2304 Beni.
262 2278 296 2303 et
314 2272 483 2312 aliquibus
500 2273 588 2311 aliis,
611 2273 651 2303 E.
668 2283 694 2304 e.
713 2273 785 2304 hinc
800 2274 884 2311 ejeci.
912 2273 967 2304 Fa.
1012 2274 1020 2289 ‘
1039 2274 1134 2304 Unus
1159 2277 1290 2302 tantum
1316 2281 1359 2302 ex
1383 2272 1522 2310 nostris,
1543 2273 1618 2311 ejeci

146 2315 234 2347 hinc:
259 2315 366 2346 ceteri
389 2321 497 2354 recte,
520 2315 592 2346 hinc
618 2315 714 2354 ejeci!
741 2317 842 2347 Beni.
889 2316 1055 2347 ‘Suavior
1080 2320 1179 2346 sonat
1202 2315 1277 2346 haec
1302 2315 1485 2346 collocatio
1513 2315 1618 2346 Bent.

145 2368 245 2399 quam
263 2368 338 2399 quae
358 2359 458 2398 vulgo
473 2362 538 2396 est,
553 2359 594 2390 E.
611 2369 636 2390 e.
651 2359 726 2397 ejeci
741 2359 834 2391 hinc!
859 2359 1041 2390 perh—84
1070 2359 1108 2391 V.
1130 2359 1151 2390 ι’-
1175 2358 1295 2389 incolit.
1339 2358 1437 2388 Bem.
1463 2358 1549 2397 colit,
1574 2359 1616 2389 V.

146 2407 181 2432 et
200 2402 255 2432 Vi.
272 2402 368 2432 colet:
391 2400 480 2441 quod
497 2406 531 2432 et
548 2402 673 2442 placet.
697 2403 758 2433 Fa.
802 2404 810 2418 ‘
827 2403 991 2434 Meliores
1020 2402 1126 2433 nostri
1152 2402 1241 2440 colet,
1264 2408 1300 2432 ut
1329 2401 1461 2432 Nonius
1479 2411 1510 2432 v.
1538 2403 1546 2418 ‘
1562 2411 1617 2432 co-

146 2443 252 2475 lerez’
276 2444 384 2475 ceteri
400 2443 536 2476 incolet!
560 2445 665 2476 Bent.
703 2449 711 2462 ‘
727 2445 853 2476 Incolit.
900 2445 994 2476 Alias
1015 2444 1151 2476 incolet!
1175 2445 1319 2475 Eia—85
1345 2443 1616 2483 Animadvertis,

146 2487 265 2526 credo,
288 2486 371 2517 illud
393 2487 502 2527 patria
527 2487 598 2518 sine
626 2488 695 2518 ullo
724 2495 883 2526 accentu,
908 2495 944 2519 ut
970 2489 1095 2519 nullius
1121 2487 1395 2528 significationis,
1419 2489 1617 2518 transmitti.

146 2530 202 2562 Ne
218 2530 282 2560 hoe
295 2530 342 2560 sic
360 2530 475 2568 abeat,
500 2539 666 2570 reponere
691 2532 808 2571 possis,
832 2532 971 2572 Inopem,
994 2535 1149 2562 carentem
1169 2531 1278 2570 patria
1301 2529 1338 2559 ob
1364 2539 1446 2560 meas
1472 2530 1617 2570 infir-ias.

144 2573 282 2604 ‘Vitam
301 2573 414 2613 patria
429 2579 601 2603 carentem
617 2573 639 2612 3’
663 2578 700 2605 ut
727 2574 853 2605 Horat.
884 2577 997 2606 Carni.
1023 2584 1045 2606 1.
1076 2577 1129 2605 31.
1153 2579 1160 2590 ⁸
1176 2573 1252 2604 Nec
1279 2579 1413 2613 turpem
1442 2581 1617 2604 senectam

147 2616 297 2657 Degere,
320 2625 382 2646 nec
399 2616 530 2646 cithara
553 2617 750 2648 carentem.’
800 2618 930 2648 Nouius
957 2624 1069 2648 tamen
1095 2627 1127 2647 v.
1153 2617 1274 2646 Colere
1298 2625 1406 2646 carens
1431 2616 1558 2654 habet;
1582 2624 1617 2648 et

146 2660 195 2689 sic
229 2659 274 2690 ibi
302 2658 411 2689 codex
436 2664 552 2689 noster
579 2660 794 2691 veterrimus.
842 2661 947 2692 Forte
974 2661 1015 2691 ab
1047 2666 1189 2691 auctore
1215 2664 1304 2695 erat,
1329 2659 1423 2699 Inops
1452 2669 1618 2700 carensque

143 2702 261 2741 patria.
288 2701 390 2732 Bent.
437 2703 446 2719 ‘
462 2701 601 2742 Inopem,
624 2712 688 2733 car.
703 2706 789 2741 patr.
811 2703 848 2733 ob
864 2714 903 2735 m.
927 2704 951 2734 i.
983 2704 1126 2744 pessime
1154 2702 1334 2733 obscurato
1360 2701 1463 2732 verbo
1489 2702 1618 2742 patria.'

148 2745 249 2775 Both.
267 2744 322 2785 qui
337 2744 433 2783 legit,
459 2745 573 2775 Patria
587 2755 710 2783 careus,
732 2746 831 2786 inops,
855 2746 891 2777 ob
905 2756 946 2777 m.
963 2746 1070 2777 i.—87
1096 2746 1152 2776 Sic
1170 2744 1248 2775 edd.
1274 2749 1359 2775 vett.
1385 2750 1420 2775 et
1447 2755 1488 2775 ex
1515 2746 1616 2776 codd.

148 2787 272 2818 uostris
301 2797 409 2818 imus:
433 2788 539 2819 ceteri
561 2798 704 2829 parcens,
735 2799 884 2830 quserens.
921 2790 1112 2821 Beut.—88
1138 2786 1181 2820 G.
1206 2797 1331 2829 prorsus
1357 2787 1448 2824 nillil,
1476 2789 1616 2828 lya-90
