1966 3302
521 215 938 250 HEAUTONTffloR.
972 219 1081 249 Aer.
1108 220 1149 248 v.
1184 219 1253 248 sc.
1276 219 1327 247 11.
1555 208 1641 248 65³3

188 317 272 359 CL.
305 316 473 358 Adeon'
495 329 584 357 rem
606 316 808 365 rediisse,
831 319 877 356 ut
896 314 1141 369 periculum
1162 314 1293 356 etiam
1312 313 1427 355 fame
1449 312 1554 354 mihi
1569 315 1639 363 sit,

361 386 504 439 Syre?

186 453 271 495 SY.
303 453 442 495 Modo
461 453 595 493 liceat
616 451 775 501 vivere,
805 456 874 492 est
905 465 1026 505 spes.
1089 449 1172 491 CL.
1208 448 1359 500 Quae‘?
1421 450 1505 490 SY.
1538 449 1637 490 Nos

359 521 598 563 esurituros
619 519 742 560 satis.

186 588 269 630 CL.
301 588 465 630 Irrides
504 588 550 628 in
588 600 631 627 re
667 587 822 627 tanta?
872 599 1015 641 neque
1051 598 1118 626 me
1160 586 1400 639 quicquam
1445 584 1637 626 consilio

360 655 579 697 ad'uvas‘?

186 724 270 766 SY.
302 670 445 765 Immb
465 727 507 764 et
524 724 586 765 ibi
607 737 726 765 nunc
758 736 868 773 sum,
899 728 943 764 et
973 734 1112 776 usque
1144 721 1191 762 id
1222 721 1287 775 egi
1322 720 1504 770 dudum,
1537 721 1641 762 dum

353 793 552 846 loquitur
576 797 727 845 pater3
1588 790 1644 831 30

188 860 259 911 Et,
282 866 494 916 quantum
522 873 606 913 ego
626 859 865 912 intelligere
893 871 1078 912 possum
1096 856 1302 899 ——Cu
1337 856 1491 908 Quid?
1555 858 1641 899 SY.

359 928 463 970 Non
486 928 628 969 aberit
645 927 835 980 longius.

186 995 271 1038 CL.
304 996 425 1047 Quid
448 996 491 1037 id
512 995 646 1049 ergo?
705 995 789 1035 SY.
821 994 897 1035 Sic
919 998 999 1044 est,
1019 1007 1104 1034 non
1134 1006 1237 1034 esse
1267 993 1420 1034 horum
1451 997 1496 1034 te
1528 993 1643 1034 arbi-

299 1056 303 1059 ’
358 1071 459 1106 tror.
521 1064 603 1105 CL.
636 1063 757 1114 Quid
779 1063 908 1113 istuc,
932 1062 1073 1117 Syre?

187 1131 324 1174 Satin'
345 1145 480 1174 sanus
501 1133 580 1173 es?
642 1132 725 1173 SY.
757 1131 852 1185 Ego
882 1131 1043 1182 dicam,
1076 1130 1192 1184 quod
1222 1129 1328 1171 mihi
1356 1129 1402 1170 in
1432 1133 1642 1171 mentem:

359 1206 407 1242 tu
428 1200 637 1254 dijudica.

188 1268 309 1310 Dum
330 1269 430 1309 istis
450 1267 572 1309 fuisti
594 1267 730 1317 solus,
751 1266 852 1307 dum
872 1266 987 1307 nulla
1008 1266 1096 1306 alia
1117 1265 1351 1307 delectatio

187 1334 302 1386 Quae
342 1336 521 1391 propior
561 1339 694 1384 esset,
733 1337 775 1377 te
815 1335 1119 1389 indulgebant,
1161 1334 1243 1376 tibi
1285 1334 1479 1376 dabant:
1525 1347 1641 1375 nunc

358 1403 452 1444 filia
1588 1402 1645 1444 35

187 1527 286 1549 meam
299 1519 456 1550 redactam
480 1529 544 1550 esse
567 1519 601 1549 in
625 1528 694 1550 eum
718 1521 846 1556 statum,
871 1521 907 1549 ut
926 1517 1098 1557 periculum
1124 1517 1247 1549 subeam
1262 1517 1352 1555 fame
1365 1516 1537 1557 pereundi?
1579 1516 1643 1548 Sv-

188 1561 362 1593 Dummodo
383 1562 588 1603 permittatur
612 1561 700 1593 nobis
712 1561 785 1599 frui
811 1561 888 1598 vita,
912 1570 980 1600 spes
1004 1564 1059 1592 est.
1105 1560 1168 1593 CL.
1195 1561 1347 1595 Quaenam
1368 1570 1436 1610 spes
1450 1560 1561 1591 relicta
1576 1558 1645 1592 est?

186 1603 248 1636 SY
272 1604 349 1646 Spes
363 1608 409 1636 est
414 1605 488 1643 sore
502 1608 536 1636 ut
553 1615 612 1635 non
628 1605 821 1636 mediocriter
836 1604 933 1634 esurie
944 1613 1132 1644 premamur.
1178 1603 1362 1635 01„deae
1382 1605 1414 1634 in
1434 1612 1468 1633 7e
1483 1606 1548 1633 tam
1562 1602 1644 1633 seria

188 1650 219 1678 et
242 1647 366 1686 misera,
389 1657 484 1688 neque
502 1648 726 1688 aliquantulum
747 1647 871 1678 consilio
886 1647 963 1677 mihi
978 1646 1141 1678 succurri&
1187 1648 1248 1677 ΒΥ.
1271 1647 1379 1682 Immo,
1395 1650 1425 1677 et
1437 1656 1518 1677 uum·
1530 1649 1645 1686 praesto

189 1699 258 1721 sum
272 1690 330 1722 tibi
330 1692 478 1741 adjutor,
492 1694 522 1722 et
545 1701 663 1732 semper
676 1691 776 1722 adhuc
788 1689 865 1728 fui;
887 1691 981 1721 etiam
995 1691 1067 1720 dum
1081 1693 1170 1730 pater
1186 1690 1363 1730 loquebatur
1378 1693 1488 1728 tecum,
1502 1692 1533 1720 et
1547 1699 1643 1729 quan·
1686 1701 1688 1703 ’

190 1737 257 1764 tum
271 1734 421 1773 conjicere
441 1744 574 1775 possum.
621 1734 685 1765 CL.
712 1734 797 1770 Quid
824 1736 893 1764 est?
925 1734 986 1764 SY.
1011 1734 1086 1764 Non
1110 1733 1164 1763 diu
1186 1736 1280 1774 puter
1306 1733 1414 1763 absens
1430 1733 1564 1770 futurus
1587 1736 1644 1763 est.

155 1797 161 1803 -
188 1776 251 1808 CL.
274 1778 363 1817 Ergo
378 1777 452 1818 qum
467 1781 533 1808 est?
576 1777 638 1808 SY.
667 1777 716 1808 Ita
730 1787 779 1808 res
794 1786 823 1806 se
838 1777 941 1815 habet,
954 1776 1075 1815 opinor,
1088 1780 1118 1806 te
1133 1786 1193 1806 nou
1209 1785 1274 1807 esse
1277 1775 1385 1817 filium
1400 1776 1510 1806 horum
1525 1775 1644 1816 (Chre-

187 1819 279 1851 metis
291 1824 323 1851 et
339 1819 518 1860 Sostratae).
564 1820 625 1851 CL.
653 1821 682 1850 0
699 1820 790 1860 Syre,
804 1829 859 1850 cur
872 1820 950 1850 uicis
964 1819 1072 1850 istud?
1093 1821 1211 1850 satisne
1226 1819 1338 1849 mentis
1351 1828 1470 1859 compos
1486 1822 1538 1849 es?
1581 1818 1644 1849 SY.

189 1862 261 1902 Ego
283 1863 385 1894 dicam
409 1865 487 1904 quod
508 1863 605 1894 ‘menti
626 1864 782 1899 occurrit;
810 1866 845 1893 tu
868 1863 1048 1893 arbitrare.-
1071 1862 1218 1903 quamdiu
1242 1862 1422 1902 parentibus
1452 1862 1558 1892 unicus
1581 1871 1644 1892 esse

187 1905 384 1938 existimatus
399 1917 442 1945 es,
457 1906 605 1947 quamdiu
626 1907 712 1937 nulla
725 1907 796 1945 suit
822 1905 885 1936 illis
909 1907 1009 1945 major
1024 1909 1055 1936 et
1066 1905 1267 1946 propinquior
1282 1907 1425 1946 voluptas
1435 1915 1526 1944 quum
1541 1904 1574 1935 in
1590 1906 1620 1934 te
1634 1915 1645 1941 ,-

188 1948 406 1987 tibifavebant
430 1953 461 1981 et
477 1950 592 1989 faciles
617 1953 720 1989 erant,
745 1949 803 1980 tibi
823 1949 911 1988 large
933 1948 1064 1979 dabunt.-
1088 1959 1180 1988 nuuc,
1199 1951 1361 1990 postquam
1383 1947 1553 1988 Antiphila
1569 1947 1645 1989 filia

798 2032 1039 2047 “temen-‘⁵‘

188 2100 319 2141 quenti.
343 2101 440 2131 Bent.
484 2101 543 2132 ΒΥ.
558 2101 706 2132 alienavit
723 2100 897 2139 sibi:ja1n.
942 2101 952 2118 ‘
966 2100 1070 2140 Vulg.
1094 2099 1165 2138 tibi,
1187 2098 1329 2139 frigide:
1352 2107 1477 2140 nempe
1499 2097 1645 2128 adhaesit

188 2146 260 2173 tex
285 2143 512 2174 antecedente
542 2143 669 2175 verbo!
692 2144 790 2175 Both.
819 2144 875 2184 qui
903 2144 985 2184 legit
1011 2142 1210 2174 abalienavit.
1256 2141 1306 2172 Ibi
1321 2141 1402 2180 jam.
1445 2141 1644 2172 Abalienuuit

188 2185 369 2218 Per1.-27
395 2185 463 2217 Alii
476 2197 494 2216 a
508 2187 607 2225 fame.
655 2187 735 2227 Syre
753 2188 848 2218 abest
862 2188 962 2218 Bodl.
985 2187 1081 2217 West.
1120 2186 1281 2216 Periclum
1295 2186 1390 2215 etium
1406 2185 1523 2222 afume
1540 2185 1644 2215 Bent.

188 2229 347 2260 Perit-lum
374 2230 417 2260 mi
442 2232 539 2260 etium
565 2230 606 2260 sit
629 2229 718 2267 fame
744 2230 846 2261 Both.
890 2230 919 2261 A
944 2230 1033 2268 fame
1066 2229 1156 2259 Perl-
1204 2229 1333 2259 Redisse
1362 2228 1509 2258 Br.—28
1542 2227 1642 2259 Bodl.

189 2272 381 2307 Quum—30
405 2271 514 2303 Abest
542 2272 647 2303 dictio
670 2274 702 2304 id
718 2274 769 2312 egi
786 2272 904 2304 Guelf.
921 2276 952 2303 2.
1000 2272 1080 2312 Egit
1097 2281 1158 2312 pro
1181 2272 1318 2312 loquitur
1334 2272 1451 2302 3.—31
1476 2270 1563 2301 Sunt
1586 2272 1644 2311 qui

186 2314 300 2346 abierit
315 2316 446 2356 legunt,
470 2316 702 2355 intelligentes
718 2315 759 2346 de
777 2321 900 2356 patre3
924 2320 962 2346 ut
988 2325 1105 2346 sensus
1133 2315 1194 2345 sit:
1219 2324 1286 2345 non
1312 2315 1412 2353 longe
1438 2313 1645 2346 discesserit.

187 2358 258 2389 Alii
288 2358 362 2390 Non
389 2358 488 2389 aberit
527 2359 650 2398 longius
683 2358 757 2389 snb.
788 2359 991 2400 pericnlum.
1061 2359 1189 2389 Rursus
1229 2357 1286 2387 alii
1326 2357 1400 2387 Non
1437 2357 1550 2387 abierit
1578 2357 1644 2388 lon-

184 2401 270 2441 gius.
301 2411 333 2442 q.
364 2402 396 2433 d.
453 2403 522 2432 Res
551 2411 616 2431 non
644 2411 684 2432 eo
714 2412 820 2442 usque
863 2401 1042 2442 procedet,
1077 2411 1144 2442 quo
1177 2404 1212 2431 tu
1245 2406 1358 2440 putas.
1398 2400 1644 2431 Westerhovius.

187 2447 273 2475 —32
296 2444 414 2475 Filium
430 2449 508 2485 post
522 2447 552 2475 te
569 2444 683 2476 Guelf.
700 2447 731 2476 3.
776 2447 785 2463 ‘
803 2444 870 2475 Alii
890 2445 955 2480 Qui
969 2444 1072 2475 istuc?
1097 2444 1206 2475 West.
1251 2444 1304 2474 lta
1327 2442 1403 2474 cod.
1427 2443 1582 2483 egregins
1599 2443 1645 2475 G.

187 2487 349 2523 Fabricii,
368 2488 471 2518 Bent.
490 2488 571 2527 Bip.
588 2488 777 2519 Rom—33
802 2488 886 2519 Mss.
903 2487 1063 2529 quidam:
1088 2487 1166 2527 quod
1187 2487 1220 2517 in
1237 2490 1336 2517 mente
1362 2486 1438 2516 mihi
1462 2490 1518 2517 est.
1563 2485 1645 2522 Alii,

187 2531 267 2571 quod
281 2531 358 2561 mihi
373 2530 406 2560 z'n
428 2533 561 2561 mentem
583 2534 641 2562 est.
664 2531 775 2561 West.
823 2531 953 2562 Omnes
983 2532 1002 2562 Ι.
1031 2540 1058 2560 S.
1082 2531 1116 2561 in
1142 2534 1242 2561 mente
1267 2532 1325 2565 est,
1350 2534 1477 2570 praeter
1492 2530 1534 2559 V.
1551 2529 1644 2560 Puto

187 2574 363 2614 vulgatam
377 2583 490 2604 veram
507 2583 594 2611 esse,
609 2578 644 2604 et
658 2573 942 2614 subaudiendum,
955 2574 964 2590 ‘
977 2573 1094 2605 venit.'
1117 2573 1176 2604 Fa.
1222 2573 1319 2604 Unus
1337 2582 1379 2603 ex
1393 2572 1514 2603 nostris
1531 2582 1645 2602 recen-

187 2616 256 2647 tior
277 2617 311 2647 in
334 2620 484 2647 mentem.-
507 2617 619 2656 plnres
642 2617 676 2647 iu
700 2620 800 2648 mente
824 2620 886 2647 est:
911 2617 1058 2658 quinque
1085 2625 1128 2646 ex
1154 2615 1350 2646 melioribus
1374 2615 1408 2645 in
1434 2619 1565 2645 mentem
1589 2619 1646 2646 est.

187 2659 314 2691 Recte:
340 2660 390 2691 ita
405 2669 499 2700 saepe
514 2660 671 2690 Plautus.
697 2659 794 2690 Beut.
840 2660 881 2690 In
895 2663 995 2691 mente
1009 2663 1055 2690 est
1071 2659 1149 2699 Bip.
1165 2659 1224 2689 ΒΥ.
1242 2659 1297 2699 qui
1315 2658 1416 2689 etiam
1434 2658 1492 2688 Sat
1518 2659 1649 2688 insanus

188 2700 246 2733 es?
291 2702 330 2733 In
354 2701 486 2733 mentem
509 2706 555 2733 est
583 2702 622 2732 Z.
648 2702 826 2734 perh—34
851 2702 960 2734 Abest
983 2702 1082 2741 filista*
1111 2700 1226 2733 Guelf.
1256 2704 1371 2732 2.-35
1397 2701 1547 2731 Praestat
1572 2701 1644 2731 haec

189 2744 366 2776 distinctio
383 2755 452 2785 prae
468 2746 546 2776 illa:
573 2746 653 2781 Quoe
666 2745 794 2786 propior
808 2750 887 2776 esset
903 2750 945 2784 te,
967 2745 1178 2785 indulgebant.
1224 2745 1309 2775 Mss.
1326 2749 1360 2774 et
1377 2744 1463 2774 editi
1484 2743 1619 2785 quidam
1636 2755 1642 2773 :

189 2786 247 2817 tibi
262 2788 357 2820 indul.
381 2788 489 2822 West.
536 2789 624 2820 Esset
641 2792 684 2828 te,
700 2789 759 2820 Br.
806 2789 896 2820 Esset
923 2793 966 2828 te,
989 2788 1189 2828 indulgebant
1218 2788 1287 2827 tibi,
1309 2787 1425 2818 dubunt
1441 2787 1518 2827 Bip.
1565 2788 1644 2817 Ver.
