1966 3302
504 226 852 269 ADELPHORUM
889 226 1085 256 ACT.1V.
1119 227 1188 256 Sc.
1224 228 1266 255 v.
1534 219 1619 259 755

163 321 249 363 M1.
281 319 402 370 Quid
437 319 557 362 illam
590 321 635 360 ni
671 320 893 362 abducat?
955 323 1056 363 [Es.
1091 322 1277 363 Factum
1316 336 1343 363 a
1377 323 1503 365 vobis
1539 324 1619 365 du-

335 389 450 437 riter,

164 455 682 509 Immisericorditerque;
713 460 846 509 atque
866 457 1011 506 etium,
1032 458 1070 497 si
1091 461 1172 507 est,
1195 462 1336 511 pater,

163 523 413 566 Dicendum
435 523 576 575 magis
597 528 761 577 aperte,
782 524 1065 566 illiberaliter.
1565 529 1622 568 30

164 591 250 632 Ml.
287 591 621 642 Quamobrem?
705 591 805 633 AES.
854 592 1006 645 Rogas
1041 593 1143 633 me?
1194 593 1300 645 quid
1337 593 1399 634 illi
1439 594 1620 636 tandem

334 659 511 701 creditis

164 726 279 767 Fore
298 727 429 767 animi
452 727 622 775 misero,
644 728 718 780 qui
739 740 838 768 cum
860 727 935 767 illa
956 729 1187 770 consuevit
1207 729 1346 782 prius,

164 793 257 844 Qui
276 794 429 835 infelix
447 794 562 835 haud
584 795 679 836 scio
703 808 759 835 an
779 796 897 836 illam
921 797 1076 837 misere
1098 810 1208 836 nunc
1232 803 1365 846 amat,

163 861 275 903 Cum
296 862 410 903 hanc
432 862 518 903 sibi
541 863 710 903 videbit
731 877 928 917 praesens
951 865 1159 918 praesenti
1178 854 1341 919 eripi,m

163 991 227 1023 Mt.
252 992 303 1023 lta
316 997 372 1026 est.
419 993 504 1028 Quid
519 997 566 1024 est
580 1003 678 1024 causoe
694 1003 749 1024 cur
762 1004 821 1025 non
835 994 964 1026 ‹dnlucat
979 993 994 1026 ί)
1032 994 1100 1025 ffis.
1126 995 1217 1025 Dura
1233 998 1345 1033 mente,
1362 998 1392 1025 et
1410 994 1622 1027 misericordia

162 1039 287 1074 experte
310 1037 431 1075 egistis,
446 1041 480 1066 tu
493 1041 596 1077 pater,
612 1040 641 1066 et
660 1037 803 1068 Milesius
820 1038 872 1068 ille
887 1038 1003 1068 amicus
1018 1048 1085 1068 cum
1108 1037 1157 1067 his
1179 1038 1370 1075 mulieribus,
1385 1041 1427 1078 ec,
1441 1043 1476 1069 ut
1490 1039 1622 1078 ingenue

163 1078 325 1109 (licendum
340 1084 398 1118 est,
412 1090 472 1109 non
486 1083 521 1110 ut
537 1080 621 1109 viros
636 1080 775 1110 liberales
790 1084 817 1110 et
833 1082 974 1111 honestos
995 1082 1088 1112 decet.
1136 1081 1199 1111 Ml.
1227 1081 1311 1115 Quid
1327 1081 1372 1110 ita
1387 1084 1399 1111 ‚7
1442 1082 1509 1112 ΑΕΒ.
1536 1082 1622 1117 Quid

162 1120 210 1151 ila
223 1121 338 1159 rogus?
361 1123 506 1162 quomodo
520 1122 691 1153 animatum
708 1126 739 1153 et
760 1123 905 1163 affectum
921 1124 995 1162 fore
1012 1125 1090 1154 hunc
1106 1124 1259 1153 misellum
1275 1133 1391 1160 censes,
1409 1125 1460 1163 qui
1476 1135 1544 1154 cum
1566 1126 1623 1155 huc

161 1163 286 1202 virgine
301 1175 379 1196 nunc
393 1175 486 1205 usque
501 1169 696 1196 conversatus
711 1168 766 1204 est,
776 1170 919 1206 tanquam
933 1177 1027 1198 uxore
1043 1171 1122 1197 sua?
1145 1167 1198 1206 qni
1214 1166 1326 1205 infelix
1342 1168 1434 1197 etiam
1441 1167 1530 1205 forte
1542 1178 1622 1198 nunc

163 1206 227 1245 ejus
241 1217 342 1239 amore
368 1208 578 1249 inflammatus
599 1212 656 1249 est,
679 1210 798 1249 quando
814 1209 986 1241 intuebitur
998 1210 1076 1241 Ιιαηε
1091 1209 1259 1240 crudeliter
1273 1213 1453 1251 proesentem
1469 1210 1527 1241 sibi
1541 1221 1622 1251 μνω-

774 1304 1011 1316 eeeeeeeeeeee

164 1369 249 1400 illam
264 1367 312 1409 m']
333 1368 467 1400 Tmesis
484 1368 633 1401 Comica.
682 1369 722 1400 In
748 1370 908 1410 plusculis
925 1374 1038 1401 tamen
1057 1370 1150 1401 libris
1179 1375 1244 1409 est,
1264 1371 1384 1406 Quidni
1401 1371 1495 1402 illam.
1516 1373 1624 1405 West.

168 1412 286 1448 Quidni
311 1411 412 1452 illam]
437 1413 566 1444 Omnes
593 1412 721 1453 antiqui
739 1413 827 1452 libri,
845 1419 878 1444 et
897 1414 1048 1455 plerique
1077 1424 1117 1444 ex
1143 1414 1351 1449 recentibus,
1371 1415 1455 1450 Quid
1478 1415 1562 1446 illam
1579 1416 1623 1447 ni.

164 1455 223 1487 Fa.
246 1455 301 1486 Ita
317 1456 424 1486 nostri
442 1464 575 1496 quoque
594 1456 748 1496 plerique
766 1466 892 1487 onmes.
918 1457 1015 1488 Bent.
1056 1457 1177 1492 Quidni
1192 1457 1294 1496 illam]
1319 1458 1375 1488 Sic
1394 1458 1471 1488 Hel.
1488 1464 1524 1489 et
1542 1465 1626 1489 vett.

165 1498 243 1530 edd.
273 1499 372 1536 Vulg.
393 1499 480 1534 Quid
505 1499 591 1529 illam
613 1499 658 1536 m’,
693 1499 776 1530 dure
799 1505 902 1540 atque
929 1500 1128 1531 insolenter.
1153 1500 1250 1531 Both.
1277 1500 1334 1539 qui
1359 1501 1441 1531 illud
1466 1501 1524 1532 dat
1548 1511 1624 1532 cum

164 1541 291 1581 Delpli.
310 1541 477 1580 Bip.—30
501 1541 586 1573 GM.
611 1542 688 1573 illio.
705 1546 824 1582 aperte,
841 1543 922 1574 satis
950 1541 1102 1574 confuse.
1129 1543 1303 1574 Perl.--31
1331 1543 1441 1574 Credis
1461 1543 1577 1575 Guelf.
1595 1547 1626 1575 3.

165 1584 222 1615 Me
242 1583 336 1614 delet
352 1584 540 1615 Rom-32
567 1586 645 1615 Cum
668 1585 722 1616 illa
745 1585 916 1625 consuet-it]
941 1586 996 1617 Ita
1020 1585 1141 1617 Leidd.
1166 1586 1327 1626 quinque,
1343 1587 1399 1618 Tr.
1419 1587 1509 1628 Lips.
1526 1587 1628 1619 Bodl.

166 1626 235 1658 Sed
251 1627 301 1658 M.
319 1631 353 1658 et
370 1627 492 1658 Boend.
508 1627 558 1658 illa·
572 1628 747 1659 consuevit.-
774 1628 862 1669 quod
887 1629 1021 1660 Graecis
1046 1634 1110 1668 est,
1135 1630 1250 1667 ὁμιλεῖν
1265 1630 1332 1660 τινί.
1379 1629 1494 1671 Atque
1512 1630 1560 1660 ita
1580 1631 1628 1661 le·

166 1673 251 1710 gunt
273 1670 364 1700 Mur.
382 1669 433 1701 St.
460 1670 684 1710 Pulmannus,
707 1670 879 1710 Heinsius,
897 1676 932 1703 et
953 1673 1002 1702 his
1026 1672 1133 1703 multo
1150 1672 1354 1703 vetustiores
1379 1673 1472 1712 libri,
1497 1673 1529 1704 in
1554 1674 1626 1714 qui-

164 1713 227 1744 bus
246 1711 320 1744 EA.
359 1712 516 1753 Guyetus
531 1714 602 1744 κατ’
614 1713 809 1754 ἀναστροφὴν
825 1715 921 1754 legit,
934 1715 987 1755 qui
1003 1715 1057 1745 illa
1069 1725 1137 1745 cum
1153 1715 1253 1746 suevit
1265 1717 1361 1756 prior.
1401 1717 1473 1756 Ego
1490 1716 1627 1755 Juntas‚

165 1755 306 1796 Aldum,
327 1755 401 1786 ΕΡ.
418 1760 454 1787 et
471 1756 553 1787 alias
573 1762 712 1788 secutus
729 1768 813 1790 sum.
850 1758 978 1799 Estque
1000 1758 1139 1788 Phi-asis
1164 1759 1271 1798 magis
1288 1759 1505 1790 Terentiana.
1529 1759 1627 1790 Prius

165 1799 279 1839 vulgo.
326 1799 420 1829 Prior
447 1804 561 1831 tamen
587 1800 693 1831 vincit
724 1810 863 1832 numero
891 1801 1065 1832 librorum.
1110 1802 1163 1831 Sic
1188 1802 1275 1832 Eun.
1306 1801 1398 1832 Prol.
1425 1805 1455 1833 6.
1501 1804 1509 1819 ‘
1536 1802 1627 1834 Quia

164 1841 255 1873 laesit
272 1841 386 1882 prior!
413 1843 507 1873 West.
546 1843 609 1873 Do.
621 1848 657 1874 et
670 1844 768 1874 Bem.
784 1844 836 1884 qui
852 1845 916 1875 illa.
961 1845 1122 1876 Ceterum
1141 1844 1326 1875 dictionem
1339 1845 1430 1884 prius
1446 1855 1510 1876 non
1529 1846 1627 1885 ponit

165 1884 342 1916 Donatus:
367 1885 452 1915 liber
478 1894 558 1917 vero
583 1886 769 1917 Bembinus
796 1892 832 1918 et
855 1887 1010 1928 plerique
1039 1888 1096 1918 alii
1120 1888 1262 1928 antiqui,
1291 1888 1365 1918 loeo
1389 1888 1474 1928 ejus,
1497 1888 1627 1920 liabent

160 1929 263 1968 prior,
285 1932 324 1959 ut
341 1932 376 1958 et
401 1927 434 1958 in
452 1928 628 1969 Eunucho,
645 1930 758 1962 ‘Quia
773 1930 864 1961 laesit
881 1930 998 1971 prior!
1023 1931 1083 1962 Fa.
1116 1930 1178 1965 Qui
1195 1930 1250 1961 illa
1275 1932 1429 1961 consuevit
1444 1931 1546 1972 prior]
1569 1931 1626 1962 Sic

166 1980 210 2001 ex
228 1971 324 2002 Bem.
353 1970 519 2011 Faernus,
543 1972 602 2003 sed
622 1982 641 2003 a
665 1973 870 2004 Coi-rectore
896 1978 1012 2004 vetere
1036 1979 1101 2010 est,
1119 1978 1304 2004 metrorum
1333 1974 1456 2014 perite.
1505 1974 1625 2005 Nostri

166 2013 317 2044 universi
344 2023 413 2044 cum
428 2014 483 2045 illa
499 2020 534 2045 et
549 2015 646 2054 prius.
691 2016 754 2054 Tu,
778 2016 829 2047 vel
859 2026 998 2057 repone,
1015 2022 1052 2046 ut
1076 2016 1211 2048 codices
1236 2018 1357 2055 ceteri,
1373 2017 1462 2058 quod
1491 2017 1533 2047 ab
1561 2019 1627 2048 alio

165 2061 375 2096 praereptum
394 2056 504 2096 video,
525 2058 607 2089 Fore
619 2058 716 2088 animi
731 2059 852 2096 misero,
864 2060 985 2100 quicum
1000 2060 1056 2090 illa
1079 2060 1235 2090 consuevit
1248 2060 1355 2099 prius:
1380 2060 1447 2099 vel,
1464 2059 1552 2100 quod
1572 2070 1627 2090 ve-

167 2099 238 2129 rius
264 2099 434 2138 existimo,
450 2100 531 2131 Fore
547 2101 643 2131 animi·
659 2102 780 2140 misero,
797 2102 849 2141 qui
864 2112 931 2132 cum
944 2113 979 2134 ea
995 2103 1149 2133 consuet-it
1162 2103 1261 2142 prior.
1295 2102 1436 2134 Servius
1454 2108 1567 2133 tamen
1585 2104 1628 2134 ad

167 2142 242 2173 AEn.
258 2150 305 2173 xv.
329 2144 403 2173 408.
428 2143 480 2182 qui
501 2153 570 2174 cum
595 2143 651 2174 illa
673 2146 842 2175 consuerit.
864 2146 967 2176 Bent.
1004 2146 1084 2176 Cum
1107 2145 1178 2185 illa]
1203 2146 1274 2176 Par
1300 2146 1410 2176 omitt.
1435 2156 1502 2176 cum
1527 2148 1627 2178 male.

168 2185 257 2215 Perl.
283 2185 348 2220 Qui
363 2184 411 2215 illi
426 2185 521 2226 cons]
544 2185 599 2217 Sic
617 2187 731 2227 plures
748 2188 830 2219 Mss.
848 2192 884 2218 et
906 2189 991 2219 editi
1010 2193 1093 2219 vett.
1108 2189 1214 2229 (inter
1238 2198 1321 2229 quos
1337 2194 1452 2220 nostra
1475 2189 1578 2229 Arg.)
1593 2195 1629 2221 et

168 2237 258 2259 rece.
274 2228 422 2269 itemque
450 2229 517 2259 Do.
535 2229 593 2270 qui
619 2235 731 2260 tamen
749 2235 784 2261 et
810 2231 875 2271 legi
903 2231 987 2262 dicit
1012 2231 1213 2272 illam‚quod
1240 2231 1322 2262 ferri
1348 2232 1478 2272 nequit.
1525 2233 1629 2264 Multi

168 2275 297 2311 praeter
313 2276 459 2302 metrum
474 2271 591 2312 legunt
606 2282 677 2303 cum
693 2272 748 2304 illa
768 2283 850 2304 cons.
867 2275 946 2314 Bip.
964 2284 1039 2314 quae
1063 2274 1122 2305 dat
1147 2284 1222 2304 cum
1247 2274 1373 2314 Delph.
1390 2275 1444 2315 qui
1458 2274 1517 2306 illi.
1565 2276 1629 2310 Qui

167 2314 225 2345 illa
249 2314 350 2344 Both.
380 2314 473 2345 Prior
496 2315 573 2354 Bip.
598 2316 700 2347 Both.
730 2316 912 2348 Par—33
936 2317 989 2348 An
1010 2317 1097 2347 illam
1121 2327 1199 2348 nunc
1226 2317 1334 2348 misere
1357 2317 1454 2358 amet]
1480 2317 1523 2350 Ο.
1551 2317 1625 2349 fere

168 2356 192 2388 l.
207 2366 235 2388 s.
252 2357 337 2388 etin
355 2357 395 2387 iis
409 2357 507 2389 Beni.
526 2363 562 2389 et
576 2358 656 2389 Bas.
673 2359 782 2390 misere
807 2369 885 2390 nunc
900 2363 1004 2390 amat:
1029 2363 1067 2390 ut
1087 2364 1123 2390 et
1141 2361 1253 2391 versui
1270 2360 1440 2392 convenit.
1465 2362 1525 2393 Fa.
1573 2361 1629 2394 Ita

168 2408 284 2430 omnes
301 2399 420 2431 nostri.
443 2400 540 2431 Bent.
580 2401 625 2432 Et
646 2412 725 2432 nunc
740 2402 839 2442 amat]
868 2403 910 2433 Et
929 2403 1018 2443 vulg.
1036 2403 1145 2440 abest,
1160 2403 1250 2444 quod
1275 2404 1448 2434 sententia
1475 2405 1629 2446 requirit.

169 2442 355 2474 Both-34
379 2442 420 2473 In
442 2443 538 2473 libris
552 2444 754 2484 quibusdam
773 2451 840 2483 est,
862 2455 1000 2485 proesens
1020 2450 1227 2486 praesentem:
1251 2446 1417 2487 quomodo
1435 2451 1469 2478 et
1493 2448 1628 2478 Servius

168 2484 252 2525 legit
269 2485 311 2516 ad
328 2485 424 2526 Virg.
442 2485 518 2516 AEn.
542 2495 591 2517 lv.
608 2489 661 2519 83.
689 2488 788 2519 West.
833 2488 977 2519 Praesens
996 2489 1160 2529 proesenti]
1184 2489 1402 2529 Ineptissima
1427 2490 1499 2521 liaec
1527 2492 1629 2522 lectio

169 2533 244 2565 est3
269 2538 344 2568 quae
367 2534 494 2567 tamen,
519 2531 633 2560 nescio
656 2540 723 2571 qno
743 2529 958 2570 fuco,minus
980 2537 1098 2562 acutos
1124 2536 1160 2562 et
1186 2531 1369 2571 diligentes
1395 2531 1496 2563 facile
1522 2532 1629 2566 fallat.

168 2570 306 2611 Inspice
324 2576 427 2612 atque
443 2577 591 2610 excute3
615 2577 650 2604 et
667 2574 818 2614 reperies
837 2575 979 2604 eundem
997 2583 1072 2605 esse
1088 2575 1143 2615 qui
1167 2584 1306 2614 praesens
1321 2579 1386 2614 est,
1411 2580 1446 2606 et
1471 2576 1525 2606 cui
1546 2587 1629 2617 prce-

169 2613 251 2644 senti
276 2614 432 2654 eripitur.
478 2614 715 2656 Qnicquamne
743 2626 818 2647 esse
846 2622 962 2657 potest
988 2617 1192 2647 absurdius?
1238 2618 1391 2648 Donatus
1419 2617 1461 2649 ad
1494 2619 1628 2651 locum:

169 2655 180 2673 ‘
196 2655 375 2696 Adjuvant
392 2656 676 2697 significationem
692 2659 765 2690 liaec
779 2669 820 2690 ex
837 2659 1023 2690 abundanti
1041 2659 1178 2690 addita:
1202 2665 1239 2691 ut
1256 2660 1379 2700 virgil.
1424 2662 1433 2678 ‘
1450 2660 1551 2692 Illum
1571 2664 1629 2693 ab·

171 2707 248 2728 sens
267 2700 440 2731 absentem
467 2700 629 2741 auditque
657 2702 844 2743 videtque.'
859 2702 867 2715 ³
911 2701 1030 2743 Atqui,
1045 2713 1064 2733 o
1082 2703 1260 2742 Magister,
1276 2703 1329 2734 liic
1351 2703 1418 2734 duo
1445 2710 1547 2743 sunt;
1573 2705 1630 2736 ab·

171 2749 248 2770 sens
264 2742 365 2779 Dido,
382 2744 556 2774 absentem
573 2743 724 2775 AEneam.
769 2744 878 2775 Addit
894 2754 935 2774 ex
959 2745 1079 2776 eodem
1101 2746 1205 2784 alind,
1223 2746 1398 2776 ‘Fratrem
1428 2756 1470 2777 ne
1495 2748 1629 2783 desere,

171 2782 305 2816 frater.'
351 2786 397 2817 At
425 2786 526 2818 etiam
549 2786 602 2819 hic
634 2787 700 2819 duo
727 2794 825 2828 sunt;
855 2787 964 2819 frater
990 2789 1104 2830 Liger,
1135 2788 1275 2820 fratrem
1310 2789 1492 2830 Lucagum.
1539 2791 1628 2830 Ergo
