1966 3302
416 206 837 238 HEAUTONTIMOR.
870 208 978 239 AC'r.
1002 209 1075 239 111.
1109 209 1178 241 sc.
1204 210 1275 240 111.
1485 203 1567 243 (501

122 301 290 343 Licere.
351 299 569 350 Quisnam
592 314 619 342 a
639 301 767 342 nobis
788 302 1004 355 egreditur
1023 303 1174 345 foras?
1514 308 1569 347 50

120 428 188 450 cum
203 421 386 462 impunitate
401 421 433 453 ia
444 432 532 463 posse
543 423 657 459 facere.
704 424 854 459 Quisnam
870 426 935 456 exit
951 426 1038 456 domo
1053 429 1179 457 nostra?

714 517 952 530 omnnme

121 592 168 614 vs,
189 582 355 623 expungit
370 582 459 623 Guy.
503 582 596 614 Nihil
613 586 726 617 tamen
744 584 776 615 in
793 584 869 624 inis,
892 584 981 626 quod
998 586 1049 616 vel
1064 586 1242 618 Latinitati
1259 588 1384 626 obstet,
1403 589 1454 620 vel
1472 599 1570 629 argu-

121 630 236 656 mento
252 635 318 656 non
343 626 478 656 serviat.
508 626 603 657 West.
648 627 900 666 ‘Malefacerem
943 629 999 659 Sic
1028 629 1123 660 dedit
1150 631 1209 660 Fa.
1235 631 1281 662 sic
1312 631 1436 662 habent
1467 634 1570 665 codd.

120 667 236 699 nostri.
271 667 337 699 Sed
366 673 461 699 certa
477 673 530 699 est
546 669 675 700 Mureti
692 671 896 709 emendatio,
919 671 1123 710 malefacere!
1147 673 1246 704 Bent.
1294 674 1479 711 Malefacere
1503 677 1562 706 im-

121 711 244 752 probat
273 711 365 741 Peri.
412 711 556 742 Bothius
585 713 672 753 legit
704 713 884 751 malefacere
911 715 1065 745 credam.
1101 715 1160 748 ΒΓ.
1195 716 1406 754 malefacerem
1437 720 1570 750 credere.

118 752 354 796 Malesaceress
367 753 412 794 ip.
436 755 561 795 Delph.

489 1021 692 1064 ACTUS
726 1024 819 1066 III.
882 1024 1082 1067 SCENA
1121 1026 1212 1067 ΙΙΙ.

445 1153 616 1183 CHREM
628 1153 693 1183 ES.
754 1153 1006 1186 GLITIPHO.
1067 1156 1244 1186 SYRUS.

120 1229 209 1271 CH.
255 1230 393 1282 QUID
435 1232 564 1283 istuc,
597 1233 780 1286 quaeso'?
830 1235 905 1289 qui
943 1235 1044 1277 istic
1082 1249 1178 1278 mos
1219 1241 1298 1286 est,
1340 1236 1567 1291 Clitipho?

292 1300 411 1340 itane
432 1299 527 1341 fieri
550 1302 758 1354 oportet?

121 1365 206 1407 CL.
238 1365 358 1417 Quid
380 1380 462 1420 ego
482 1367 598 1409 feci‘l
659 1367 746 1409 CH.
777 1368 932 1411 Vidin’
962 1384 1045 1424 ego
1079 1378 1123 1412 te
1154 1372 1288 1413 modo
1319 1386 1494 1413 manum
1527 1373 1571 1413 in

289 1435 434 1475 sinum
452 1434 554 1476 huic
574 1436 789 1477 meretrici

121 1500 350 1542 Inserere'l
411 1502 496 1543 SY.
541 1501 659 1544 Acta
696 1503 792 1545 haec
830 1517 897 1545 res
937 1510 1029 1547 est:
1074 1507 1210 1560 perii!
1270 1508 1354 1549 Cr..
1405 1507 1572 1549 Mene?

276 1569 382 1611 CH.
415 1569 558 1611 Hisce
578 1571 744 1623 oculis;
775 1585 829 1612 ne
848 1585 973 1626 nega.

122 1637 256 1679 Facis
278 1638 391 1678 adeo
412 1637 590 1691 indigne
613 1638 818 1692 injuriam
836 1639 916 1690 illi,
935 1640 1116 1694 quinon
1135 1642 1360 1683 abstineas
1376 1655 1574 1683 manum:

121 1705 241 1748 Nam
260 1705 413 1746 isthaec
436 1706 612 1759 quidem
633 1707 899 1748 contumelia
920 1706 991 1757 ’st,
1547 1712 1575 1751 5

123 1772 364 1814 Hominem
386 1773 576 1814 amicum
595 1774 790 1827 recipere
813 1774 868 1815 ad
890 1779 947 1826 te,
970 1780 1104 1829 atque
1127 1775 1221 1830 ejus
1256 1776 1444 1817 amicam
1473 1778 1575 1818 sub-

290 1841 468 1894 agitare.

163 1946 260 1978 CER.
288 1947 317 1977 0
336 1947 488 1987 Clitipho,
502 1948 575 1988 quid
590 1947 675 1978 istud
696 1947 756 1979 sibi
781 1947 870 1979 vult?
894 1948 1003 1983 Qualis
1018 1947 1083 1978 haec
1099 1949 1296 1987 consuetudo,
1310 1949 1415 1980 ludere
1429 1959 1498 1980 cum
1513 1960 1576 1981 meu

119 1990 253 2022 retr-ice?
278 1990 447 2030 Oportetne
471 1991 504 2021 id
531 1993 561 2022 te
577 1990 705 2028 facere?
752 1991 852 2022 CL1T.
879 1992 964 2026 Quia
994 2001 1050 2029 ego
1070 1991 1165 2029 feci?
1210 1991 1304 2022 CHR.
1329 1992 1442 2023 Nonne
1467 2003 1522 2032 ego
1546 1997 1576 2025 te

120 2032 186 2065 vidi
211 2033 381 2064 immittere
403 2043 528 2064 manum
553 2033 585 2064 in
611 2034 712 2064 sinum
737 2033 827 2072 hujus
848 2034 1056 2065 muliercaloe?
1110 2034 1173 2065 SY.
1197 2034 1313 2065 Actum
1328 2038 1375 2066 est
1389 2037 1426 2066 de
1442 2036 1498 2066 hac
1520 2046 1576 2067 re:

119 2075 230 2107 sentiet
260 2075 406 2107 Chremes
431 2076 620 2107 Bacchidem
646 2086 710 2107 esse
735 2077 865 2107 amicam
894 2077 1091 2117 Clitiphonis.
1138 2078 1229 2107 Perii
1252 2087 1319 2116 ego.
1365 2078 1423 2109 CL.
1446 2079 1578 2112 Dicisne

120 2129 168 2149 me
188 2128 311 2149 manum
335 2119 369 2148 in
388 2119 491 2149 sinum
513 2119 584 2149 huic
609 2119 766 2150 meretrici
792 2119 978 2150 inseruisse?
1023 2120 1091 2151 CH.
1122 2120 1196 2151 Vidi
1211 2120 1292 2151 hisce
1308 2121 1423 2151 oculis:
1446 2123 1509 2152 noli
1524 2132 1576 2153 ne·

117 2171 206 2200 gare.
253 2161 344 2192 Certe
351 2161 437 2199 sacis
451 2161 599 2201 injuriam
612 2162 787 2192 indecenter
802 2163 848 2193 illi
867 2162 991 2200 Cliniae,
1007 2163 1060 2202 qui
1075 2172 1134 2193 non
1151 2164 1303 2203 reprimas
1319 2174 1440 2195 manum
1457 2168 1542 2195 tuam
1557 2176 1577 2196 a

120 2204 306 2235 tractatione
329 2203 395 2242 ejus
410 2204 517 2234 amica>
528 2215 539 2235 .·
561 2214 631 2235 nam
648 2205 703 2235 hoc
719 2205 839 2245 quidem
854 2208 900 2235 est
915 2205 1041 2244 injuria,
1057 2206 1222 2236 admittere
1238 2206 1270 2236 in
1287 2208 1407 2238 domum
1423 2218 1510 2238 suam
1523 2208 1576 2238 ho-

120 2247 233 2278 miaem
247 2247 390 2287 amicum,
404 2250 434 2278 et
449 2257 516 2278 cam
531 2247 630 2278 amica
646 2247 710 2286 ejus
724 2257 788 2278 rem
801 2247 922 2279 habere.
971 2248 1072 2284 Quam
1083 2249 1177 2280 etiam
1193 2250 1392 2281 immoderate
1407 2254 1437 2281 te
1450 2251 1578 2289 gessisti

729 2351 964 2363 eeeeeeeeeeee

164 2420 181 2449 l
205 2417 257 2448 M.
271 2420 307 2448 et
321 2415 444 2447 Boend.
468 2416 542 2457 quid
554 2416 626 2448 istic
639 2421 652 2448 ?
688 2416 779 2449 Mur.
795 2421 907 2449 autem
924 2417 1046 2458 rbfieri
1059 2423 1187 2450 temere
1205 2421 1343 2460 mutari,
1370 2425 1405 2452 et
1430 2421 1573 2462 primam

122 2469 216 2500 saepe
230 2460 356 2490 habere
370 2459 583 2499 productam,
600 2459 766 2500 exemplis
783 2459 910 2491 docuit.
940 2461 1041 2492 West.
1067 2462 1107 2492 Z.
1133 2463 1321 2528 itaneferi,
1341 2468 1463 2504 quoeso?
1506 2466 1572 2496 Sed

120 2507 219 2533 notat
230 2502 336 2533 Zeun.
360 2503 370 2519 ‘
384 2502 485 2533 Bent.
502 2511 577 2533 cum
596 2502 655 2532 Fa.
672 2506 767 2533 recte
785 2503 894 2534 edidit
909 2503 1077 2546 itanefieri
1094 2508 1233 2544 oportet.
1280 2507 1368 2538 Nam
1386 2507 1572 2547 repetitum

120 2554 220 2586 quoeso
236 2545 343 2575 minus
367 2549 500 2585 gratum
516 2544 656 2576 est.'—2
683 2545 788 2585 Hujus
814 2545 931 2578 Guelf.
956 2550 1051 2577 2.--3
1077 2547 1159 2579 Cod.
1193 2548 1290 2580 Bem.
1315 2549 1474 2588 Ingerere,
1501 2551 1574 2581 lau—

121 2588 226 2619 dante
256 2587 404 2628 Gnyeto.
441 2588 540 2619 West.
575 2587 725 2626 Ingerere
751 2598 885 2630 quoque
902 2589 1047 2628 probant
1073 2590 1132 2621 Fa.
1161 2590 1238 2631 Bip.
1285 2592 1294 2608 ‘
1311 2592 1439 2623 Omnes
1467 2594 1574 2624 nostri

122 2631 276 2669 Iuserere,
298 2640 371 2671 quae
390 2639 470 2661 vera
484 2630 589 2661 lectio
606 2634 679 2662 est.'
701 2631 865 2662 Bent.—4
890 2631 980 2672 Guy.
1004 2641 1046 2662 ne
1063 2632 1095 2663 in
1112 2633 1223 2673 legem
1242 2633 1381 2665 Pediam
1397 2641 1577 2676 peccetur,

121 2672 159 2703 τὸ
174 2674 247 2703 adeo
263 2678 468 2712 expunctum
485 2673 568 2703 vult.
597 2673 761 2704 West.-—5
788 2674 874 2704 Nam
889 2675 950 2705 ista
965 2685 993 2715 q.
1018 2675 1145 2706 Br.——6
1169 2677 1223 2707 Sic
1240 2676 1336 2708 dedit
1360 2678 1417 2710 Fa.
1439 2679 1497 2709 sed
1517 2688 1573 2710 ve·

123 2714 253 2745 terrimi
268 2716 390 2756 quique
411 2716 532 2756 nostri,
552 2715 753 2754 subigitare;
775 2721 813 2747 ut
829 2721 865 2747 et
882 2717 982 2748 codd.
1010 2718 1164 2749 Plautini
1185 2719 1324 2750 habent.
1348 2721 1446 2751 Bent.
1492 2721 1571 2752 Sub-

124 2757 239 2797 igitare
263 2763 331 2790 vet.
359 2758 433 2789 cod.
460 2767 516 2800 ap.
546 2758 644 2790 Lind.
673 2764 707 2790 et
735 2759 875 2791 itadant
890 2760 948 2791 ΒΓ.
967 2760 1060 2792 Perl-
1078 2761 1182 2793 Both.
1229 2762 1343 2803 Recipe
1360 2773 1420 2804 pro
1437 2764 1571 2805 recipere
