1966 3302
506 216 855 248 ADELPHORUM
891 217 997 248 Aer.
1032 217 1097 247 iv.
1129 217 1196 249 sc.
1232 219 1295 248 iv,
1538 209 1615 250 751

169 311 351 365 Egomet
371 310 516 364 rapui3
547 311 642 364 ipse
663 317 837 364 egomet
858 311 974 353 solvi
997 316 1219 364 argentum
1237 326 1248 364 ;
1280 311 1335 352 ad
1357 325 1426 353 me
1457 313 1624 355 abduc-

339 383 384 420 ta
403 377 458 419 ’st
477 378 674 420 domum.

169 445 288 487 Haec
310 445 421 486 adeo
438 459 537 486 mea
559 446 695 500 culpa
714 445 854 486 fateor
872 444 967 486 fieri
991 460 1000 488 :
1034 460 1119 487 non
1141 460 1210 487 me
1232 447 1345 487 hanc
1366 460 1453 487 rem
1475 448 1604 501 patri,

169 511 303 555 Ut'ut
323 518 419 554 erat
439 518 576 566 gesta,
596 513 850 554 indicasse?
883 527 1155 571 egg'orassem,
1176 520 1222 555 ut
1243 528 1337 555 eam
1359 514 1580 556 ducerem.

169 564 402 622 Cessatum
425 593 565 634 usque
595 581 736 622 adhuc
763 584 848 637 est:
879 572 993 622 nune
1025 594 1170 635 porro,
1202 581 1430 632 AEschine,
1467 596 1624 637 exper-

216 637 309 647 Q—-n

341 647 508 701 giscere
524 647 532 688 !
1494 644 1550 651 ‘m
1563 651 1620 692 21

169 715 303 758 Nunc
322 714 408 756 hoc
430 715 620 768 primum
640 718 737 756 est:
768 714 825 756 ad
856 715 958 756 illas
980 716 1068 766 ib0,
1098 720 1147 758 ut
1167 727 1347 777 purgem
1367 731 1462 771 me;
1495 731 1623 761 acce-

292 830 300 839 ·
343 782 445 824 dam
466 783 522 824 ad
542 783 674 824 fores.

169 850 311 892 Perii!
341 850 546 905 hoer
569 862 756 904 semper,
777 850 853 890 ubi
873 851 1044 904 pultare
1065 851 1197 892 hasce
1219 853 1397 906 occipio
1421 853 1567 895 miser.

170 918 320 960 Heus!
351 918 483 959 heus!
514 918 756 959 AEsehinus
783 931 864 971 ego
897 931 1019 970 sum3
1052 920 1218 973 aperite
1249 920 1410 974 aliquis
1432 924 1626 963 actutum

340 986 518 1027 ostium.
1506 998 1509 1000 ·

168 1096 352 1128 conveniunt
376 1096 504 1136 indicia,
526 1097 634 1137 quibus
661 1098 696 1128 id
720 1097 830 1136 conjici
844 1102 946 1138 potest
957 1109 970 1136 ,·
993 1109 1048 1138 ego
1065 1099 1130 1139 ipse
1144 1099 1235 1139 rapui
1250 1099 1334 1130 illam
1352 1100 1461 1139 lenoni,
1477 1100 1540 1140 ipse
1556 1111 1627 1141 ego-

168 1144 231 1171 met
244 1139 402 1170 numeravi
423 1142 559 1180 pretium
579 1151 634 1180 pro
660 1151 709 1179 ea,
731 1141 802 1172 iude
824 1142 910 1172 illam
935 1146 1058 1182 raptam
1081 1143 1113 1173 in
1129 1144 1210 1173 aedes
1225 1142 1355 1173 adduxi.
1403 1143 1517 1174 Fateor
1531 1146 1628 1176 mein

169 1192 261 1214 causa
272 1186 302 1213 et
317 1183 402 1223 culpa
411 1182 523 1221 fuisse,
543 1193 599 1213 cur
614 1184 646 1214 in
663 1184 740 1214 hanc
756 1184 956 1224 suspicionem
971 1185 1134 1216 inciderim
1144 1196 1155 1222 ;
1178 1185 1251 1225 quia
1267 1185 1357 1216 debui
1379 1187 1464 1226 patri
1480 1197 1544 1218 rem
1556 1188 1628 1218 disc-

169 1227 242 1264 isoe,
265 1225 312 1255 uti
334 1229 425 1264 gesta
448 1229 494 1256 est
505 1236 516 1262 ;
540 1226 577 1256 ub
593 1236 626 1256 eo
642 1228 864 1266 impetrassem,
877 1231 911 1257 ut
927 1238 991 1257 eam
1007 1238 1062 1268 pro
1078 1238 1175 1259 uxore
1194 1230 1317 1259 domum
1340 1230 1478 1260 ducerem
1490 1241 1500 1260 .·
1522 1231 1629 1270 segvzis

171 1272 201 1299 et
215 1269 324 1298 tardus
340 1268 397 1306 fui
420 1269 477 1299 huc
493 1278 584 1308 usque
595 1280 607 1306 ;
630 1279 708 1299 nuuc
723 1279 806 1307 vero,
822 1270 978 1308 AEschine,
991 1281 1010 1300 a
1025 1272 1167 1302 socordia
1183 1275 1213 1302 te
1228 1272 1341 1302 excita.
1386 1273 1479 1302 Nunc
1494 1273 1548 1303 hoc
1562 1274 1629 1313 pri-

170 1311 391 1349 mumfucz'am,
408 1311 480 1341 illas
503 1313 692 1348 conveniam,
721 1316 755 1343 ut
771 1313 814 1343 eis
830 1323 948 1343 omnem
964 1314 1147 1353 suspicionis
1162 1324 1286 1345 causam
1301 1315 1450 1354 adimam,
1467 1319 1496 1346 et
1513 1316 1630 1348 crimen

169 1363 189 1384 α
204 1363 252 1384 me
265 1363 447 1384 removeam.
492 1354 591 1385 Fores
603 1354 741 1395 pulsabo.
789 1355 902 1386 Interii
919 1357 1026 1395 miser,
1044 1357 1183 1397 trepidus
1200 1364 1228 1388 et
1236 1358 1366 1396 frigore
1379 1368 1484 1398 corpus
1495 1359 1628 1398 rigescit

168 1405 297 1437 semper,
312 1397 429 1437 quoties
443 1397 498 1427 hoc
513 1397 623 1428 ostium
634 1399 815 1439 pulsaturus
828 1408 908 1430 sum.
948 1399 1048 1436 Heus,
1072 1399 1159 1441 heus,
1177 1410 1234 1440 ego
1250 1410 1317 1432 sum
1339 1401 1519 1443 AEsclzinus,
1535 1413 1628 1444 ocyus

782 1497 1020 1510 eeeeeeeeeeee

168 1574 269 1614 ipsum
291 1572 379 1606 illud.
421 1572 489 1605 Sed
514 1574 702 1606 trochaicus
726 1575 784 1606 hos
812 1582 846 1607 et
865 1576 937 1618 jam
960 1576 1088 1618 priores
1114 1577 1198 1608 duos
1225 1587 1299 1608 esse
1319 1576 1447 1618 jubent
1461 1577 1629 1618 magistri,

171 1618 294 1657 Neque
311 1626 368 1647 eos
385 1618 527 1656 amplius
546 1622 735 1655 tangamus.
759 1619 837 1659 Rip.
885 1620 1053 1661 Commu]
1088 1620 1143 1651 Al.
1162 1631 1278 1651 occurr.
1295 1621 1389 1652 Perl.
1439 1622 1496 1652 Uti
1514 1631 1575 1662 pro
1588 1625 1628 1652 ut

170 1660 382 1699 Delph.—18
406 1660 529 1691 Boend.
562 1661 732 1692 Psaltriam
759 1666 875 1701 egomet
902 1664 1015 1703 rapui.-
1039 1674 1081 1694 ex
1108 1664 1227 1703 glossa.
1274 1664 1358 1694 Mss.
1384 1663 1533 1705 quidam,
1549 1673 1627 1695 cum

169 1703 229 1733 Pr.
244 1702 330 1734 lust.
347 1702 497 1733 Gramm.
513 1703 570 1735 lib.
589 1712 673 1735 xlll.
689 1704 818 1744 legunt,
846 1706 910 1745 ipse
927 1716 982 1745 ego
997 1708 1072 1737 solvi
1088 1710 1264 1745 argentum.
1290 1707 1397 1738 West.
1442 1708 1495 1737 Ad
1512 1717 1558 1737 me
1573 1707 1628 1738 ab·

169 1747 262 1776 ducta
277 1744 319 1776 'st
334 1745 470 1785 domum]
494 1745 550 1777 Ita
569 1746 718 1785 jusserat
737 1748 926 1787 AEsch‘llnls,
947 1759 1052 1789 supra
1067 1759 1106 1780 11.
1124 1753 1151 1780 l.
1169 1753 1220 1780 14.
1255 1750 1321 1780 Sed
1341 1750 1372 1780 in
1389 1750 1456 1780 Ms.
1474 1750 1566 1790 Lips.
1583 1754 1630 1781 est

168 1789 291 1818 domum
306 1787 440 1819 absunt.
465 1788 515 1819 Id.
554 1791 696 1820 Adducta
713 1794 758 1821 est
774 1791 922 1822 Br.—l9
946 1792 1050 1831 Fieri]
1078 1793 1198 1823 Posuit
1213 1793 1267 1824 hic
1283 1792 1495 1824 Schmieder.
1512 1797 1628 1824 notam

168 1830 394 1862 exclamandi.
437 1831 505 1861 Sed
524 1832 635 1871 placet
653 1840 814 1871 puuctum
834 1834 986 1865 aliorum.
1032 1835 1115 1865 Dixi
1133 1841 1209 1875 post
1233 1838 1242 1852 ‘
1255 1835 1338 1876 pat!
1356 1835 1470 1867 Guelf.
1489 1839 1519 1867 3.
1536 1836 1626 1868 Perl.

168 1876 254 1905 —20
277 1874 407 1914 Magna
422 1874 504 1904 Mss.
523 1884 613 1914 pars,
633 1875 676 1906 Ut
691 1880 758 1907 erat
776 1880 878 1915 gesta.
924 1878 990 1908 Sed
1009 1878 1074 1909 Do.
1092 1879 1188 1918 legit,
1205 1883 1242 1909 ut
1259 1878 1364 1916 edidi,
1380 1884 1483 1918 atque
1501 1880 1548 1910 ita
1568 1879 1625 1911 Fa.

169 1915 248 1946 Riv.
273 1916 449 1955 Heinsius,
476 1917 530 1948 alii
559 1925 816 1951 recensuerunt.
873 1920 1016 1951 Demum
1043 1922 1235 1952 trochaicus
1262 1921 1310 1952 iia
1338 1922 1497 1962 postulat.
1528 1922 1625 1954 life-st.

169 1959 250 1990 Duo
275 1968 320 1990 ex
346 1960 487 1998 nostris,
511 1961 590 1992 Pet.
617 1966 652 1992 et
678 1962 777 1994 CCC.
802 1962 979 1996 indicasse?
1002 1973 1155 2002 exorasse,
1180 1968 1212 1995 ut
1240 1975 1307 1995 eam
1333 1963 1499 1997 ducerem?
1522 1965 1626 1996 Bent-

170 2001 251 2033 Non
277 2001 451 2041 geminant
473 2006 508 2034 ut
532 2003 619 2035 Pall.
643 2005 731 2036 Perl.
785 2006 861 2036 Nec
882 2007 942 2037 ΒΓ.
970 2015 1034 2037 nec
1062 2007 1164 2038 Both.
1190 2008 1246 2048 qui
1272 2008 1332 2038 (lat
1362 2008 1531 2038 indicasse:
1554 2018 1629 2038 exo·

168 2053 307 2081 rassem,·
329 2049 365 2076 et
381 2051 497 2076 monet
517 2046 594 2078 Utut
619 2057 735 2087 parum
762 2048 931 2089 quadrare
957 2049 1033 2080 huic
1057 2049 1143 2081 loco.
1185 2050 1390 2081 Admirandi
1419 2052 1549 2090 signum
1566 2050 1628 2082 dat

169 2086 270 2118 Both.
297 2092 376 2127 post
396 2088 405 2104 ‘
418 2088 611 2120 indicasse?
661 2090 704 2120 Ut
729 2093 764 2121 ut
791 2092 938 2123 collocat
967 2092 1093 2132 Delpli.
1112 2093 1144 2123 in
1162 2102 1261 2124 versu
1278 2093 1434 2124 anteced.
1450 2098 1486 2124 et
1500 2093 1558 2124 dat
1573 2094 1630 2124 ‹Iu-

168 2139 268 2160 cerem
283 2131 499 2161 domum—21
531 2132 620 2162 Nunc
634 2132 704 2170 jum
725 2133 832 2173 porro]
857 2135 923 2165 Do.
941 2139 977 2165 et
994 2135 1096 2175 aliqui
1121 2135 1208 2174 libri,
1231 2136 1319 2167 inter
1335 2146 1416 2175 qnos
1434 2137 1529 2167 Bem.
1547 2136 1629 2168 Bas.

170 2177 206 2202 et
223 2172 264 2203 V.
280 2171 349 2210 jam
364 2182 428 2204 non
444 2173 593 2211 habent;
617 2175 688 2204 sine
705 2185 769 2215 qua
792 2181 859 2207 stat
877 2178 1067 2208 trochaicus
1083 2188 1092 2215 ;
1116 2179 1216 2209 aliter
1231 2188 1307 2210 non.
1333 2179 1390 2209 Fa.
1433 2180 1508 2209 Jam
1522 2178 1630 2211 habet

171 2213 287 2246 Guelf.
303 2217 348 2246 2.
384 2216 442 2246 Est
458 2225 549 2256 usque
562 2217 659 2248 adhuc
673 2218 803 2258 Delpli.
822 2219 987 2258 Bip.—-22
1011 2220 1102 2260 Illas]
1130 2221 1193 2253 Ed.
1216 2221 1318 2252 alias:
1342 2220 1430 2252 forte
1446 2232 1489 2253 ex
1503 2223 1630 2254 mendo

169 2261 308 2298 typogr.
352 2257 572 2300 Archetypou
591 2261 677 2290 enini
695 2261 794 2300 liujus
810 2262 864 2293 ed.
878 2262 978 2294 habet
995 2263 1077 2294 illas.
1098 2264 1222 2295 Bruns.
1269 2264 1376 2304 Cujus
1393 2265 1468 2296 cod.
1484 2265 1631 2296 iuterro-

169 2305 228 2337 gat
243 2299 278 2339 iu
293 2299 360 2331 fine
375 2305 588 2333 versus—23
612 2303 703 2333 Mira
720 2304 802 2335 Mss.
820 2306 978 2336 varietas.
1024 2306 1064 2336 In
1087 2307 1173 2343 aliis,
1199 2307 1252 2337 ubi
1273 2308 1362 2338 hasce
1376 2308 1498 2346 pultare
1513 2308 1633 2349 occipio

160 2342 250 2380 sores
264 2343 369 2375 miser.
414 2344 453 2375 In
471 2345 556 2384 aliis,
573 2345 624 2376 ubi
639 2346 728 2376 hasce
741 2348 865 2386 pultare
880 2349 995 2388 occipio
1001 2348 1102 2386 fores.
1141 2350 1268 2381 Rursus
1284 2350 1316 2380 in
1333 2351 1422 2388 aliis,
1438 2351 1490 2381 ubi
1502 2351 1629 2390 pultare

169 2386 261 2416 hasce
274 2386 389 2426 occipio
404 2388 497 2418 miser
504 2387 602 2425 fores,
635 2389 726 2420 Mur.
741 2389 893 2421 defendit
903 2390 993 2428 sores
1009 2392 1115 2430 miser,
1131 2397 1168 2423 ut
1183 2394 1226 2423 sit
1243 2393 1406 2424 iambicus
1419 2393 1605 2433 quadratus
1618 2405 1629 2433 ;

170 2427 331 2460 laudante
348 2429 386 2460 F.
402 2430 440 2460 F.
485 2431 603 2462 Rivius
619 2436 655 2462 et
671 2432 729 2462 Fa.
747 2433 907 2473 rejiciunt
926 2433 1025 2472 fores.
1069 2435 1241 2466 Videntur
1260 2436 1338 2466 mihi
1355 2436 1388 2466 in
1405 2436 1515 2467 tribus
1529 2436 1626 2468 hisce

169 2470 326 2502 versibus
351 2471 460 2503 inesse
483 2473 578 2513 signa
606 2474 754 2505 AEschini
782 2476 997 2515 perturbati3
1022 2476 1112 2509 unde
1135 2487 1252 2517 parum
1277 2479 1441 2510 concinne
1464 2479 1631 2519 loquitur,

170 2513 356 2553 geminans,
381 2525 473 2553 navic,
487 2525 585 2551 viculc:
611 2517 672 2555 ibo,
699 2519 841 2549 accedam
853 2529 864 2555 ,·
878 2519 983 2558 fores,
1001 2520 1101 2557 fores.
1146 2521 1197 2551 De
1213 2531 1278 2562 quo
1295 2522 1412 2552 Rivius
1430 2526 1467 2552 et
1482 2522 1543 2553 Fa.
1560 2531 1631 2553 non

170 2556 379 2596 cogitarunt.
407 2558 507 2589 IVest.
557 2559 618 2590 Ubi
636 2561 758 2600 pultare
781 2561 870 2593 hasce
895 2563 1010 2602 occipio
1026 2561 1131 2602 fores]
1155 2563 1209 2594 Sic
1238 2570 1288 2595 est
1315 2565 1349 2594 in
1375 2564 1565 2596 Bembino:
1592 2565 1626 2595 in

168 2599 243 2630 aliis
261 2602 353 2630 varie
369 2600 517 2640 legium-3
544 2602 696 2643 plerique
712 2603 800 2634 enim
819 2605 865 2635 ita
880 2604 1020 2643 habent,
1040 2606 1154 2646 occipio
1169 2607 1260 2645 sores
1282 2607 1386 2639 miser.
1431 2606 1565 2647 Aliqui,
1580 2608 1631 2638 in-

169 2647 224 2672 ter
239 2651 321 2682 quos
336 2642 392 2674 Vi.
410 2649 446 2674 et
462 2643 684 2684 Decurtatus,
695 2655 760 2676 non
776 2647 904 2678 habent
921 2657 1038 2678 vocem
1047 2647 1137 2686 fores
1149 2660 1160 2679 .-
1183 2649 1300 2690 itaque
1314 2650 1415 2681 etiam
1433 2649 1628 2681 Ubaldinns

169 2683 389 2716 Bandinellus
405 2686 564 2726 legebat:
588 2693 624 2718 et
640 2697 718 2718 sane
731 2689 784 2720 liic
802 2689 909 2720 dictio
923 2690 1012 2727 sores
1037 2690 1240 2732 supei·flnit;
1265 2693 1382 2733 utique
1399 2693 1487 2724 enim
1506 2702 1545 2724 ea
1560 2702 1627 2724 vox

170 2727 435 2768 subintelligitur
451 2739 493 2760 ex
511 2730 665 2770 proximo
684 2741 794 2762 versu.
833 2732 909 2763 Hoc
927 2738 962 2763 et
980 2733 1057 2764 Riv.
1075 2736 1264 2766 annotavit.
1289 2736 1348 2766 Fa.
1396 2735 1515 2767 Nostri
1533 2746 1627 2766 men-

170 2768 266 2811 dose,
277 2769 367 2808 sores
381 2772 496 2810 miser;
519 2777 553 2804 et
571 2784 616 2806 vs.
631 2776 684 2805 23.
700 2773 796 2806 deest
814 2774 891 2814 jam.
916 2775 1020 2810 Bent.
1064 2778 1197 2809 Pulsare
1225 2778 1278 2810 ΑΙ.
1307 2777 1392 2811 Peri.
1426 2778 1491 2811 Ed.
1509 2784 1627 2811 nostra
