1966 3302
526 240 871 272 ADELPHORUM
905 238 1014 268 Acr.
1039 236 1111 267 ιιι.
1142 235 1210 266 sc.
1234 236 1307 266 111.
1545 225 1630 266 723

184 342 320 390 Nam,
338 348 386 381 ut
403 339 713 380 numerabatur
733 336 849 376 forte
868 337 1102 387 argentum,
1123 331 1356 373 intervenit

184 409 338 451 Homo
360 408 415 448 de
433 408 697 467 im—ngisot
728 403 869 456 coepit
889 402 1095 450 clamare,
1117 413 1143 440 o
1165 398 1401 440 AEschine!

184 461 401 519 HET-:cine
421 474 589 526 flagitia
609 473 752 513 facere
771 472 836 512 te!
867 470 964 510 haec
988 469 1217 509 admittere

184 545 373 598 Indigna
394 555 549 597 genere
568 540 741 582 nostro!
803 538 895 580 DE·
927 537 1022 578 Oh!
1053 537 1251 577 lacrumo
1272 535 1446 588 gaudio.
1575 535 1633 575 55

183 614 267 654 SY.
301 611 346 654 N
349 625 407 652 on
426 614 474 650 tu
492 610 576 651 hoc
597 611 824 661 argentum
841 605 1006 660 perdis,
1029 604 1109 645 sed
1131 605 1266 644 vitam
1286 608 1421 644 tuam.

185 681 276 722 DE.
308 679 468 720 Salvos
499 678 569 727 sit,
606 688 758 730 spero:
790 677 859 714 est
891 673 1045 736 sim-{is
1078 671 1293 725 majorum
1328 684 1468 733 SQ'
1549 671 1632 713 ΞΥ.
1659 661 1748 703 ὣς..

356 746 450 787 Hui
468 745 477 785 !

185 815 276 856 DE.
307 815 429 868 Syre,
451 815 769 866 praeceptorum
792 808 951 862 plenus
973 807 1156 848 istorum
1177 806 1269 847 ille.
1328 805 1412 848 SY.
1444 806 1565 860 Phy!

185 883 320 925 Domi
340 882 496 923 habuit
515 880 631 938 uude
650 879 848 920 disceret.
909 876 1001 917 DE.
1035 875 1109 917 Fit
1127 874 1295 916 sedulo.

185 950 311 992 Nihil
331 936 646 1004 praetermitto:
679 944 985 988 consuefacio:
1015 944 1218 997 denique,
1580 942 1636 983 60

186 1020 432 1074 Inspicere,
451 1023 659 1071 tanquam
680 1016 725 1056 in
746 1014 990 1068 speculum,
1011 1013 1056 1053 in
1077 1013 1193 1053 vitas
1216 1011 1407 1052 omnium

185 1088 214 1130 J
218 1089 348 1139 ubeo,
371 1093 504 1140 atque
525 1099 580 1126 ex
603 1085 703 1127 aliis
724 1095 897 1124 sumere
919 1080 1173 1134 exemplum
1196 1079 1295 1120 sibi.

185 1249 287 1279 lenoni
300 1247 429 1288 pecunia
435 1246 523 1285 forte
539 1243 756 1276 numerabatur
768 1252 826 1284 pro
845 1241 945 1282 pretio
959 1241 1081 1281 puelloe,
1103 1243 1228 1281 repente
1248 1239 1395 1280 Ctesipho
1411 1239 1589 1280 supervenit
1603 1239 1637 1270 in

186 1293 253 1331 ipso
261 1290 351 1329 facto
362 1301 372 1321 .·
395 1290 486 1329 coepz‘t
501 1289 549 1319 ita
564 1286 728 1326 vociferari
738 1297 750 1324 ‚·
773 1286 932 1321 AEscMne,
945 1283 1187 1324 haecneflagitiu
1205 1284 1396 1313 committere
1407 1287 1437 1313 te
1450 1293 1510 1313 non
1520 1281 1638 1323 pudet?

185 1335 329 1366 indecora
345 1332 492 1372 sanguini
514 1335 631 1370 nostro,
653 1334 683 1361 et
697 1327 857 1367 famili-ce?
902 1328 971 1358 DE.
999 1327 1061 1362 Oh,
1082 1337 1149 1367 prce
1168 1327 1284 1365 gaudio
1308 1327 1460 1367 lacrymas
1481 1326 1640 1356 concinere

185 1387 310 1417 nequeo.
355 1377 417 1407 SY.
440 1375 514 1406 Non
532 1378 568 1405 tu
586 1374 640 1404 hoc
655 1376 818 1411 argentum
827 1371 932 1411 perdis
947 1371 1054 1409 solum,
1075 1371 1128 1400 secl
1153 1370 1246 1400 etiam
1261 1370 1406 1409 teipsum.
1452 1369 1517 1399 DE.
1545 1369 1639 1398 Hunc

187 1420 247 1451 Dii
263 1422 384 1451 servent
396 1429 408 1455 ,·
430 1422 466 1448 ut
481 1427 581 1457 spero,
595 1417 725 1455 majores
739 1425 808 1446 suos
830 1413 1014 1445 imitabitur.
1059 1414 1122 1445 SY.
1145 1411 1242 1443 Hui!
1287 1413 1355 1443 DE.
1379 1411 1470 1453 Syre,
1491 1411 1640 1450 ejusmodi

185 1463 360 1503 praecepti3‚
385 1461 495 1502 quibus
509 1460 648 1498 fratrem
675 1460 805 1497 monuit,
831 1457 965 1488 abundat
985 1456 1139 1496 Ctesipho.
1184 1456 1247 1486 Sv.
1273 1456 1344 1496 Pliy
1357 1454 1371 1485 J
1393 1456 1558 1486 domestica
1574 1455 1639 1485 lioec

187 1506 297 1536 habuit
308 1516 328 1536 a
343 1509 374 1536 te
388 1504 517 1540 monita,
531 1507 562 1534 et
577 1503 715 1542 exempla
730 1501 838 1541 quibus
851 1500 987 1530 imbutus
1001 1503 1059 1529 est.
1106 1500 1177 1529 DE.
1202 1498 1256 1529 Sic
1272 1498 1458 1536 informatur
1473 1510 1491 1529 α
1508 1508 1554 1528 me
1569 1498 1640 1527 dili-

185 1552 318 1587 genter:
340 1548 419 1578 nihil
445 1546 589 1586 negIIgo:
618 1546 667 1576 his
694 1554 761 1575 eum
788 1553 911 1574 exerceo
939 1542 1072 1573 studiis.-
1108 1542 1235 1582 (lenique
1260 1545 1409 1581 spectare,
1437 1545 1582 1581 tanquam
1606 1540 1641 1570 in

186 1593 315 1632 speculo,
326 1601 435 1631 mores,
449 1594 480 1621 et
493 1591 627 1621 actiones
650 1588 783 1619 omnium
798 1587 876 1626 volo,
899 1589 991 1626 atque
1013 1595 1052 1615 ex
1074 1586 1156 1622 aliis,
1172 1587 1250 1625 qnod
1266 1585 1293 1616 ei
1308 1585 1377 1615 usui
1399 1585 1452 1625 sit,
1473 1584 1640 1624 exemplum

780 1697 817 1708 ee
822 1695 1019 1708 &emmec-

190 1793 377 1825 Donatum.
401 1791 497 1822 Bene.
540 1790 678 1822 Adortus
692 1792 737 1821 est
752 1790 811 1821 Br.
855 1789 995 1820 Adortus
1013 1786 1123 1826 jurgio
1139 1789 1184 1817 est
1203 1785 1233 1824 f.
1250 1786 1290 1816 nd
1304 1785 1336 1823 f.
1361 1784 1461 1815 Both.
1503 1783 1643 1814 Adortus

181 1837 290 1875 jurgio
305 1838 351 1866 est
365 1834 444 1874 Bip.
462 1834 638 1865 Perl.—5l
661 1833 802 1864 Psaltrz'a
817 1832 872 1863 hac
889 1833 947 1862 ΒΓ.
965 1832 1067 1862 Bent.
1084 1830 1185 1860 Both.
1202 1829 1279 1868 Bip.
1297 1833 1332 1858 et
1346 1828 1439 1859 Perl.
1464 1827 1533 1857 Ms-
1548 1827 1642 1867 Lips.

191 1877 307 1910 Guelf.
323 1881 355 1909 3.
388 1877 464 1908 Ain’
479 1887 582 1908 verum
591 1880 687 1908 ?—55
711 1877 754 1906 In
772 1876 933 1916 plusculis
948 1874 1042 1905 libris
1058 1879 1122 1912 est,
1139 1872 1200 1909 Oh,
1218 1872 1265 1901 οΙι.
1310 1870 1351 1901 In
1369 1871 1442 1901 aliis
1458 1870 1560 1901 etiam
1576 1880 1642 1910 prce

186 1922 314 1962 gaudio.
339 1921 447 1951 West.
475 1920 592 1952 Generi
620 1921 679 1950 ΒΓ.
705 1920 772 1950 Ohe
789 1918 897 1950 Idem.
925 1918 962 1948 Iu
979 1915 1095 1948 Guelf.
1112 1919 1144 1946 2.
1171 1919 1222 1946 tuo
1249 1924 1310 1954 pro
1326 1917 1440 1944 nostro.
1462 1912 1552 1943 Ibid.
1579 1914 1642 1952 Oh,

190 1965 230 1996 oh
243 1966 302 1996 lac.
314 1964 508 2004 praegaudio.
552 1964 630 1994 Prae
643 1963 758 2002 gaudio
774 1964 893 1993 3.--56
917 1961 985 1991 Pro
1001 1960 1056 1990 hoc
1070 1959 1172 1990 Both.
1188 1958 1272 1998 legit
1290 1957 1437 1988 hieu—57
1464 1956 1643 1996 Reponen-

191 2008 270 2039 dum
296 2011 413 2038 monet
429 2007 529 2037 Bent.
553 2006 663 2037 Salvos
688 2006 753 2041 sit;
776 2015 862 2045 spero
888 2004 949 2035 erit
971 2002 1094 2034 similis.
1141 2000 1317 2041 Improbat
1333 2000 1412 2040 Bip.
1430 2000 1488 2030 ΒΓ.
1508 2008 1643 2031 suorum.

190 2051 248 2082 Ita
263 2055 298 2081 et
314 2050 359 2082 G.
376 2059 450 2080 cum
467 2050 536 2081 ET.
554 2054 588 2080 et
603 2049 772 2080 EM.—-58
789 2048 892 2078 Hunc
907 2055 1041 2078 versum
1057 2054 1156 2086 quam
1171 2045 1362 2084 elegantem
1380 2048 1414 2073 et
1429 2043 1644 2073 commodum

191 2093 359 2134 expungit
375 2092 466 2132 Guy.
485 2097 523 2123 ut
538 2091 729 2130 insititiam,
751 2091 914 2130 licetjam
930 2100 949 2120 a
967 2090 1105 2120 Donato
1122 2088 1262 2126 lectum,
1283 2087 1365 2117 etin
1383 2086 1537 2116 omnibus
1551 2085 1644 2116 codi-

191 2136 287 2168 cibus
303 2144 514 2176 expressum.
536 2135 581 2166 W
581 2138 637 2166 est.
667 2134 794 2166 Omnes
809 2133 885 2164 libri
899 2134 1005 2173 plenus
1020 2135 1077 2162 est.
1112 2131 1203 2169 Lege
1221 2130 1255 2161 S.
1270 2132 1523 2169 proeceptorumst
1537 2129 1645 2168 plenus

190 2179 252 2210 zui.
268 2179 309 2210 Ρ.
331 2179 434 2209 Bent.
479 2178 594 2208 Plenus
618 2180 664 2208 est
687 2177 746 2208 ΒΓ.
772 2175 887 2207 Guelf.
904 2179 935 2206 2.
971 2175 1062 2206 Pheu
1079 2184 1140 2215 pro
1158 2174 1229 2214 Phy
1250 2173 1434 2203 Both—60
1459 2171 1518 2202 Nil
1539 2172 1644 2202 Bent.

193 2222 234 2253 Z.
250 2222 352 2253 Both.
368 2221 462 2252 Perl.
475 2220 686 2260 Deum—61
705 2219 851 2250 Mirifica
868 2218 1052 2250 lectionum
1069 2217 1213 2247 varietas
1228 2217 1259 2246 in
1277 2215 1452 2246 codicibus
1469 2223 1543 2245 cum
1560 2215 1644 2245 Mss.

193 2269 264 2296 tum
280 2264 463 2304 impressis.
508 2263 634 2294 Videas
650 2263 683 2293 in
700 2263 779 2302 illis,
794 2266 939 2302 tanquam
954 2261 987 2291 in
1003 2262 1141 2301 speculo.-
1166 2264 1213 2298 et,
1240 2263 1384 2298 tanquam
1399 2259 1550 2298 speculum
1565 2258 1647 2288 tiens

193 2308 345 2339 omnium:
362 2313 410 2346 et,
425 2311 570 2346 tanquam
584 2307 618 2337 in
631 2306 787 2345 speculum
801 2305 886 2336 vitas
900 2305 1066 2335 hominum.
1089 2303 1196 2333 West.
1222 2301 1266 2333 G.
1284 2305 1431 2342 tanquam
1445 2301 1478 2330 in
1493 2301 1646 2341 speculum

191 2351 276 2382 vitas
290 2351 437 2382 omnium.
462 2350 531 2381 ET.
555 2354 591 2381 et
618 2349 698 2380 EM.
724 2348 760 2379 in
783 2349 864 2379 vitas
881 2347 1048 2378 hominum.
1074 2345 1171 2376 Idem
1187 2345 1220 2375 in
1239 2344 1396 2375 Addend.
1442 2344 1481 2375 In
1495 2345 1646 2384 speculum

192 2394 274 2424 vitas
297 2394 443 2425 omnium.
477 2393 574 2424 Bem.
600 2392 703 2423 habet
728 2392 761 2422 in
783 2392 877 2422 vitas.
902 2391 962 2422 Fa.
1008 2389 1039 2420 A
1064 2388 1189 2419 nostris
1206 2388 1359 2419 omnibus
1374 2387 1461 2418 male
1478 2387 1576 2417 abest
1599 2387 1645 2417 in.

193 2437 295 2468 Bent.
339 2437 380 2467 In
394 2447 420 2467 s.
446 2436 526 2466 vitas
551 2446 578 2466 o.
601 2436 660 2466 ΒΓ.
684 2436 693 2452 ‘
712 2435 781 2465 Par
795 2435 864 2465 Ms.
883 2434 915 2464 in
928 2433 1047 2474 speculo
1063 2430 1171 2462 male!
1201 2432 1284 2461 Perl.
1331 2431 1486 2471 Inspicere
1502 2433 1647 2469 tanquam

192 2480 227 2510 in
240 2480 395 2519 speculum
407 2479 440 2510 in
454 2479 536 2509 vitas
549 2477 698 2517 omnium]
721 2478 777 2509 Sic
792 2478 916 2517 legitur
932 2477 966 2507 in
982 2475 1099 2507 codice
1117 2474 1284 2505 Bembino
1301 2475 1447 2504 omnium
1465 2473 1647 2504 veterrimo

195 2527 231 2552 et
247 2524 296 2553 sic
313 2522 422 2553 edidit
438 2523 540 2552 Bent.
576 2521 746 2561 Vulgares
772 2520 939 2551 editiones
966 2518 1095 2549 habent
1112 2517 1269 2557 Inspicere
1283 2520 1430 2557 tanquam
1446 2516 1476 2546 in
1491 2517 1647 2556 speculum

193 2565 276 2596 vitas
290 2565 436 2604 amnium,
458 2574 557 2605 quam
573 2564 752 2595 lectionem
772 2565 984 2594 Burmannus
1002 2561 1042 2592 ad
1068 2561 1211 2591 Petron.
1229 2563 1281 2591 84.
1307 2570 1342 2600 p.
1359 2562 1432 2590 538.
1456 2558 1647 2590 confirmati

196 2613 295 2648 putat
310 2609 384 2640 loco
399 2607 573 2639 Ciceronis
590 2608 624 2638 in
641 2607 754 2638 Pison.
773 2616 801 2638 c.
818 2608 871 2637 29.
916 2605 986 2636 Sed
1013 2604 1187 2645 utriusque
1214 2603 1279 2634 loci
1307 2603 1443 2634 diversa
1468 2602 1555 2633 ratio
1582 2606 1649 2639 est,

851 2713 993 2744 NOTAE

511 2803 549 2833 57
577 2801 660 2842 Hui]
683 2800 796 2840 Fingit
813 2809 848 2831 se
866 2798 1026 2831 admirari
1042 2808 1117 2839 quae
1135 2797 1219 2830 dicit
1235 2806 1349 2829 senex.
