1966 3302
521 257 831 288 PHoRMioms
864 256 973 286 Ac'r.
998 254 1070 285 ιιι.
1101 252 1168 283 Sc.
1194 253 1245 283 ιι.
1529 242 1613 284 973

162 353 298 395 PHAE.
330 351 545 406 Experire
563 365 574 402 ;
605 364 692 392 non
727 358 797 392 est
826 351 1017 402 longum.
1085 349 1167 389 Do.
1201 346 1476 389 Cantilenam
1509 360 1612 388 ean«

333 419 433 460 dem
454 419 589 459 canis.
1326 446 1329 449 Α
1558 415 1613 453 10

161 487 298 528 PHAE.
329 486 400 527 Tu
421 485 524 527 mihi
548 487 775 538 cognatus,
798 488 846 524 tu
866 495 1042 536 parens,
1065 488 1111 524 tu
1133 483 1318 531 amicus,
1340 487 1389 522 tu
1403 503 1459 511 —
1520 480 1611 522 Do.

331 553 462 594 Garri
477 551 627 592 modo.

160 620 298 661 PHAE.
329 618 501 660 Adeon'
520 619 696 672 ingenio
718 629 816 659 esse
835 617 946 658 duro
967 622 1009 658 te
1034 621 1166 671 atque
1187 618 1469 667 inexorabili,

162 687 227 729 Ut
246 701 388 742 neque
408 687 710 728 misericordia
729 699 872 740 neque
892 686 1103 739 precibus
1121 686 1285 727 molliri
1307 700 1447 740 queas
1463 688 1480 726 ‘l

164 755 255 795 Do.
277 754 446 796 Adeon'
464 760 508 797 te
529 768 628 796 esse
649 754 980 808 incogitantem,
998 759 1133 807 atque
1152 755 1466 808 impudentem,
1487 753 1616 795 Phae-2

333 822 440 871 dria,

162 888 228 930 Ut
247 889 486 943 phaleratis
508 889 638 931 dictis
659 889 798 930 ducas
818 901 903 938 me,
924 893 968 929 et
989 901 1129 929 meam
1151 888 1310 930 ductes
1332 889 1517 944 gratiis?
1561 890 1616 931 15

163 955 256 998 AN.
291 957 543 999 Miseritum
562 956 632 998 'st.
694 957 832 999 PHAE.
856 956 971 998 Hei!
995 956 1110 998 veris
1131 957 1297 999 vincor.
1359 958 1448 1000 GE.
1467 957 1616 1008 Quam

336 1030 522 1078 uterque
547 1029 615 1066 est
635 1024 793 1066 similis
817 1024 910 1065 sui!

163 1158 232 1189 Do.
257 1157 371 1188 luania
383 1161 414 1188 et
420 1156 520 1194 falsa.
557 1156 630 1188 Pu.
655 1157 720 1188 Fac
735 1158 998 1197 experimentum:
1023 1158 1056 1188 id
1071 1156 1172 1188 brevis
1185 1161 1233 1188 est
1247 1156 1404 1197 temporis.
1437 1157 1504 1189 Do.
1514 1157 1618 1200 ‚Idem

161 1210 278 1240 semper
293 1200 368 1230 mihi
393 1201 517 1240 repetis.
562 1200 633 1231 ΡΗ.
660 1201 706 1231 Tu
722 1200 799 1230 mihi
822 1203 984 1239 cognatus,
1010 1204 1043 1231 έιι
1067 1204 1171 1240 pater,
1193 1204 1227 1230 tu
1250 1201 1376 1232 amicus.
1420 1200 1488 1231 Do.
1513 1200 1617 1240 Perge

162 1245 269 1283 inepta
281 1244 451 1282 garriendo
466 1253 520 1273 nos
535 1252 670 1274 enecare.
715 1243 786 1274 PH.
809 1245 935 1274 Adeone
955 1247 987 1274 ta
1003 1243 1126 1282 ingenio
1141 1253 1249 1284 aspero
1265 1248 1294 1274 et
1312 1244 1499 1283 implacabili
1511 1244 1568 1282 sis,
1582 1247 1617 1274 ut

162 1295 258 1326 neque
274 1285 602 1325 misericordia,neq11e
622 1285 763 1326 precibus
778 1287 882 1325 leniri,
897 1286 1025 1326 etflectl
1039 1286 1160 1326 possis?
1207 1287 1276 1317 Do.
1300 1287 1438 1322 Adeone,
1456 1287 1618 1324 Phaeclria,

163 1329 209 1360 sis
219 1328 475 1367 inconsideratus,
486 1332 517 1359 et
532 1329 765 1368 inverecundus,
777 1333 813 1359 ut
829 1330 948 1359 ornatis
961 1333 990 1360 el
1007 1330 1116 1360 comtis
1129 1329 1230 1360 terbis
1241 1339 1287 1360 me
1301 1329 1453 1369 decipere,
1470 1333 1499 1360 et
1515 1330 1617 1368 virgi-

161 1382 242 1408 nem,
259 1382 327 1411 qnae
341 1381 409 1402 mea
430 1375 489 1410 est,
514 1372 591 1402 mihi
609 1382 717 1412 capere
738 1373 844 1411 gratis
858 1372 989 1403 coneris.
1034 1372 1060 1403 A
1071 1381 1103 1402 N.
1127 1372 1286 1403 Phaedrioe
1301 1373 1427 1404 miseret
1441 1383 1501 1404 me.
1546 1373 1618 1404 PH.

165 1414 243 1454 Hei,
257 1424 329 1445 vera
344 1417 429 1454 sunt,
444 1424 512 1455 qnce
532 1415 622 1453 dicit,
648 1418 678 1446 et
698 1415 746 1446 his
763 1418 869 1446 cedere
884 1425 985 1455 cogor.
1032 1415 1098 1447 GE.
1125 1416 1226 1450 Quam
1248 1419 1384 1455 uterque,
1399 1415 1561 1456 Phcedrz'a,
1587 1419 1618 1446 et

768 1511 1010 1524 ‘emeno-eoo

164 1593 208 1615 ex
233 1593 351 1615 rasura
377 1589 559 1624 postremae
587 1585 696 1616 literae
721 1585 820 1627 hujus
848 1585 1017 1618 dictionis.
1050 1586 1111 1617 Fa.
1160 1586 1278 1616 Nos-tri
1303 1593 1418 1615 omnes
1446 1583 1617 1617 Somnium.

165 1627 268 1658 Bent.
305 1627 361 1658 Ita
376 1635 412 1659 et
425 1628 485 1659 ΒΓ.
504 1628 543 1659 Ζ.
584 1629 672 1664 Quod
685 1629 751 1660 ilico
767 1634 843 1670 post
855 1640 959 1661 verum
974 1630 1072 1660 hercle
1089 1628 1206 1660 Guelf.
1223 1631 1341 1659 2.—11
1367 1628 1524 1669 Guyetns
1540 1628 1619 1659 ulti-

165 1679 254 1700 mum
271 1673 305 1700 tn
321 1679 518 1711 expungens
535 1671 696 1712 expedire
708 1682 742 1703 se
756 1683 889 1704 versum
902 1672 999 1712 dicit,
1015 1672 1171 1711 legendo,
1187 1673 1232 1702 Τιι
1244 1671 1321 1702 milii
1334 1675 1493 1710 cognatus,
1508 1681 1619 1711 parens

167 1717 213 1751 tu,
226 1713 344 1743 amicus
358 1717 402 1745 ta.
447 1713 514 1744 Sed
530 1715 583 1744 vel
600 1714 677 1745 ideo
693 1716 810 1746 melior
827 1716 930 1747 lectio
948 1716 1097 1756 vulgata,
1121 1715 1209 1755 quod
1236 1714 1314 1744 leno
1337 1716 1435 1754 plura
1448 1714 1550 1745 etiam
1569 1715 1618 1745 di-

164 1764 243 1786 cere
270 1761 447 1796 parantem
472 1756 667 1788 Phaedriam
690 1759 863 1790 obturbat.
908 1759 966 1790 Sic
997 1758 1143 1798 Adelph.
1169 1767 1226 1788 111.
1244 1760 1276 1788 4.
1292 1760 1344 1788 55.
1370 1756 1397 1788 A
1417 1757 1502 1788 Mss.
1519 1758 1567 1787 M.
1585 1763 1620 1788 et

164 1798 248 1830 wit.
264 1798 363 1830 abest
378 1804 490 1830 tamen
507 1805 716 1840 postremum
735 1805 781 1832 tu.
826 1802 898 1832 ΕΡ.
928 1801 1025 1842 legit,
1056 1801 1101 1832 Τιι
1126 1801 1203 1831 mihi
1226 1810 1350 1840 parens.
1393 1801 1477 1831 Mss.
1501 1801 1621 1832 Leidd.

164 1850 264 1880 unus,
286 1842 333 1872 Tu
348 1843 475 1882 amicus,
491 1846 526 1873 tu
548 1844 611 1874 loco
620 1843 739 1882 fratris
753 1846 824 1875 eris.
871 1845 972 1875 Bodl.
990 1844 1035 1875 Tu
1051 1844 1168 1874 amicus
1182 1843 1270 1881 mihi,
1282 1846 1316 1873 ln
1332 1844 1396 1873 loco
1408 1843 1531 1881 fratris
1545 1844 1619 1874 eris.

165 1884 298 1915 Laudat
314 1884 395 1916 Par.
412 1894 456 1916 ex
470 1885 540 1916 Ms.
557 1886 635 1917 Pal.
655 1888 702 1918 Tu
718 1888 793 1918 mihi
806 1897 927 1928 parens,
952 1891 987 1919 tu
1001 1887 1077 1918 mihi
1093 1888 1155 1918 Ioco
1175 1886 1303 1925 fratris.
1350 1887 1377 1916 E
1394 1886 1461 1917 Ms.
1478 1886 1622 1917 Lovani-

163 1928 235 1958 ensi
258 1929 346 1959 citat
370 1928 602 1960 Pulmannus:
631 1930 679 1960 Τιι
706 1931 783 1961 mila·
805 1931 934 1971 amicus,
960 1934 995 1961 tu
1021 1930 1108 1961 mihi.
1155 1930 1195 1960 In
1213 1929 1344 1959 duobus
1366 1929 1451 1960 Mss.
1468 1929 1619 1961 Boecleri

165 1976 260 2001 erat:
289 1970 336 2001 Tu
351 1971 427 2002 mihi
443 1976 602 2012 cognatus,
617 1975 651 2003 lu
667 1974 743 2004 mihi
755 1983 876 2013 parens,
892 1977 927 2005 (ze
941 1974 1068 2004 amicus.
1092 1973 1199 2003 West.
1246 1971 1354 2003 Codd.
1371 1971 1520 2012 quidam,
1536 1973 1621 2003 Gar-

163 2013 210 2044 ris
224 2014 322 2044 modo.
345 2014 455 2045 Idem.
502 2015 616 2046 Garris
642 2018 742 2047 modo.
776 2017 913 2049 Quanto
941 2017 1129 2055 venusdus,
1153 2014 1243 2057 quod
1262 2015 1361 2045 estin
1381 2025 1411 2046 o.
1428 2015 1449 2045 1.
1466 2025 1491 2045 s.
1521 2016 1621 2046 Garri

165 2057 264 2086 modo.
290 2056 347 2086 Fa.
394 2057 508 2092 Garri,
524 2067 565 2088 ex
582 2060 706 2089 nostris
723 2064 758 2089 et
775 2060 888 2099 plures
913 2065 949 2091 et
975 2060 1145 2090 meliores.
1190 2057 1257 2088 Sed
1283 2058 1372 2088 aliud
1399 2062 1527 2095 restat;
1547 2059 1620 2098 jam

166 2098 257 2129 enim
273 2108 315 2129 ex
332 2100 529 2130 Troe-haicis
546 2101 638 2131 nulla
654 2111 764 2132 rerum
785 2103 973 2134 mutatione
990 2103 1162 2134 lambiens
1178 2101 1233 2131 hic
1249 2099 1300 2139 fit,
1317 2104 1350 2130 lu
1366 2101 1443 2132 mihi
1457 2105 1620 2140 cognatus.

165 2142 275 2181 Tolle,
302 2142 390 2180 mihi,
418 2149 453 2173 et
477 2143 640 2182 rescribe,
668 2144 712 2175 Τιι
739 2149 897 2185 cognatus,
925 2150 958 2177 tu
981 2156 1105 2185 parens,
1121 2149 1156 2175 iu
1172 2144 1300 2181 αηιίι-ἰιε,
1316 2146 1360 2174 tu.
1407 2145 1507 2174 Garri
1522 2147 1621 2177 modo.

165 2184 267 2214 Bent.
313 2184 396 2216 GM.
413 2189 447 2216 ln
463 2187 590 2224 anticus,
610 2190 646 2217 tu
660 2187 722 2217 loco
730 2188 848 2225 fratris
863 2189 935 2219 eris.
979 2189 1071 2219 Peri.
1095 2189 1141 2218 Tu
1157 2187 1235 2217 mihi
1246 2196 1360 2226 parens
1376 2187 1438 2217 ΒΓ.
1484 2187 1620 2219 Lectio-

164 2236 242 2257 nem
256 2228 358 2258 Bent.
376 2228 433 2259 dat
450 2229 548 2260 Both.
573 2229 683 2260 Abest
698 2233 733 2260 tu
748 2231 856 2261 ultim.
874 2241 893 2261 a
909 2230 1027 2263 Guelf.
1042 2233 1162 2262 2.—12
1178 2230 1278 2260 Bodl.
1295 2234 1331 2260 et
1347 2229 1390 2260 G.
1406 2233 1437 2260 te
1451 2239 1515 2261 esse
1530 2232 1619 2262 duro.

166 2269 273 2301 West.
316 2271 425 2301 Adeon
438 2271 565 2310 ingenio
580 2275 611 2302 te
630 2282 694 2304 esse
708 2274 784 2304 duro
803 2277 894 2314 atque
915 2273 1113 2305 inexorabili.
1150 2272 1253 2303 Hunc
1270 2272 1478 2303 trochaicum
1495 2274 1621 2305 claudi-

164 2316 298 2344 cantem
313 2313 361 2344 sic
376 2314 523 2354 corrigo,
545 2323 588 2345 ex
609 2315 704 2346 libris
720 2317 818 2347 Bem.
835 2322 871 2347 et
886 2317 941 2348 Vi.
985 2319 1094 2348 Adeon
1111 2315 1238 2355 ingenio
1251 2325 1314 2346 esse
1329 2316 1404 2346 duro
1420 2319 1451 2347 te
1465 2326 1495 2347 a.
1511 2317 1535 2347 i.
1558 2318 1619 2349 Fa.

167 2355 292 2387 Recte.
339 2356 469 2394 Nostri,
486 2360 516 2387 te
530 2367 593 2388 esse
615 2360 704 2397 duro,
729 2369 797 2390 uno
822 2359 932 2400 Regio
948 2365 1105 2400 excepto.
1129 2359 1227 2390 Bent.
1275 2359 1316 2390 Te
1331 2368 1395 2389 esse
1408 2359 1486 2389 duro
1502 2359 1562 2391 ΒΥ.
1581 2360 1621 2393 Ζ.

166 2399 292 2429 Adeone
307 2408 372 2429 esse
386 2401 464 2430 duro
479 2400 605 2439 ingenio
621 2404 650 2432 te
663 2411 692 2432 a.
707 2402 732 2432 i.
752 2402 941 2434 Both—14
966 2402 1165 2444 Legendum
1180 2406 1298 2432 monet
1311 2401 1414 2433 Bent.
1426 2411 1470 2433 ex
1486 2402 1566 2433 Pet.
1584 2409 1621 2434 et

168 2441 363 2478 Meadiano,
374 2445 464 2482 atque
474 2443 707 2483 imprudentem.
751 2445 807 2476 Ita
823 2450 858 2476 et
875 2445 967 2476 Peri.
983 2446 1085 2477 Both.
1102 2450 1138 2476 et
1154 2449 1221 2475 vet.
1246 2444 1303 2476 ed.
1319 2454 1424 2484 penes
1441 2444 1524 2476 edit.
1541 2446 1622 2486 Bip.

166 2487 250 2514 ——15
275 2485 360 2516 Mss.
377 2485 419 2516 G.
440 2486 531 2525 Lips.
547 2487 628 2518 Wit.
647 2492 681 2518 et
699 2487 771 2519 ΕΡ.
795 2488 912 2526 gratis.
947 2488 1030 2520 Cod.
1056 2489 1153 2519 Bem.
1168 2487 1258 2518 ducis
1269 2488 1393 2526 gratis.-
1420 2487 1479 2518 sed
1503 2490 1621 2527 gratiis

169 2527 333 2557 trochaici
349 2528 502 2559 carminis
518 2529 606 2560 ratio
622 2531 741 2570 exigit.
771 2531 874 2562 West.
918 2532 1027 2563 Recte
1041 2532 1180 2571 gratiis;
1206 2539 1400 2572 quanquam
1416 2531 1525 2561 nostri
1549 2541 1619 2562 om-

166 2579 228 2600 nes
243 2570 356 2609 gratis.
394 2570 482 2601 Vide
497 2581 558 2602 nos
575 2571 616 2602 ad
633 2572 779 2613 Adelph.
797 2583 849 2604 iv.
863 2576 895 2604 7.
911 2576 966 2605 26.
997 2575 1108 2606 Porro
1126 2573 1344 2605 vetustissimi
1359 2573 1484 2614 quique
1501 2576 1622 2613 nostri,

167 2613 289 2643 Latino
307 2622 399 2644 more
406 2613 567 2653 faleratis,
581 2624 647 2646 non
659 2616 844 2656 phaleratis.
868 2617 971 2648 Bent.
1009 2617 1114 2648 Duces
1128 2617 1231 2657 gratis
1247 2616 1306 2646 ΒΓ.
1351 2615 1487 2647 Seducas
1503 2616 1620 2648 Guelf.

170 2658 287 2687 1.-16
308 2657 393 2687 Tres
419 2657 520 2688 hosce
537 2667 602 2688 vss.
619 2659 785 2699 expungit
802 2659 892 2700 Guy.
908 2660 942 2690 in
964 2660 1086 2701 quibus
1102 2658 1316 2700 explicandis
1332 2659 1417 2690 mire
1431 2659 1555 2691 sudant
1570 2661 1621 2692 in-

170 2702 352 2738 terpretes.
381 2699 476 2730 West.
526 2700 618 2731 Veris
640 2702 754 2733 uincor.
788 2702 903 2733 Minus
931 2703 1038 2743 proba
1064 2707 1117 2734 est
1142 2701 1354 2744 quorundam
1382 2701 1481 2733 codd.
1505 2703 1621 2742 lectio,

168 2741 269 2788 verbis
282 2742 402 2772 vincor.
426 2742 532 2774 Idem.
569 2744 752 2774 Miseritum
766 2748 824 2776 est.
861 2745 928 2776 Hei
942 2746 1024 2776 reris
1037 2746 1152 2778 vincor.
1189 2745 1292 2780 Quam
1307 2748 1354 2775 est
1369 2748 1494 2786 uterque
1507 2746 1619 2777 simili'

165 2786 238 2813 sm?
251 2783 301 2814 .1n
317 2785 378 2816 hac
393 2785 502 2816 Sceua
519 2794 634 2817 versus
653 2795 718 2818 non
735 2793 790 2819 est
806 2788 888 2819 alius
904 2787 1073 2820 difficilior
1089 2788 1278 2820 intellectu.
1302 2788 1311 2805 ‘
1331 2787 1525 2819 Miseritum
1541 2789 1619 2827 est,⁷

170 2825 284 2857 dicere
303 2836 361 2867 per
377 2829 517 2860 ironiam
534 2829 763 2870 Antiphonem
781 2831 852 2862 vult
874 2832 1051 2872 Interpres
1067 2843 1074 2864 :
1098 2832 1188 2874 quod
1203 2841 1267 2872 ego
1283 2829 1332 2862 illi
1349 2831 1525 2864 assentior.
1573 2832 1618 2862 At
