1966 3302
284 241 323 270 Ρ.
354 235 593 270 TERENTu
628 238 746 268 Arm
783 237 830 267 lN
871 235 1133 267 Aneurnos
1169 235 1441 266 PRoLoGus.
1501 225 1588 267 (573

500 360 759 393 EXPOSITIO
794 358 1129 398 EPIGRAPHES3
1163 360 1225 390 διο.

554 449 721 480 Extracta
736 457 778 479 ex
796 447 954 479 Editione
971 447 1174 478 Brunsiana.

141 545 231 578 Acta
253 550 303 577 est
327 545 393 576 ista
410 544 540 576 Fabula
556 543 727 584 Adelphe,
744 552 844 583 quam
859 541 1052 573 Terentius
1069 542 1191 573 Latine
1213 541 1404 582 composuit
1421 546 1497 583 post
1514 543 1587 573 Me-

181 599 358 637 nandrum,
384 598 472 629 ludis
497 596 710 636 funebribus,
735 605 818 637 quos
845 595 1058 626 exercebant
1084 595 1117 625 in
1134 595 1374 626 anniversariis
1393 596 1583 637 principum

182 658 241 683 aut
257 661 385 692 regum,
400 660 483 692 quos
500 649 590 681 inter
603 649 721 680 heroas
738 647 997 689 computabant,
1013 648 1141 681 Quinto
1157 649 1276 688 Fabio,
1290 650 1588 690 Maximo,Pub1i0

181 705 338 736 Cornelio
354 703 529 743 Africano,
546 702 659 734 Emilii
686 701 787 734 Pauli
813 702 848 732 S.
875 700 945 732 filio
970 701 1124 732 aedilibus
1154 702 1325 734 curulibus
1353 704 1481 743 Romae,
1505 714 1589 744 quos

184 759 314 790 seilicet
326 758 419 789 ludos
431 757 588 789 fecerunt
605 756 751 787 Lucilius
764 754 910 786 Attilius
927 754 1178 796 Praenestinus,
1195 755 1364 787 Minutius
1380 757 1591 787 Prothimus.

182 812 305 843 Modos
322 811 406 843 fecit
420 811 560 842 Flaccus
576 808 783 841 clauditibiis
798 808 965 840 Sarranis.
1010 808 1189 849 Claudum,
1214 808 1303 840 sicut
1325 809 1398 849 jam
1429 809 1590 849 diximus,

181 875 287 907 genus
318 871 370 897 est
400 865 573 905 tibiarum,
599 863 823 904 inaequalibus
854 861 978 893 fistulis
1009 863 1247 903 compositum.
1290 863 1447 894 Sarranae
1475 868 1589 896 autem

181 920 275 951 tibiae
292 920 451 951 dicuntur
464 929 485 950 a
505 919 650 950 Sarrano
667 922 819 958 auctore,
842 917 899 958 qui
917 916 999 948 illud
1016 926 1122 958 genus
1144 916 1330 949 adinvenit.
1376 918 1504 949 Fabula
1531 929 1589 949 au-

185 978 254 1005 tum
279 973 446 1013 Adelphe,
469 981 568 1014 quam
593 970 776 1002 Terentius
801 969 994 1010 composuit
1021 979 1082 1010 per
1110 970 1352 1009 Menandrum,
1375 971 1523 1002 recitata
1538 976 1590 1003 est

182 1027 312 1067 Romae,
326 1026 405 1058 dum
420 1026 475 1057 isti
491 1024 678 1066 supradicti
694 1024 811 1055 aediles
827 1024 962 1055 curules
978 1028 1093 1055 essent
1107 1028 1142 1054 et
1158 1024 1236 1054 dum
1250 1024 1318 1055 ludi
1336 1024 1495 1056 funebres
1513 1035 1590 1065 age-

183 1087 311 1112 rentur.
357 1080 482 1113 Graeca
498 1089 578 1111 vero
594 1078 776 1110 Menandri
801 1077 893 1109 facta
909 1083 962 1109 est
987 1076 1125 1119 Anicio,
1146 1078 1264 1110 Marco
1291 1079 1450 1110 Cornelio
1474 1088 1592 1110 consu-

186 1135 286 1166 libus.

731 1230 1002 1262 PROLOGUS.

141 1313 326 1353 Postquam
343 1310 462 1343 Poe'ta.
506 1310 605 1343 More
620 1319 680 1341 suo
694 1310 729 1341 in
747 1310 886 1351 prologo
902 1310 1067 1342 malivolis
1080 1310 1264 1351 respondet
1292 1309 1419 1351 poe'tis,
1445 1311 1502 1352 qui
1527 1311 1593 1342 cal·

185 1365 253 1397 lide
265 1366 340 1406 ejus
353 1366 540 1406 scripturas
557 1364 863 1405 reprehendebant,
880 1368 915 1396 et
931 1364 1080 1406 loquitur
1097 1364 1138 1395 de
1155 1375 1190 1395 se
1210 1365 1306 1405 quasi
1322 1364 1364 1395 de
1381 1365 1458 1396 alio.

142 1420 368 1460 Sinapotlmes
394 1419 570 1451 Comoedia
591 1424 645 1450 est
666 1419 791 1450 Contes
815 1417 922 1450 Difili.
969 1419 1095 1450 Contes
1121 1418 1239 1449 Difilus
1256 1419 1398 1450 Graecus
1416 1419 1588 1450 comoedus

183 1472 261 1514 fuit,
282 1473 340 1514 qui
357 1472 546 1513 composuit
563 1472 740 1511 Fabulam,
757 1482 856 1513 quam
873 1471 1059 1512 appellavit
1087 1472 1328 1512 Sinapothnes,
1355 1482 1432 1514 quae
1464 1473 1586 1504 Latine

183 1532 294 1566 sonat,
317 1527 604 1564 Commorientes3
625 1526 722 1566 cujus
740 1524 878 1556 Fabulae
897 1529 1030 1564 partem
1047 1524 1101 1556 ubi
1119 1524 1244 1556 dicitur
1261 1526 1460 1558 adolescens
1477 1527 1590 1559 lenoni

186 1582 208 1612 i.
224 1591 253 1611 e.
271 1580 479 1611 consiliaturi
495 1580 603 1620 stupri
622 1579 754 1618 tulisse,
778 1588 852 1609 cum
879 1578 1021 1609 Plautus
1048 1583 1146 1610 vetus
1172 1579 1321 1610 comicus
1346 1579 1510 1611 intactam
1537 1581 1588 1612 di-

183 1634 331 1666 misisset
347 1633 427 1664 nihil
443 1633 524 1664 iude
540 1633 669 1672 dicem,
690 1631 793 1673 poe'ta
807 1631 998 1672 Terentius,
1014 1631 1187 1663 comoedus
1204 1632 1368 1664 videlicet
1384 1643 1502 1674 novus,
1518 1645 1593 1667 eam

186 1693 319 1728 partem
335 1687 400 1718 sibi
416 1687 537 1718 sumsit
551 1686 584 1718 in
609 1685 796 1727 Adelphos,
820 1686 852 1716 lx.
868 1695 897 1716 e.
926 1686 960 1716 in
976 1696 1112 1717 causam
1130 1686 1272 1718 duorum
1290 1686 1446 1719 fratrum.
1492 1689 1597 1721 Adel-

185 1741 264 1783 phoe
292 1741 420 1772 etenim
445 1741 606 1772 dicuntur
632 1740 759 1781 gemini
785 1739 922 1780 fratres,
938 1740 1009 1770 sive
1027 1740 1233 1781 generaliter
1248 1739 1373 1773 fratres
1389 1742 1596 1785 quicumque

186 1794 298 1836 aliquo
314 1794 446 1826 nomine
463 1799 659 1833 censentur,
683 1799 718 1825 et
734 1802 875 1824 sororeS.
914 1793 1000 1824 Haec
1018 1797 1133 1824 autem
1150 1794 1280 1825 Fabula
1295 1794 1423 1827 idcirco
1436 1796 1595 1837 Adelphe

189 1853 342 1888 vocatur,
354 1848 434 1890 quia
449 1858 585 1879 causam
598 1847 740 1879 duorum
752 1847 898 1879 fratrum
915 1847 1191 1886 narrat‚Demeae
1209 1853 1244 1879 et
1260 1849 1430 1882 Micionis.
1467 1850 1597 1882 Demea

188 1902 352 1943 siquidem
381 1902 499 1934 habuit
528 1902 611 1933 duos
644 1901 744 1941 filios,
779 1911 922 1942 quorum
951 1901 1096 1933 alterum
1125 1903 1373 1935 commendavit
1403 1902 1502 1935 fratri
1535 1914 1596 1937 suo

185 1955 328 1987 Micioni
341 1955 383 1994 ad
397 1955 625 1996 nutriendum,
637 1957 694 1998 qui
710 1956 905 1987 morabatur
921 1956 954 1986 in
968 1956 1098 1989 urbeet
1113 1956 1186 1988 sine
1201 1967 1306 1988 uxore
1322 1962 1407 1989 erat.
1438 1957 1594 1990 Alterum

190 2014 304 2041 autem
320 2010 461 2042 retinuit
478 2010 553 2051 sibi,
567 2020 643 2041 cum
660 2020 725 2051 quo
747 2010 943 2041 morabatur
968 2009 1002 2040 in
1029 2020 1117 2041 rure.
1165 2011 1256 2042 Dum
1285 2021 1369 2052 ergo
1396 2012 1514 2053 Micio,
1539 2014 1596 2054 qui

187 2064 222 2094 in
248 2063 331 2095 urbe
345 2063 542 2103 habitabat,
563 2064 714 2096 lasciviae
731 2064 946 2106 permitteret
962 2068 1124 2105 nepotem
1141 2074 1236 2095 suum
1263 2065 1418 2107 tendere,
1438 2066 1596 2107 qnoniam

190 2116 260 2148 vita
275 2116 406 2148 urbana
427 2117 536 2149 otiosa
550 2118 637 2149 solet
653 2127 742 2158 esse,
757 2117 989 2159 redarguebat
1005 2117 1099 2149 illum
1115 2117 1223 2150 frater
1239 2128 1316 2150 suus
1347 2119 1486 2152 Demea.
1534 2121 1597 2153 Ce-

192 2176 266 2204 tera
280 2171 430 2212 pleniter
443 2170 590 2212 legendo
610 2171 826 2203 videbuntur.

607 2406 652 2454 P
673 2406 722 2454 R
743 2407 792 2454 O
813 2406 857 2454 L
875 2406 924 2454 Ο
944 2406 994 2453 G
1015 2406 1059 2454 U
1080 2406 1137 2455 S·

146 2496 441 2557 POSTQUAM
466 2506 609 2549 Poeta
630 2508 787 2559 sensit,
810 2508 1073 2562 scripturam
1095 2521 1219 2549 suam

192 2616 362 2657 Postquam
376 2616 475 2648 Po’e'ta
494 2615 656 2648 Terentius
675 2616 832 2648 intellexit
854 2617 1037 2658 Comoedias,
1051 2626 1126 2658 quas
1144 2617 1281 2659 scripsit,
1297 2617 1414 2649 curiose
1430 2616 1597 2658 explorari,

913 2701 993 2713 em

192 2754 279 2786 Haec
294 2754 422 2786 Fabula
437 2755 471 2786 in
487 2756 571 2787 Mss.
590 2755 741 2796 plurimis
765 2760 907 2787 vocatur
933 2755 1135 2788 AnELPuOE.
1182 2757 1282 2790 Quod
1305 2756 1423 2788 itidem
1447 2766 1489 2788 ex
1514 2757 1596 2788 libb.

152 2797 299 2838 antiquis
323 2798 437 2830 laudat
462 2799 553 2830 Mur.
596 2799 665 2833 Sed
694 2804 728 2831 et
744 2797 903 2831 Gifanius
919 2798 952 2830 in
969 2799 1044 2831 lud.
1068 2800 1206 2832 Lucret.
1225 2810 1255 2831 v.
1275 2800 1417 2833 Tractus
1434 2802 1597 2840 corporis,

231 2851 348 2893 Delph.
361 2856 392 2884 et
406 2852 480 2884 Var.
498 2852 583 2886 Clas.
814 2854 936 2884 Terent.
1438 2856 1457 2885 2
1483 2854 1512 2884 U
