1966 3302
565 208 876 240 PHORMioNis
911 209 1019 240 Aer.
1053 210 1082 239 1.
1115 209 1184 239 sc.
1218 211 1247 240 1.
1552 200 1636 242 919

190 304 504 357 Nummorum3
536 303 581 345 id
603 309 652 345 ut
680 304 941 346 conficerem
960 318 970 345 1
1002 304 1197 346 confeci:
1229 303 1387 345 affero:

186 372 303 414 Nam
322 372 500 413 herilem
521 370 656 412 filium
677 372 772 425 ejus
797 371 982 412 duxisse
1005 371 1136 412 audio
1607 385 1636 413 o

187 439 383 481 Uxorem
402 453 412 481 :
444 439 502 488 ei,
524 438 668 488 credo,
689 451 847 479 munus
868 439 948 479 hoc
968 438 1225 479 corraditur.

187 506 335 557 Quam
354 506 501 560 inique
523 510 824 559 comparatum
849 509 930 555 est,
951 505 995 545 hi
1014 506 1092 559 qui
1113 506 1253 547 minus
1274 505 1453 555 habent,

185 573 250 615 Ut
269 587 441 627 semper
462 573 632 627 aliquid
655 573 814 614 addant
836 573 1144 614 divitioribus!

188 640 322 692 Quod
343 641 416 682 ille
439 642 645 682 unciatim
669 641 745 682 vix
767 641 821 682 de
846 641 1055 682 demenso
1078 654 1172 690 suo,

189 707 328 749 Suum
349 708 589 749 defrudans
613 709 800 761 genium,
822 709 1064 762 comparsit
1084 709 1233 757 miser,
1584 708 1640 750 10

187 775 243 817 Id
264 776 341 816 illa
361 776 616 816 universum
638 776 838 829 abripiet,
858 776 976 817 haud
998 777 1292 827 existumans,

189 843 370 901 Quanto
389 843 538 884 labore
557 848 745 897 partum.
808 843 943 884 Porro
965 849 1107 884 autem
1129 843 1243 885 Geta

188 911 382 952 Ferietur
401 911 489 952 alio
509 924 700 960 munere,
719 911 796 952 ubi
816 911 924 952 hera
944 912 1167 965 pepererit
1186 925 1196 962 ;

186 979 326 1020 Porro
347 983 493 1020 autem
514 980 616 1028 alio,
635 979 712 1020 ubi
733 980 814 1020 erit
835 993 970 1033 puero
991 980 1158 1021 natalis
1179 979 1273 1020 dies
1291 992 1301 1029 ;

186 1100 342 1132 tiuncula:
364 1102 397 1133 id
412 1105 446 1133 ut
462 1102 490 1132 ei
511 1109 731 1140 compararem,
745 1100 859 1141 petivit
870 1112 880 1131 .·
903 1100 1078 1141 comparavi
1090 1111 1100 1130 .-
1123 1100 1234 1141 affero.
1283 1099 1366 1130 Nam
1381 1099 1446 1138 ejus
1460 1095 1642 1138 herifilium

186 1143 392 1184 Antiphonem
408 1144 497 1175 hodie
512 1153 637 1175 uxorem
653 1144 778 1174 duxisse
793 1144 895 1174 audio.
941 1144 996 1182 Ei,
1010 1147 1043 1174 ut
1058 1144 1160 1181 credo,
1176 1144 1239 1173 hoec
1251 1142 1383 1182 pecunia
1397 1142 1430 1172 in
1445 1149 1566 1179 manu-3,
1581 1140 1642 1170 col-

187 1186 309 1225 ligitur.
355 1187 456 1222 Quam
467 1187 579 1226 injuste
585 1186 664 1227 fieri
678 1187 799 1217 solitum
811 1190 869 1223 est,
884 1187 992 1227 quibus
1003 1186 1123 1217 tenuior
1138 1196 1188 1216 res
1204 1189 1250 1216 est
1255 1185 1444 1223 familiaris,
1460 1193 1509 1214 eos
1523 1191 1644 1222 semper

186 1232 327 1268 oportere
341 1233 495 1269 adaugere
517 1229 672 1270 aliquibus
686 1230 774 1260 donis
788 1230 916 1260 divitias
931 1229 1173 1269 locupletiorum.
1221 1229 1310 1264 Quod
1325 1228 1378 1258 ille
1401 1225 1520 1269 (Geta)
1534 1226 1571 1256 de
1586 1234 1642 1255 sua

179 1271 338 1310 frumenti
353 1283 494 1304 mensura
509 1283 563 1312 per
577 1273 717 1310 singulas
736 1272 841 1303 uncias
862 1274 1026 1312 parcendo,
1051 1275 1081 1302 et
1105 1275 1228 1302 naturae
1243 1270 1414 1301 necessaria
1428 1270 1575 1300 alimenta
1590 1269 1642 1298 de-

187 1315 346 1354 trahendo,
360 1316 416 1347 vix
431 1316 575 1356 seposuit,
592 1315 625 1345 id
636 1316 690 1346 illa
703 1325 780 1346 nova
796 1319 891 1356 nupta
909 1315 1083 1346 universum
1096 1314 1284 1355 intercipiet,
1299 1314 1390 1354 parvi
1401 1314 1536 1353 pendens
1548 1320 1642 1351 quan-

186 1357 229 1388 tis
252 1359 399 1389 aerumnis
422 1359 465 1390 sit
490 1358 697 1398 acquisitum3
719 1358 829 1389 deinde
844 1368 913 1389 vero
928 1358 1015 1389 aliud
1032 1359 1140 1388 vulnus
1157 1357 1248 1388 Gelae
1260 1356 1392 1396 pecunia
1410 1355 1553 1395 accipiet,
1573 1363 1643 1384 cum

186 1400 273 1431 aliud
296 1411 406 1432 munus
429 1402 512 1432 heroe
533 1402 769 1440 comparandum
791 1401 867 1439 erit,
883 1401 936 1433 ubi
950 1401 1005 1432 illa
1020 1401 1113 1431 enixa
1129 1403 1252 1440 partum
1258 1399 1385 1437 fuerit‚·
1406 1399 1532 1439 insuper
1546 1397 1646 1434 uliud,

186 1443 239 1474 ubi
258 1454 353 1484 puero
375 1445 490 1475 natalis
510 1454 567 1485 per
588 1443 726 1483 singulos
749 1454 846 1475 annos
869 1447 1052 1484 revertetur,
1071 1443 1124 1474 ubi
1146 1453 1212 1474 eum
1234 1442 1443 1480 ablactabant,
1466 1445 1496 1473 et
1517 1440 1644 1472 initium

795 1542 813 1553 e
816 1542 853 1553 eo
856 1541 1006 1554 ”eoem
1011 1542 1030 1553 e

187 1606 221 1638 ki
250 1607 353 1639 Bent.
382 1607 486 1638 Both.
519 1607 597 1647 Bip.
624 1607 752 1647 Delph.
785 1606 847 1638 Hii
870 1606 993 1639 Br.--8
1027 1607 1236 1638 Pulmannus
1267 1615 1311 1637 ex
1343 1605 1409 1636 Ms.
1439 1602 1642 1635 Lovaniensi

186 1650 352 1681 ditioribus
375 1651 471 1682 citat.
499 1651 598 1682 West.
645 1652 720 1681 Duo
748 1659 791 1681 ex
817 1650 942 1680 nostris
970 1650 1108 1689 vetusti,
1132 1660 1207 1681 cum
1236 1648 1377 1680 totidem
1404 1646 1646 1683 mediocribus,

187 1693 361 1725 ditioribus.
408 1694 604 1734 Utcumque
631 1693 770 1733 scribas,
802 1692 1033 1731 pronuntiatio
1058 1692 1176 1723 eadem
1203 1697 1266 1723 est.
1290 1692 1454 1722 Bent.—9
1477 1688 1592 1721 Guelf.
1614 1692 1643 1721 1.

187 1736 338 1767 dimenso.
360 1738 392 1767 2.
414 1739 614 1767 ‘mensa—10
638 1736 736 1767 Suum
759 1736 924 1774 defrudans
950 1736 1087 1775 genium.
1131 1736 1185 1766 Ita
1216 1739 1344 1776 praeter
1373 1733 1473 1765 codd.
1502 1740 1644 1763 numero

187 1779 351 1819 plurimos
383 1780 485 1810 etiam
510 1779 600 1810 Non.
637 1780 779 1810 Marcet.
807 1780 905 1817 citat,
933 1779 1063 1809 addens
1091 1778 1173 1809 illud
1205 1777 1338 1814 Lucilii,
1364 1776 1426 1808 lib.
1453 1784 1563 1806 xxn1.
1590 1777 1642 1806 18.

187 1823 197 1838 ‘
215 1821 321 1852 Curet
337 1828 515 1862 aegrotum‚
531 1825 676 1852 sumtum
699 1822 821 1852 homini
839 1821 1006 1862 praebeat,
1022 1822 1168 1853 Genium
1187 1831 1281 1852 suum
1299 1819 1469 1857 defrudet,
1494 1819 1548 1849 alii
1567 1827 1643 1858 par-

187 1863 265 1895 cat!
308 1865 354 1896 Et
383 1864 552 1906 antiquius
582 1864 716 1896 videtur
742 1874 839 1904 quam
868 1865 1077 1904 quorundam
1104 1865 1264 1895 librorum
1290 1864 1500 1901 defi-andans.-
1523 1861 1557 1892 id
1579 1864 1645 1897 est,

187 1907 300 1938 cibum
312 1907 446 1938 sibimet
463 1907 667 1939 subducens.
697 1907 798 1939 lVest.
825 1908 1000 1947 comparsit
1015 1908 1120 1939 miser.
1159 1908 1256 1938 Rem.
1273 1907 1437 1947 conpersit.
1462 1905 1521 1935 Fa.
1562 1904 1643 1935 Con-

184 1951 294 1990 persit.
339 1951 389 1981 Ea
404 1955 502 1982 vetus
518 1951 684 1990 scriptura
699 1955 772 1989 est;
796 1956 831 1981 et
847 1950 879 1980 in
897 1955 1028 1981 textum
1047 1950 1239 1990 recipimus.
1280 1949 1414 1981 Nonius
1429 1957 1463 1978 v.
1480 1946 1643 1986 Genium,

187 1993 290 2024 habet
312 1993 472 2033 conpersit.
517 1993 684 2024 Charisius
699 2003 731 2034 p.
747 1996 820 2024 197.
847 1994 1022 2034 comparsit.
1069 1993 1210 2024 Festus:
1235 1994 1243 2010 ‘
1261 1991 1439 2033 Comparsit
1452 1989 1646 2028 Terentius,

188 2044 251 2075 pro
267 2037 276 2052 ‘
293 2036 503 2076 compescuit
517 2035 524 2048 '
541 2036 677 2076 posuit.’
721 2036 825 2076 Lego,
850 2045 911 2076 pro
935 2037 944 2052 ⁶
961 2036 1220 2076 compepercit.’
1242 2036 1339 2066 Bent.
1374 2035 1434 2065 ΒΓ.
1457 2033 1645 2071 defraudans

189 2100 197 2108 .
217 2100 225 2108 .
242 2102 250 2110 .
265 2079 450 2118 consparsa.
483 2079 582 2109 Both.
613 2079 691 2119 ssip.
714 2080 887 2119 comper-sit.
934 2079 1061 2119 Delph.
1085 2080 1284 2117 dffraudans.
1328 2079 1336 2095 ‘
1354 2077 1547 2116 Defrudans.
1585 2075 1644 2107 Sic

188 2121 327 2162 antiquo
345 2132 437 2153 more
454 2131 472 2152 e
490 2122 575 2152 Mss.
600 2121 770 2152 scribend.
795 2131 861 2151 non
883 2121 1094 2159 defraudans.'
1117 2123 1159 2153 R.
1174 2123 1307 2153 D.—ll
1333 2121 1476 2152 Codices
1493 2117 1644 2159 quidam,

186 2164 418 2204 arripiet.—l2
442 2164 514 2195 ΕΡ.
533 2164 633 2195 labore
647 2165 688 2195 sit
711 2167 844 2204 partum.
868 2165 975 2195 West.
1019 2165 1075 2195 Ita
1091 2170 1125 2195 et
1142 2164 1257 2195 Guelf.
1272 2167 1302 2194 2.
1320 2165 1436 2194 3.—14
1461 2163 1562 2193 Porro
1583 2161 1645 2192 alio

187 2210 290 2238 autem
305 2206 358 2237 ubi
382 2208 454 2238 erit.
501 2207 643 2248 Aliquot
669 2207 757 2246 libri,
774 2208 863 2238 inter
890 2217 972 2248 quos
998 2207 1095 2239 Bem.
1110 2207 1197 2238 hanc
1223 2206 1480 2238 collocationem
1501 2204 1643 2241 habent,

187 2249 289 2280 Porro
310 2253 412 2281 autem
427 2251 509 2281 alio.-
534 2251 592 2280 sed
609 2251 671 2282 hoc
698 2250 796 2280 modo
822 2255 959 2290 oportet
975 2250 983 2267 ‘
1001 2249 1092 2288 alio:
1110 2251 1143 2280 in
1158 2250 1241 2280 duas
1266 2250 1413 2290 syllabas
1430 2248 1643 2284 contrahere,

189 2297 247 2322 ant
263 2302 335 2324 esse
355 2293 693 2333 proceleusmaticum
711 2295 743 2323 in
764 2292 924 2323 secunda.
950 2293 1009 2324 Fa.
1054 2294 1167 2324 Facile
1186 2292 1379 2323 admittitur
1400 2291 1646 2332 proceleusma-

190 2335 290 2366 ticus.
336 2336 402 2366 Sed
422 2337 535 2376 placet
552 2336 655 2367 lectio
673 2343 827 2366 veterum
851 2342 1043 2366 nostrorum
1061 2336 1216 2366 codicum
1235 2336 1334 2366 Porro
1352 2335 1412 2365 ἁιὶο
1433 2337 1547 2365 autem.
1585 2333 1644 2364 Sic

190 2378 200 2394 ‘
216 2378 301 2409 alio'
318 2377 351 2409 in
375 2379 445 2410 ictu
473 2380 549 2419 erit,
572 2384 608 2410 ut
624 2389 722 2410 versu
753 2379 981 2420 praecedente.
1005 2379 1101 2410 Bent.
1147 2379 1202 2410 Ita
1225 2383 1261 2410 et
1284 2378 1447 2409 exhibent
1466 2378 1522 2408 ΒΡ.
1538 2376 1642 2407 Both.

842 2463 981 2495 NOTAE

236 2533 257 2561 9
286 2531 350 2563 Vix
365 2531 402 2562 de
427 2531 563 2561 demenso
583 2529 651 2570 suo]
679 2529 889 2560 Demeusum
943 2539 1021 2560 num
1039 2530 1195 2570 accipiet.

188 2587 264 2614 erat
280 2591 437 2613 mensura
463 2579 632 2616 frumenti,
658 2590 754 2620 quam
782 2580 888 2610 servis
988 2583 1027 2612 14
1052 2580 1180 2611 Natalis
1194 2578 1274 2619 dies]
1286 2579 1432 2610 Munera
1445 2577 1543 2609 amici
1556 2578 1641 2609 sole-

189 2631 464 2664 admetiebantur
477 2630 604 2662 domiui
621 2630 661 2661 ad
675 2630 778 2662 totius
797 2639 887 2661 men-
944 2629 1026 2661 baut
1042 2631 1176 2662 mittere
1191 2630 1232 2661 ad
1248 2640 1336 2669 eum,
1348 2629 1445 2669 cujus
1461 2633 1534 2660 erat
1547 2634 1644 2659 nata-

190 2683 236 2714 sis
253 2683 390 2712 victum.
942 2680 981 2711 lis
995 2680 1066 2712 dies
1081 2680 1136 2721 qni
1148 2689 1286 2711 uxorem
1297 2678 1461 2717 ducebat,
1473 2679 1526 2710 cui
1540 2678 1642 2710 etiam

234 2735 272 2763 13
298 2733 443 2763 Ferietur
457 2732 518 2762 alio
534 2730 670 2771 munere]
696 2732 799 2761 Velut
815 2741 883 2762 ma-
942 2735 1038 2762 erant
1053 2731 1122 2762 nati
1144 2729 1251 2761 liberi.

189 2785 233 2823 lo,
249 2793 287 2815 ac
303 2782 423 2815 damno
444 2781 657 2818 mactabitur,
681 2780 770 2813 aliud
793 2780 882 2812 dam-
