<?xml version="1.0" encoding="UTF-8"?>
<!DOCTYPE html PUBLIC "-//W3C//DTD XHTML 1.0 Transitional//EN"
    "http://www.w3.org/TR/xhtml1/DTD/xhtml1-transitional.dtd">
<html xmlns="http://www.w3.org/1999/xhtml" xml:lang="en" lang="en">
 <head>
  <title>
</title>
<meta http-equiv="Content-Type" content="text/html;charset=utf-8" />
  <meta name='ocr-system' content='tesseract 3.04.00' />
  <meta name='ocr-capabilities' content='ocr_page ocr_carea ocr_par ocr_line ocrx_word'/>
</head>
<body>
  <div class='ocr_page' id='page_1' title='image "./pubterentiiafric02tereuoft_0299.png"; bbox 0 0 1966 3302; ppageno 0'>
   <div class='ocr_carea' id='block_1_1' title="bbox 523 198 1637 244">
    <p class='ocr_par' dir='ltr' id='par_1_1' title="bbox 523 198 1637 244">
     <span class='ocr_line' id='line_1_1' title="bbox 523 198 1637 244; baseline -0.004 0"><span class='ocrx_word' id='word_1_1' title='bbox 523 212 872 244; x_wconf 55' lang='lat' dir='ltr'>,aossLPHoRUM</span> <span class='ocrx_word' id='word_1_2' title='bbox 906 212 1014 242; x_wconf 71' lang='lat' dir='ltr'>Ac‘r.</span> <span class='ocrx_word' id='word_1_3' title='bbox 1039 211 1085 241; x_wconf 77' lang='lat' dir='ltr'>v,</span> <span class='ocrx_word' id='word_1_4' title='bbox 1118 211 1187 241; x_wconf 79' lang='lat' dir='ltr'>sc.</span> <span class='ocrx_word' id='word_1_5' title='bbox 1214 209 1326 240; x_wconf 82' lang='lat' dir='ltr'>vm.</span> <span class='ocrx_word' id='word_1_6' title='bbox 1552 198 1637 240; x_wconf 78' lang='lat'>789</span> 
     </span>
    </p>
   </div>
   <div class='ocr_carea' id='block_1_2' title="bbox 183 305 1638 756">
    <p class='ocr_par' dir='ltr' id='par_1_2' title="bbox 184 305 1638 418">
     <span class='ocr_line' id='line_1_2' title="bbox 184 305 1638 360; baseline -0.004 -9"><span class='ocrx_word' id='word_1_7' title='bbox 184 309 321 360; x_wconf 83' lang='lat' dir='ltr'>Quod</span> <span class='ocrx_word' id='word_1_8' title='bbox 349 308 526 351; x_wconf 88' lang='lat' dir='ltr'>nimium</span> <span class='ocrx_word' id='word_1_9' title='bbox 549 309 605 350; x_wconf 85' lang='lat' dir='ltr'>ad</span> <span class='ocrx_word' id='word_1_10' title='bbox 629 322 717 350; x_wconf 87' lang='lat' dir='ltr'>rem</span> <span class='ocrx_word' id='word_1_11' title='bbox 748 309 790 350; x_wconf 88' lang='lat' dir='ltr'>in</span> <span class='ocrx_word' id='word_1_12' title='bbox 823 312 1003 350; x_wconf 82' lang='lat' dir='ltr'>senecta</span> <span class='ocrx_word' id='word_1_13' title='bbox 1024 307 1179 349; x_wconf 78' lang='lat' dir='ltr'>attenti</span> <span class='ocrx_word' id='word_1_14' title='bbox 1200 318 1380 347; x_wconf 87' lang='lat' dir='ltr'>sumus:</span> <span class='ocrx_word' id='word_1_15' title='bbox 1411 305 1524 346; x_wconf 80' lang='lat' dir='ltr'>hano</span> <span class='ocrx_word' id='word_1_16' title='bbox 1546 318 1638 346; x_wconf 84' lang='lat' dir='ltr'>ma-</span> 
     </span>
     <span class='ocr_line' id='line_1_3' title="bbox 356 376 749 418; baseline -0.005 0"><span class='ocrx_word' id='word_1_17' title='bbox 356 377 500 418; x_wconf 85' lang='lat' dir='ltr'>culam</span> <span class='ocrx_word' id='word_1_18' title='bbox 520 389 600 417; x_wconf 92' lang='lat' dir='ltr'>nos</span> <span class='ocrx_word' id='word_1_19' title='bbox 620 376 749 418; x_wconf 89' lang='lat' dir='ltr'>decet</span> 
     </span>
    </p>

    <p class='ocr_par' dir='ltr' id='par_1_3' title="bbox 185 441 1408 499">
     <span class='ocr_line' id='line_1_4' title="bbox 185 441 1408 499; baseline -0.006 -13"><span class='ocrx_word' id='word_1_20' title='bbox 185 445 411 499; x_wconf 87' lang='lat' dir='ltr'>Effugere:</span> <span class='ocrx_word' id='word_1_21' title='bbox 444 444 609 486; x_wconf 89' lang='lat' dir='ltr'>dictum</span> <span class='ocrx_word' id='word_1_22' title='bbox 630 448 698 485; x_wconf 88' lang='lat' dir='ltr'>est</span> <span class='ocrx_word' id='word_1_23' title='bbox 718 456 835 493; x_wconf 88' lang='lat' dir='ltr'>vere,</span> <span class='ocrx_word' id='word_1_24' title='bbox 857 446 900 484; x_wconf 87' lang='lat' dir='ltr'>et</span> <span class='ocrx_word' id='word_1_25' title='bbox 921 456 967 483; x_wconf 91' lang='lat' dir='ltr'>re</span> <span class='ocrx_word' id='word_1_26' title='bbox 987 442 1089 496; x_wconf 84' lang='lat' dir='ltr'>ipsa</span> <span class='ocrx_word' id='word_1_27' title='bbox 1108 441 1202 482; x_wconf 89' lang='lat' dir='ltr'>fieri</span> <span class='ocrx_word' id='word_1_28' title='bbox 1223 445 1408 495; x_wconf 89' lang='lat' dir='ltr'>oportet.</span> 
     </span>
    </p>

    <p class='ocr_par' dir='ltr' id='par_1_4' title="bbox 184 508 1636 633">
     <span class='ocr_line' id='line_1_5' title="bbox 184 508 1636 564; baseline -0.003 -10"><span class='ocrx_word' id='word_1_29' title='bbox 184 512 270 555; x_wconf 89' lang='lat' dir='ltr'>M1.</span> <span class='ocrx_word' id='word_1_30' title='bbox 303 511 426 564; x_wconf 87' lang='lat' dir='ltr'><strong>Quid</strong></span> <span class='ocrx_word' id='word_1_31' title='bbox 457 512 595 553; x_wconf 68' lang='lat' dir='ltr'>istic?</span> <span class='ocrx_word' id='word_1_32' title='bbox 643 511 830 561; x_wconf 82' lang='lat' dir='ltr'>dabitur,</span> <span class='ocrx_word' id='word_1_33' title='bbox 867 508 1225 564; x_wconf 86' lang='lat' dir='ltr'>quandoquidem</span> <span class='ocrx_word' id='word_1_34' title='bbox 1257 508 1329 550; x_wconf 90' lang='lat' dir='ltr'>hic</span> <span class='ocrx_word' id='word_1_35' title='bbox 1364 508 1472 550; x_wconf 87' lang='lat' dir='ltr'>volt.</span> <span class='ocrx_word' id='word_1_36' title='bbox 1535 509 1636 549; x_wconf 81' lang='lat' dir='ltr'>AES.</span> 
     </span>
     <span class='ocr_line' id='line_1_6' title="bbox 357 576 743 633; baseline 0 -14"><span class='ocrx_word' id='word_1_37' title='bbox 357 578 425 620; x_wconf 90' lang='lat' dir='ltr'>Mi</span> <span class='ocrx_word' id='word_1_38' title='bbox 443 583 568 633; x_wconf 84' lang='lat' dir='ltr'>pater</span> <span class='ocrx_word' id='word_1_39' title='bbox 585 579 595 620; x_wconf 88' lang='lat'>!</span> <span class='ocrx_word' id='word_1_40' title='bbox 736 576 743 582; x_wconf 80' lang='grc'><strong>’</strong></span> 
     </span>
    </p>

    <p class='ocr_par' dir='ltr' id='par_1_5' title="bbox 183 644 1637 756">
     <span class='ocr_line' id='line_1_7' title="bbox 183 644 1637 698; baseline -0.003 -9"><span class='ocrx_word' id='word_1_41' title='bbox 183 647 276 689; x_wconf 83' lang='lat' dir='ltr'>DE.</span> <span class='ocrx_word' id='word_1_42' title='bbox 309 646 442 688; x_wconf 85' lang='lat' dir='ltr'>Nunc</span> <span class='ocrx_word' id='word_1_43' title='bbox 476 652 521 688; x_wconf 88' lang='lat' dir='ltr'>tu</span> <span class='ocrx_word' id='word_1_44' title='bbox 545 645 651 688; x_wconf 88' lang='lat' dir='ltr'>mihi</span> <span class='ocrx_word' id='word_1_45' title='bbox 682 658 729 687; x_wconf 86' lang='lat' dir='ltr'>es</span> <span class='ocrx_word' id='word_1_46' title='bbox 765 657 998 698; x_wconf 64' lang='lat' dir='ltr'>gegmanus</span> <span class='ocrx_word' id='word_1_47' title='bbox 1020 645 1182 698; x_wconf 82' lang='lat' dir='ltr'>pariter</span> <span class='ocrx_word' id='word_1_48' title='bbox 1204 656 1388 698; x_wconf 88' lang='lat' dir='ltr'>corpore</span> <span class='ocrx_word' id='word_1_49' title='bbox 1412 648 1454 684; x_wconf 88' lang='lat' dir='ltr'>et</span> <span class='ocrx_word' id='word_1_50' title='bbox 1477 644 1637 684; x_wconf 87' lang='lat' dir='ltr'>animo.</span> 
     </span>
     <span class='ocr_line' id='line_1_8' title="bbox 355 714 670 756; baseline -0.003 -1"><span class='ocrx_word' id='word_1_51' title='bbox 355 714 441 755; x_wconf 92' lang='lat' dir='ltr'>M1.</span> <span class='ocrx_word' id='word_1_52' title='bbox 472 714 670 756; x_wconf 83' lang='lat' dir='ltr'>Gaudeo.</span> 
     </span>
    </p>
   </div>
   <div class='ocr_carea' id='block_1_3' title="bbox 184 779 1639 853">
    <p class='ocr_par' dir='ltr' id='par_1_6' title="bbox 184 779 1639 853">
     <span class='ocr_line' id='line_1_9' title="bbox 184 779 1639 853; baseline -0.003 -29"><span class='ocrx_word' id='word_1_53' title='bbox 184 783 272 824; x_wconf 85' lang='lat' dir='ltr'>DE.</span> <span class='ocrx_word' id='word_1_54' title='bbox 307 782 398 824; x_wconf 91' lang='lat' dir='ltr'>Suo</span> <span class='ocrx_word' id='word_1_55' title='bbox 419 783 503 824; x_wconf 91' lang='lat' dir='ltr'>sibi</span> <span class='ocrx_word' id='word_1_56' title='bbox 523 782 639 823; x_wconf 91' lang='lat' dir='ltr'>hunc</span> <span class='ocrx_word' id='word_1_57' title='bbox 660 780 808 835; x_wconf 82' lang='lat' dir='ltr'>gladio</span> <span class='ocrx_word' id='word_1_58' title='bbox 824 780 997 853; x_wconf 58' lang='lat' dir='ltr'>J&#39;QO·</span> <span class='ocrx_word' id='word_1_59' title='bbox 1580 779 1639 819; x_wconf 80' lang='lat'>35</span> 
     </span>
    </p>
   </div>
   <div class='ocr_carea' id='block_1_4' title="bbox 177 923 1636 1137">
    <p class='ocr_par' dir='ltr' id='par_1_7' title="bbox 177 923 1636 1137">
     <span class='ocr_line' id='line_1_10' title="bbox 181 923 1636 968; baseline -0.005 -10"><span class='ocrx_word' id='word_1_60' title='bbox 181 927 316 958; x_wconf 82' lang='lat' dir='ltr'>omnium</span> <span class='ocrx_word' id='word_1_61' title='bbox 330 931 388 967; x_wconf 77' lang='lat' dir='ltr'>est,</span> <span class='ocrx_word' id='word_1_62' title='bbox 414 928 493 968; x_wconf 84' lang='lat' dir='ltr'>quod</span> <span class='ocrx_word' id='word_1_63' title='bbox 508 928 548 959; x_wconf 83' lang='lat' dir='ltr'>ad</span> <span class='ocrx_word' id='word_1_64' title='bbox 569 936 634 958; x_wconf 85' lang='lat' dir='ltr'>rem</span> <span class='ocrx_word' id='word_1_65' title='bbox 652 927 685 957; x_wconf 81' lang='lat' dir='ltr'>in</span> <span class='ocrx_word' id='word_1_66' title='bbox 702 929 857 957; x_wconf 81' lang='lat' dir='ltr'>senectute</span> <span class='ocrx_word' id='word_1_67' title='bbox 873 924 1058 955; x_wconf 78' lang='lat' dir='ltr'>attentiores</span> <span class='ocrx_word' id='word_1_68' title='bbox 1072 932 1174 953; x_wconf 79' lang='lat' dir='ltr'>sumus</span> <span class='ocrx_word' id='word_1_69' title='bbox 1187 934 1197 953; x_wconf 88' lang='lat'>.·</span> <span class='ocrx_word' id='word_1_70' title='bbox 1221 923 1298 953; x_wconf 79' lang='lat' dir='ltr'><strong><em>hanc</em></strong></span> <span class='ocrx_word' id='word_1_71' title='bbox 1313 923 1431 961; x_wconf 80' lang='lat' dir='ltr'>culpam</span> <span class='ocrx_word' id='word_1_72' title='bbox 1447 924 1566 954; x_wconf 64' lang='lat' dir='ltr'>evitare</span> <span class='ocrx_word' id='word_1_73' title='bbox 1581 932 1636 952; x_wconf 85' lang='lat' dir='ltr'>nos</span> 
     </span>
     <span class='ocr_line' id='line_1_11' title="bbox 180 965 1634 1011; baseline -0.005 -10"><span class='ocrx_word' id='word_1_74' title='bbox 180 973 319 1010; x_wconf 80' lang='lat' dir='ltr'>oportet:</span> <span class='ocrx_word' id='word_1_75' title='bbox 352 971 408 1001; x_wconf 82' lang='lat' dir='ltr'>hoc</span> <span class='ocrx_word' id='word_1_76' title='bbox 425 980 493 1001; x_wconf 86' lang='lat' dir='ltr'>vere</span> <span class='ocrx_word' id='word_1_77' title='bbox 515 971 672 1011; x_wconf 81' lang='lat' dir='ltr'>prolatum</span> <span class='ocrx_word' id='word_1_78' title='bbox 698 972 755 1009; x_wconf 84' lang='lat' dir='ltr'>est,</span> <span class='ocrx_word' id='word_1_79' title='bbox 781 973 811 999; x_wconf 77' lang='lat' dir='ltr'>et</span> <span class='ocrx_word' id='word_1_80' title='bbox 827 968 930 1007; x_wconf 81' lang='lat' dir='ltr'>reipsa</span> <span class='ocrx_word' id='word_1_81' title='bbox 957 967 1010 997; x_wconf 82' lang='lat' dir='ltr'>hoc</span> <span class='ocrx_word' id='word_1_82' title='bbox 1029 967 1115 996; x_wconf 78' lang='lat' dir='ltr'>uobis</span> <span class='ocrx_word' id='word_1_83' title='bbox 1128 967 1340 1005; x_wconf 77' lang='lat' dir='ltr'>praestandum</span> <span class='ocrx_word' id='word_1_84' title='bbox 1355 969 1410 996; x_wconf 83' lang='lat' dir='ltr'>est.</span> <span class='ocrx_word' id='word_1_85' title='bbox 1456 966 1521 995; x_wconf 58' lang='lat'>7311.</span> <span class='ocrx_word' id='word_1_86' title='bbox 1548 965 1634 1000; x_wconf 85' lang='lat' dir='ltr'>Quid</span> 
     </span>
     <span class='ocr_line' id='line_1_12' title="bbox 181 1008 1634 1053; baseline -0.005 -9"><span class='ocrx_word' id='word_1_87' title='bbox 181 1013 236 1044; x_wconf 76' lang='lat' dir='ltr'>hoc</span> <span class='ocrx_word' id='word_1_88' title='bbox 251 1011 322 1044; x_wconf 76' lang='lat' dir='ltr'>est?</span> <span class='ocrx_word' id='word_1_89' title='bbox 347 1013 483 1051; x_wconf 83' lang='lat' dir='ltr'>dabitur,</span> <span class='ocrx_word' id='word_1_90' title='bbox 499 1014 618 1053; x_wconf 82' lang='lat' dir='ltr'>quando</span> <span class='ocrx_word' id='word_1_91' title='bbox 636 1013 754 1043; x_wconf 83' lang='lat' dir='ltr'>Demea</span> <span class='ocrx_word' id='word_1_92' title='bbox 774 1011 819 1041; x_wconf 79' lang='lat' dir='ltr'>sic</span> <span class='ocrx_word' id='word_1_93' title='bbox 833 1010 943 1051; x_wconf 80' lang='lat' dir='ltr'>poscit.</span> <span class='ocrx_word' id='word_1_94' title='bbox 991 1010 1063 1039; x_wconf 71' lang='lat' dir='ltr'>[Es.</span> <span class='ocrx_word' id='word_1_95' title='bbox 1094 1010 1122 1038; x_wconf 94' lang='grc' dir='ltr'>Ο</span> <span class='ocrx_word' id='word_1_96' title='bbox 1139 1009 1180 1038; x_wconf 81' lang='lat' dir='ltr'>mi</span> <span class='ocrx_word' id='word_1_97' title='bbox 1194 1008 1306 1049; x_wconf 77' lang='lat' dir='ltr'>pater!</span> <span class='ocrx_word' id='word_1_98' title='bbox 1352 1008 1419 1039; x_wconf 75' lang='lat' dir='ltr'>DE.</span> <span class='ocrx_word' id='word_1_99' title='bbox 1446 1009 1537 1038; x_wconf 81' lang='lat' dir='ltr'>Nunc</span> <span class='ocrx_word' id='word_1_100' title='bbox 1555 1008 1634 1037; x_wconf 84' lang='lat' dir='ltr'>mihi</span> 
     </span>
     <span class='ocr_line' id='line_1_13' title="bbox 177 1050 1634 1096; baseline -0.005 -9"><span class='ocrx_word' id='word_1_101' title='bbox 177 1065 344 1094; x_wconf 72' lang='lat' dir='ltr'>gemnuuus</span> <span class='ocrx_word' id='word_1_102' title='bbox 368 1066 399 1087; x_wconf 86' lang='lat' dir='ltr'>es</span> <span class='ocrx_word' id='word_1_103' title='bbox 419 1057 538 1096; x_wconf 73' lang='lat' dir='ltr'>pariter</span> <span class='ocrx_word' id='word_1_104' title='bbox 553 1065 676 1096; x_wconf 80' lang='lat' dir='ltr'>corpore</span> <span class='ocrx_word' id='word_1_105' title='bbox 692 1059 722 1086; x_wconf 81' lang='lat' dir='ltr'>et</span> <span class='ocrx_word' id='word_1_106' title='bbox 739 1055 851 1085; x_wconf 75' lang='lat' dir='ltr'>animo.</span> <span class='ocrx_word' id='word_1_107' title='bbox 895 1054 959 1084; x_wconf 71' lang='lat' dir='ltr'>Mi.</span> <span class='ocrx_word' id='word_1_108' title='bbox 983 1052 1023 1082; x_wconf 87' lang='lat' dir='ltr'>Id</span> <span class='ocrx_word' id='word_1_109' title='bbox 1044 1053 1175 1091; x_wconf 77' lang='lat' dir='ltr'>gaudeo.</span> <span class='ocrx_word' id='word_1_110' title='bbox 1221 1052 1286 1082; x_wconf 78' lang='lat' dir='ltr'>DE.</span> <span class='ocrx_word' id='word_1_111' title='bbox 1313 1051 1385 1081; x_wconf 82' lang='lat' dir='ltr'>Suis</span> <span class='ocrx_word' id='word_1_112' title='bbox 1399 1051 1537 1092; x_wconf 77' lang='lat' dir='ltr'>propriis</span> <span class='ocrx_word' id='word_1_113' title='bbox 1565 1050 1634 1080; x_wconf 76' lang='lat' dir='ltr'>telis</span> 
     </span>
     <span class='ocr_line' id='line_1_14' title="bbox 181 1098 426 1137; baseline 0.004 -8"><span class='ocrx_word' id='word_1_114' title='bbox 181 1098 261 1130; x_wconf 84' lang='lat' dir='ltr'>hunc</span> <span class='ocrx_word' id='word_1_115' title='bbox 275 1098 426 1137; x_wconf 84' lang='lat' dir='ltr'>confodio.</span> 
     </span>
    </p>
   </div>
   <div class='ocr_carea' id='block_1_5' title="bbox 791 1164 1027 1178">
    <p class='ocr_par' dir='ltr' id='par_1_8' title="bbox 791 1164 1027 1178">
     <span class='ocr_line' id='line_1_15' title="bbox 791 1164 1027 1178; baseline -0.008 0"><span class='ocrx_word' id='word_1_116' title='bbox 791 1164 1027 1178; x_wconf 55' lang='lat' dir='ltr'>“umenece-</span> 
     </span>
    </p>
   </div>
   <div class='ocr_carea' id='block_1_6' title="bbox 174 1249 1637 2144">
    <p class='ocr_par' dir='ltr' id='par_1_9' title="bbox 174 1249 1637 2144">
     <span class='ocr_line' id='line_1_16' title="bbox 179 1249 1636 1288; baseline -0.004 -1"><span class='ocrx_word' id='word_1_117' title='bbox 179 1260 248 1287; x_wconf 85' lang='lat' dir='ltr'>tur.</span> <span class='ocrx_word' id='word_1_118' title='bbox 271 1258 369 1288; x_wconf 83' lang='lat' dir='ltr'>Bent.</span> <span class='ocrx_word' id='word_1_119' title='bbox 406 1255 567 1286; x_wconf 72' lang='lat' dir='ltr'>Postremo</span> <span class='ocrx_word' id='word_1_120' title='bbox 592 1264 672 1286; x_wconf 78' lang='lat' dir='ltr'>nuuc</span> <span class='ocrx_word' id='word_1_121' title='bbox 699 1253 800 1285; x_wconf 86' lang='lat' dir='ltr'>Both.</span> <span class='ocrx_word' id='word_1_122' title='bbox 826 1252 1006 1283; x_wconf 68' lang='lat' dir='ltr'>perh—30</span> <span class='ocrx_word' id='word_1_123' title='bbox 1030 1250 1146 1281; x_wconf 85' lang='lat' dir='ltr'>Guelf.</span> <span class='ocrx_word' id='word_1_124' title='bbox 1171 1253 1201 1282; x_wconf 81' lang='lat'>3.</span> <span class='ocrx_word' id='word_1_125' title='bbox 1226 1250 1436 1281; x_wconf 74' lang='lat' dir='ltr'>dixisti.-31</span> <span class='ocrx_word' id='word_1_126' title='bbox 1462 1249 1531 1280; x_wconf 84' lang='lat' dir='ltr'>Ms.</span> <span class='ocrx_word' id='word_1_127' title='bbox 1559 1249 1636 1281; x_wconf 73' lang='lat' dir='ltr'>Pal.</span> 
     </span>
     <span class='ocr_line' id='line_1_17' title="bbox 181 1293 1636 1339; baseline -0.006 -8"><span class='ocrx_word' id='word_1_128' title='bbox 181 1303 212 1331; x_wconf 80' lang='grc'>3.</span> <span class='ocrx_word' id='word_1_129' title='bbox 229 1300 314 1331; x_wconf 76' lang='lat' dir='ltr'>nvidi</span> <span class='ocrx_word' id='word_1_130' title='bbox 331 1308 390 1339; x_wconf 87' lang='lat' dir='ltr'>pro</span> <span class='ocrx_word' id='word_1_131' title='bbox 405 1299 540 1329; x_wconf 75' lang='lat' dir='ltr'>attenti:</span> <span class='ocrx_word' id='word_1_132' title='bbox 562 1304 597 1329; x_wconf 83' lang='lat' dir='ltr'>at</span> <span class='ocrx_word' id='word_1_133' title='bbox 614 1307 692 1328; x_wconf 83' lang='lat' dir='ltr'>vero</span> <span class='ocrx_word' id='word_1_134' title='bbox 709 1297 809 1337; x_wconf 87' lang='lat' dir='ltr'>gloss.</span> <span class='ocrx_word' id='word_1_135' title='bbox 827 1295 928 1334; x_wconf 82' lang='lat' dir='ltr'>sapit.</span> <span class='ocrx_word' id='word_1_136' title='bbox 946 1294 1077 1324; x_wconf 86' lang='lat' dir='ltr'>Pe1·l.—-</span> <span class='ocrx_word' id='word_1_137' title='bbox 1086 1297 1126 1324; x_wconf 79' lang='lat'>32</span> <span class='ocrx_word' id='word_1_138' title='bbox 1151 1293 1242 1333; x_wconf 86' lang='lat' dir='ltr'>Guy.</span> <span class='ocrx_word' id='word_1_139' title='bbox 1260 1299 1294 1324; x_wconf 81' lang='lat' dir='ltr'>et</span> <span class='ocrx_word' id='word_1_140' title='bbox 1318 1293 1480 1323; x_wconf 86' lang='lat' dir='ltr'>Heinsius</span> <span class='ocrx_word' id='word_1_141' title='bbox 1495 1293 1636 1332; x_wconf 80' lang='lat' dir='ltr'>legunt:</span> 
     </span>
     <span class='ocr_line' id='line_1_18' title="bbox 181 1336 1636 1383; baseline -0.005 -11"><span class='ocrx_word' id='word_1_142' title='bbox 181 1353 214 1373; x_wconf 88' lang='lat' dir='ltr'>re</span> <span class='ocrx_word' id='word_1_143' title='bbox 227 1343 335 1383; x_wconf 79' lang='lat' dir='ltr'>ipsus.</span> <span class='ocrx_word' id='word_1_144' title='bbox 350 1344 482 1383; x_wconf 77' lang='lat' dir='ltr'>oportet,</span> <span class='ocrx_word' id='word_1_145' title='bbox 495 1341 616 1371; x_wconf 80' lang='lat' dir='ltr'>Micio.-</span> <span class='ocrx_word' id='word_1_146' title='bbox 664 1339 782 1370; x_wconf 86' lang='lat' dir='ltr'>Habet</span> <span class='ocrx_word' id='word_1_147' title='bbox 799 1343 911 1368; x_wconf 85' lang='lat' dir='ltr'>antem</span> <span class='ocrx_word' id='word_1_148' title='bbox 931 1337 1092 1376; x_wconf 82' lang='lat' dir='ltr'>repetitio</span> <span class='ocrx_word' id='word_1_149' title='bbox 1116 1337 1260 1367; x_wconf 73' lang='lat' dir='ltr'>nominis</span> <span class='ocrx_word' id='word_1_150' title='bbox 1277 1337 1468 1375; x_wconf 79' lang='lat' dir='ltr'>elegantem</span> <span class='ocrx_word' id='word_1_151' title='bbox 1487 1345 1581 1365; x_wconf 80' lang='lat' dir='ltr'>usum</span> <span class='ocrx_word' id='word_1_152' title='bbox 1600 1336 1636 1366; x_wconf 88' lang='lat' dir='ltr'>in</span> 
     </span>
     <span class='ocr_line' id='line_1_19' title="bbox 179 1378 1637 1425; baseline -0.005 -9"><span class='ocrx_word' id='word_1_153' title='bbox 179 1385 466 1425; x_wconf 80' lang='lat' dir='ltr'>persuasionibus.</span> <span class='ocrx_word' id='word_1_154' title='bbox 495 1385 594 1416; x_wconf 72' lang='lat' dir='ltr'>IVest.</span> <span class='ocrx_word' id='word_1_155' title='bbox 631 1383 720 1414; x_wconf 81' lang='lat' dir='ltr'>Fieri</span> <span class='ocrx_word' id='word_1_156' title='bbox 735 1393 759 1412; x_wconf 91' lang='lat'>0.</span> <span class='ocrx_word' id='word_1_157' title='bbox 778 1382 876 1412; x_wconf 77' lang='lat' dir='ltr'>Micio</span> <span class='ocrx_word' id='word_1_158' title='bbox 892 1381 994 1410; x_wconf 84' lang='lat' dir='ltr'>Bent.</span> <span class='ocrx_word' id='word_1_159' title='bbox 1013 1379 1116 1409; x_wconf 78' lang='lat' dir='ltr'>Both.</span> <span class='ocrx_word' id='word_1_160' title='bbox 1137 1380 1214 1420; x_wconf 84' lang='lat' dir='ltr'>Rip.</span> <span class='ocrx_word' id='word_1_161' title='bbox 1234 1379 1359 1419; x_wconf 86' lang='lat' dir='ltr'>Delph.</span> <span class='ocrx_word' id='word_1_162' title='bbox 1400 1379 1445 1408; x_wconf 76' lang='lat' dir='ltr'>Et</span> <span class='ocrx_word' id='word_1_163' title='bbox 1460 1378 1576 1409; x_wconf 75' lang='lat' dir='ltr'>dictum</span> <span class='ocrx_word' id='word_1_164' title='bbox 1591 1382 1637 1409; x_wconf 78' lang='lat' dir='ltr'>est</span> 
     </span>
     <span class='ocr_line' id='line_1_20' title="bbox 180 1422 1637 1467; baseline -0.005 -8"><span class='ocrx_word' id='word_1_165' title='bbox 180 1427 424 1459; x_wconf 79' lang='lat' dir='ltr'>Guelf.3.—33</span> <span class='ocrx_word' id='word_1_166' title='bbox 443 1426 697 1467; x_wconf 79' lang='lat' dir='ltr'>Quandoquidem</span> <span class='ocrx_word' id='word_1_167' title='bbox 710 1425 842 1456; x_wconf 62' lang='lat' dir='ltr'>hicn-ott.</span> <span class='ocrx_word' id='word_1_168' title='bbox 866 1422 1011 1454; x_wconf 87' lang='lat' dir='ltr'>Locutio</span> <span class='ocrx_word' id='word_1_169' title='bbox 1024 1423 1129 1462; x_wconf 79' lang='lat' dir='ltr'>inagis</span> <span class='ocrx_word' id='word_1_170' title='bbox 1141 1423 1363 1460; x_wconf 84' lang='lat' dir='ltr'>Terentiana,</span> <span class='ocrx_word' id='word_1_171' title='bbox 1377 1431 1476 1461; x_wconf 86' lang='lat' dir='ltr'>quam</span> <span class='ocrx_word' id='word_1_172' title='bbox 1490 1422 1637 1462; x_wconf 73' lang='lat' dir='ltr'>inaquo-</span> 
     </span>
     <span class='ocr_line' id='line_1_21' title="bbox 181 1464 1636 1509; baseline -0.005 -7"><span class='ocrx_word' id='word_1_173' title='bbox 181 1471 322 1502; x_wconf 82' lang='lat' dir='ltr'>rundam</span> <span class='ocrx_word' id='word_1_174' title='bbox 350 1471 524 1507; x_wconf 82' lang='lat' dir='ltr'>librorum,</span> <span class='ocrx_word' id='word_1_175' title='bbox 544 1470 669 1500; x_wconf 81' lang='lat' dir='ltr'>dabitur</span> <span class='ocrx_word' id='word_1_176' title='bbox 696 1468 829 1509; x_wconf 79' lang='lat' dir='ltr'>quidem,</span> <span class='ocrx_word' id='word_1_177' title='bbox 856 1466 976 1506; x_wconf 82' lang='lat' dir='ltr'>quando</span> <span class='ocrx_word' id='word_1_178' title='bbox 1001 1465 1051 1495; x_wconf 77' lang='lat' dir='ltr'>hic</span> <span class='ocrx_word' id='word_1_179' title='bbox 1081 1465 1154 1496; x_wconf 73' lang='lat' dir='ltr'>volt.</span> <span class='ocrx_word' id='word_1_180' title='bbox 1180 1466 1286 1496; x_wconf 81' lang='lat' dir='ltr'>West.</span> <span class='ocrx_word' id='word_1_181' title='bbox 1334 1464 1479 1503; x_wconf 81' lang='lat' dir='ltr'>Quidem,</span> <span class='ocrx_word' id='word_1_182' title='bbox 1503 1465 1636 1504; x_wconf 78' lang='lat' dir='ltr'>quaudo,</span> 
     </span>
     <span class='ocr_line' id='line_1_22' title="bbox 179 1507 1636 1549; baseline -0.005 -4"><span class='ocrx_word' id='word_1_183' title='bbox 179 1514 287 1546; x_wconf 85' lang='lat' dir='ltr'>nostri</span> <span class='ocrx_word' id='word_1_184' title='bbox 312 1514 470 1545; x_wconf 85' lang='lat' dir='ltr'>universi.</span> <span class='ocrx_word' id='word_1_185' title='bbox 493 1514 554 1543; x_wconf 83' lang='lat' dir='ltr'>Fa.</span> <span class='ocrx_word' id='word_1_186' title='bbox 571 1522 612 1543; x_wconf 84' lang='lat' dir='ltr'>ex</span> <span class='ocrx_word' id='word_1_187' title='bbox 632 1512 682 1542; x_wconf 90' lang='lat' dir='ltr'>Vi.</span> <span class='ocrx_word' id='word_1_188' title='bbox 699 1511 818 1541; x_wconf 81' lang='lat' dir='ltr'>maluit</span> <span class='ocrx_word' id='word_1_189' title='bbox 841 1509 1092 1549; x_wconf 77' lang='lat' dir='ltr'>quandoquidem.</span> <span class='ocrx_word' id='word_1_190' title='bbox 1113 1508 1216 1539; x_wconf 86' lang='lat' dir='ltr'>Bent.</span> <span class='ocrx_word' id='word_1_191' title='bbox 1241 1508 1297 1548; x_wconf 88' lang='lat' dir='ltr'>qni</span> <span class='ocrx_word' id='word_1_192' title='bbox 1311 1507 1359 1538; x_wconf 84' lang='lat' dir='ltr'>sic</span> <span class='ocrx_word' id='word_1_193' title='bbox 1376 1512 1486 1538; x_wconf 79' lang='lat' dir='ltr'>totuin</span> <span class='ocrx_word' id='word_1_194' title='bbox 1505 1516 1636 1537; x_wconf 80' lang='lat' dir='ltr'>versum</span> 
     </span>
     <span class='ocr_line' id='line_1_23' title="bbox 179 1550 1632 1597; baseline -0.006 -9"><span class='ocrx_word' id='word_1_195' title='bbox 179 1557 266 1597; x_wconf 86' lang='lat' dir='ltr'>legit</span> <span class='ocrx_word' id='word_1_196' title='bbox 283 1562 319 1588; x_wconf 85' lang='lat' dir='ltr'>et</span> <span class='ocrx_word' id='word_1_197' title='bbox 345 1556 534 1593; x_wconf 81' lang='lat' dir='ltr'>constituit,</span> <span class='ocrx_word' id='word_1_198' title='bbox 566 1555 606 1591; x_wconf 89' lang='lat' dir='ltr'>Q.</span> <span class='ocrx_word' id='word_1_199' title='bbox 622 1555 717 1585; x_wconf 75' lang='lat' dir='ltr'>istic?</span> <span class='ocrx_word' id='word_1_200' title='bbox 739 1555 769 1584; x_wconf 85' lang='lat' dir='ltr'>d.</span> <span class='ocrx_word' id='word_1_201' title='bbox 787 1553 920 1594; x_wconf 79' lang='lat' dir='ltr'>quidem,</span> <span class='ocrx_word' id='word_1_202' title='bbox 934 1552 1052 1591; x_wconf 83' lang='lat' dir='ltr'>quaudo</span> <span class='ocrx_word' id='word_1_203' title='bbox 1068 1551 1098 1581; x_wconf 87' lang='grc' dir='ltr'>Ιι.</span> <span class='ocrx_word' id='word_1_204' title='bbox 1113 1560 1142 1582; x_wconf 72' lang='lat' dir='ltr'>v.</span> <span class='ocrx_word' id='word_1_205' title='bbox 1158 1551 1210 1582; x_wconf 76' lang='lat' dir='ltr'>Mi</span> <span class='ocrx_word' id='word_1_206' title='bbox 1231 1555 1330 1591; x_wconf 80' lang='lat' dir='ltr'>pater.</span> <span class='ocrx_word' id='word_1_207' title='bbox 1376 1551 1470 1580; x_wconf 84' lang='lat' dir='ltr'>Nunc</span> <span class='ocrx_word' id='word_1_208' title='bbox 1493 1554 1527 1581; x_wconf 77' lang='lat' dir='ltr'>tu</span> <span class='ocrx_word' id='word_1_209' title='bbox 1544 1550 1632 1581; x_wconf 75' lang='lat' dir='ltr'>mihi.</span> 
     </span>
     <span class='ocr_line' id='line_1_24' title="bbox 179 1593 1635 1637; baseline -0.004 -7"><span class='ocrx_word' id='word_1_210' title='bbox 179 1599 239 1631; x_wconf 72' lang='grc' dir='ltr'>ΒΓ.</span> <span class='ocrx_word' id='word_1_211' title='bbox 264 1600 350 1636; x_wconf 83' lang='lat' dir='ltr'>Quid</span> <span class='ocrx_word' id='word_1_212' title='bbox 365 1598 469 1631; x_wconf 77' lang='lat' dir='ltr'>istuc?</span> <span class='ocrx_word' id='word_1_213' title='bbox 491 1598 616 1629; x_wconf 81' lang='lat' dir='ltr'>dubitur</span> <span class='ocrx_word' id='word_1_214' title='bbox 636 1597 769 1637; x_wconf 78' lang='lat' dir='ltr'>quidem,</span> <span class='ocrx_word' id='word_1_215' title='bbox 794 1595 914 1636; x_wconf 84' lang='lat' dir='ltr'>quando</span> <span class='ocrx_word' id='word_1_216' title='bbox 930 1594 962 1624; x_wconf 87' lang='grc' dir='ltr'>Ιι.</span> <span class='ocrx_word' id='word_1_217' title='bbox 978 1604 1005 1624; x_wconf 86' lang='grc' dir='ltr'>υ.</span> <span class='ocrx_word' id='word_1_218' title='bbox 1042 1594 1143 1624; x_wconf 87' lang='lat' dir='ltr'>Both.</span> <span class='ocrx_word' id='word_1_219' title='bbox 1181 1595 1234 1624; x_wconf 74' lang='lat' dir='ltr'>Mi</span> <span class='ocrx_word' id='word_1_220' title='bbox 1247 1597 1348 1634; x_wconf 81' lang='lat' dir='ltr'>puter.</span> <span class='ocrx_word' id='word_1_221' title='bbox 1389 1594 1480 1623; x_wconf 80' lang='lat' dir='ltr'>Nunc</span> <span class='ocrx_word' id='word_1_222' title='bbox 1496 1596 1530 1623; x_wconf 80' lang='lat' dir='ltr'>tu</span> <span class='ocrx_word' id='word_1_223' title='bbox 1545 1593 1635 1624; x_wconf 81' lang='lat' dir='ltr'>mihi.</span> 
     </span>
     <span class='ocr_line' id='line_1_25' title="bbox 179 1636 1636 1683; baseline -0.008 -9"><span class='ocrx_word' id='word_1_224' title='bbox 179 1642 260 1683; x_wconf 87' lang='lat' dir='ltr'>Bip.</span> <span class='ocrx_word' id='word_1_225' title='bbox 277 1643 337 1673; x_wconf 87' lang='lat' dir='ltr'>dat</span> <span class='ocrx_word' id='word_1_226' title='bbox 362 1643 443 1673; x_wconf 87' lang='lat' dir='ltr'>lect.</span> <span class='ocrx_word' id='word_1_227' title='bbox 460 1641 621 1672; x_wconf 83' lang='lat' dir='ltr'>Bentleii.</span> <span class='ocrx_word' id='word_1_228' title='bbox 659 1640 745 1671; x_wconf 78' lang='lat' dir='ltr'>Istuc</span> <span class='ocrx_word' id='word_1_229' title='bbox 762 1638 876 1671; x_wconf 86' lang='lat' dir='ltr'>Guelf.</span> <span class='ocrx_word' id='word_1_230' title='bbox 892 1639 923 1668; x_wconf 87' lang='lat'>2.</span> <span class='ocrx_word' id='word_1_231' title='bbox 941 1639 1060 1667; x_wconf 78' lang='lat'>3.—34</span> <span class='ocrx_word' id='word_1_232' title='bbox 1085 1636 1125 1667; x_wconf 89' lang='lat' dir='ltr'>In</span> <span class='ocrx_word' id='word_1_233' title='bbox 1142 1637 1240 1668; x_wconf 84' lang='lat' dir='ltr'>Bodl.</span> <span class='ocrx_word' id='word_1_234' title='bbox 1256 1642 1320 1675; x_wconf 86' lang='lat' dir='ltr'>est,</span> <span class='ocrx_word' id='word_1_235' title='bbox 1333 1638 1371 1666; x_wconf 72' lang='lat' dir='ltr'>‘et</span> <span class='ocrx_word' id='word_1_236' title='bbox 1394 1636 1495 1666; x_wconf 83' lang='lat' dir='ltr'>animo</span> <span class='ocrx_word' id='word_1_237' title='bbox 1520 1640 1550 1666; x_wconf 86' lang='lat' dir='ltr'>et</span> <span class='ocrx_word' id='word_1_238' title='bbox 1568 1645 1636 1665; x_wconf 81' lang='lat' dir='ltr'>cor.</span> 
     </span>
     <span class='ocr_line' id='line_1_26' title="bbox 175 1679 1636 1725; baseline -0.005 -9"><span class='ocrx_word' id='word_1_239' title='bbox 175 1695 263 1725; x_wconf 82' lang='lat' dir='ltr'>pore.</span> <span class='ocrx_word' id='word_1_240' title='bbox 286 1686 395 1716; x_wconf 86' lang='lat' dir='ltr'>West.</span> <span class='ocrx_word' id='word_1_241' title='bbox 440 1685 546 1715; x_wconf 90' lang='lat' dir='ltr'>Binos</span> <span class='ocrx_word' id='word_1_242' title='bbox 573 1684 675 1714; x_wconf 82' lang='lat' dir='ltr'>hosce</span> <span class='ocrx_word' id='word_1_243' title='bbox 700 1692 816 1714; x_wconf 85' lang='lat' dir='ltr'>versus</span> <span class='ocrx_word' id='word_1_244' title='bbox 839 1680 897 1711; x_wconf 89' lang='lat' dir='ltr'>uni</span> <span class='ocrx_word' id='word_1_245' title='bbox 922 1680 1064 1710; x_wconf 88' lang='lat' dir='ltr'>Demeae</span> <span class='ocrx_word' id='word_1_246' title='bbox 1096 1679 1218 1711; x_wconf 86' lang='lat' dir='ltr'>tribuit</span> <span class='ocrx_word' id='word_1_247' title='bbox 1244 1679 1288 1711; x_wconf 88' lang='lat' dir='ltr'>G.</span> <span class='ocrx_word' id='word_1_248' title='bbox 1321 1680 1407 1710; x_wconf 86' lang='lat' dir='ltr'>Idem</span> <span class='ocrx_word' id='word_1_249' title='bbox 1431 1679 1466 1709; x_wconf 85' lang='lat' dir='ltr'>iu</span> <span class='ocrx_word' id='word_1_250' title='bbox 1489 1679 1636 1709; x_wconf 81' lang='lat' dir='ltr'>Addeud.</span> 
     </span>
     <span class='ocr_line' id='line_1_27' title="bbox 180 1722 1635 1766; baseline -0.005 -7"><span class='ocrx_word' id='word_1_251' title='bbox 180 1729 227 1759; x_wconf 90' lang='lat' dir='ltr'>Et</span> <span class='ocrx_word' id='word_1_252' title='bbox 241 1728 293 1760; x_wconf 88' lang='lat' dir='ltr'>ita</span> <span class='ocrx_word' id='word_1_253' title='bbox 307 1729 367 1759; x_wconf 73' lang='grc' dir='ltr'>ΒΓ.</span> <span class='ocrx_word' id='word_1_254' title='bbox 404 1729 412 1745; x_wconf 90' lang='lat'>‘</span> <span class='ocrx_word' id='word_1_255' title='bbox 425 1727 466 1758; x_wconf 88' lang='lat' dir='ltr'>In</span> <span class='ocrx_word' id='word_1_256' title='bbox 481 1727 546 1759; x_wconf 87' lang='lat' dir='ltr'>hoe</span> <span class='ocrx_word' id='word_1_257' title='bbox 564 1736 676 1766; x_wconf 84' lang='lat' dir='ltr'>versu,</span> <span class='ocrx_word' id='word_1_258' title='bbox 693 1726 812 1757; x_wconf 80' lang='lat' dir='ltr'>iterum</span> <span class='ocrx_word' id='word_1_259' title='bbox 829 1722 956 1755; x_wconf 84' lang='lat' dir='ltr'>excidit</span> <span class='ocrx_word' id='word_1_260' title='bbox 971 1722 1081 1761; x_wconf 75' lang='lat' dir='ltr'>Micio,</span> <span class='ocrx_word' id='word_1_261' title='bbox 1097 1723 1296 1763; x_wconf 84' lang='lat' dir='ltr'>absorptum</span> <span class='ocrx_word' id='word_1_262' title='bbox 1315 1722 1451 1752; x_wconf 86' lang='lat' dir='ltr'>scilicet</span> <span class='ocrx_word' id='word_1_263' title='bbox 1467 1731 1485 1752; x_wconf 81' lang='lat' dir='ltr'>a</span> <span class='ocrx_word' id='word_1_264' title='bbox 1504 1730 1635 1761; x_wconf 85' lang='lat' dir='ltr'>praece-</span> 
     </span>
     <span class='ocr_line' id='line_1_28' title="bbox 179 1764 1637 1809; baseline -0.005 -7"><span class='ocrx_word' id='word_1_265' title='bbox 179 1771 285 1802; x_wconf 82' lang='lat' dir='ltr'>dente</span> <span class='ocrx_word' id='word_1_266' title='bbox 301 1774 310 1788; x_wconf 92' lang='lat'>‘</span> <span class='ocrx_word' id='word_1_267' title='bbox 323 1770 428 1801; x_wconf 87' lang='lat' dir='ltr'>mihi.&#39;</span> <span class='ocrx_word' id='word_1_268' title='bbox 474 1771 655 1801; x_wconf 83' lang='lat' dir='ltr'>Postremo</span> <span class='ocrx_word' id='word_1_269' title='bbox 680 1778 741 1809; x_wconf 81' lang='lat' dir='ltr'>pro</span> <span class='ocrx_word' id='word_1_270' title='bbox 763 1777 885 1807; x_wconf 84' lang='lat' dir='ltr'>corpore</span> <span class='ocrx_word' id='word_1_271' title='bbox 900 1768 930 1797; x_wconf 87' lang='lat' dir='ltr'>et</span> <span class='ocrx_word' id='word_1_272' title='bbox 945 1765 1059 1803; x_wconf 82' lang='lat' dir='ltr'>animo,</span> <span class='ocrx_word' id='word_1_273' title='bbox 1074 1766 1184 1796; x_wconf 82' lang='lat' dir='ltr'>nostri</span> <span class='ocrx_word' id='word_1_274' title='bbox 1204 1775 1333 1803; x_wconf 77' lang='lat' dir='ltr'>omnes,</span> <span class='ocrx_word' id='word_1_275' title='bbox 1349 1765 1447 1795; x_wconf 85' lang='lat' dir='ltr'>unico</span> <span class='ocrx_word' id='word_1_276' title='bbox 1470 1764 1637 1795; x_wconf 82' lang='lat' dir='ltr'>mediocri</span> 
     </span>
     <span class='ocr_line' id='line_1_29' title="bbox 180 1806 1635 1854; baseline -0.005 -9"><span class='ocrx_word' id='word_1_277' title='bbox 180 1819 341 1854; x_wconf 80' lang='lat' dir='ltr'>excepto,</span> <span class='ocrx_word' id='word_1_278' title='bbox 356 1813 457 1844; x_wconf 84' lang='lat' dir='ltr'>animo</span> <span class='ocrx_word' id='word_1_279' title='bbox 471 1817 501 1844; x_wconf 80' lang='lat' dir='ltr'>et</span> <span class='ocrx_word' id='word_1_280' title='bbox 522 1822 657 1853; x_wconf 83' lang='lat' dir='ltr'>corpore.</span> <span class='ocrx_word' id='word_1_281' title='bbox 694 1813 787 1850; x_wconf 83' lang='lat' dir='ltr'>Lege</span> <span class='ocrx_word' id='word_1_282' title='bbox 803 1821 851 1848; x_wconf 80' lang='lat' dir='ltr'>ac,</span> <span class='ocrx_word' id='word_1_283' title='bbox 865 1814 900 1841; x_wconf 90' lang='lat' dir='ltr'>et</span> <span class='ocrx_word' id='word_1_284' title='bbox 918 1808 1124 1839; x_wconf 85' lang='lat' dir='ltr'>sententiam</span> <span class='ocrx_word' id='word_1_285' title='bbox 1148 1809 1272 1840; x_wconf 80' lang='lat' dir='ltr'>claram</span> <span class='ocrx_word' id='word_1_286' title='bbox 1302 1806 1431 1838; x_wconf 85' lang='lat' dir='ltr'>habes.&#39;</span> <span class='ocrx_word' id='word_1_287' title='bbox 1455 1808 1551 1838; x_wconf 75' lang='lat' dir='ltr'>Beni.</span> <span class='ocrx_word' id='word_1_288' title='bbox 1576 1807 1635 1847; x_wconf 88' lang='lat' dir='ltr'>qui</span> 
     </span>
     <span class='ocr_line' id='line_1_30' title="bbox 179 1850 1634 1896; baseline -0.005 -8"><span class='ocrx_word' id='word_1_289' title='bbox 179 1857 286 1896; x_wconf 77' lang='lat' dir='ltr'>igitur</span> <span class='ocrx_word' id='word_1_290' title='bbox 303 1866 434 1888; x_wconf 83' lang='lat' dir='ltr'>versum</span> <span class='ocrx_word' id='word_1_291' title='bbox 462 1857 597 1886; x_wconf 87' lang='lat' dir='ltr'>omnino</span> <span class='ocrx_word' id='word_1_292' title='bbox 625 1855 708 1895; x_wconf 87' lang='lat' dir='ltr'>legit</span> <span class='ocrx_word' id='word_1_293' title='bbox 726 1854 836 1893; x_wconf 79' lang='lat' dir='ltr'>Micio,</span> <span class='ocrx_word' id='word_1_294' title='bbox 850 1863 882 1884; x_wconf 85' lang='lat' dir='ltr'>es</span> <span class='ocrx_word' id='word_1_295' title='bbox 903 1860 1069 1891; x_wconf 79' lang='lat' dir='ltr'>germanus</span> <span class='ocrx_word' id='word_1_296' title='bbox 1080 1862 1113 1892; x_wconf 84' lang='lat' dir='ltr'>p.</span> <span class='ocrx_word' id='word_1_297' title='bbox 1138 1853 1238 1883; x_wconf 84' lang='lat' dir='ltr'>animo</span> <span class='ocrx_word' id='word_1_298' title='bbox 1253 1861 1288 1881; x_wconf 85' lang='lat' dir='ltr'>ac</span> <span class='ocrx_word' id='word_1_299' title='bbox 1314 1859 1449 1890; x_wconf 87' lang='lat' dir='ltr'>corpore.</span> <span class='ocrx_word' id='word_1_300' title='bbox 1496 1850 1634 1880; x_wconf 81' lang='lat' dir='ltr'>Gaudeo.</span> 
     </span>
     <span class='ocr_line' id='line_1_31' title="bbox 174 1892 1634 1939; baseline -0.005 -9"><span class='ocrx_word' id='word_1_301' title='bbox 174 1899 237 1930; x_wconf 81' lang='lat' dir='ltr'>Ita</span> <span class='ocrx_word' id='word_1_302' title='bbox 261 1905 296 1930; x_wconf 88' lang='lat' dir='ltr'>et</span> <span class='ocrx_word' id='word_1_303' title='bbox 322 1900 400 1939; x_wconf 87' lang='lat' dir='ltr'>Bip.</span> <span class='ocrx_word' id='word_1_304' title='bbox 433 1903 657 1939; x_wconf 64' lang='lat' dir='ltr'>praeterquam</span> <span class='ocrx_word' id='word_1_305' title='bbox 680 1907 743 1938; x_wconf 82' lang='lat' dir='ltr'>pro</span> <span class='ocrx_word' id='word_1_306' title='bbox 768 1907 804 1928; x_wconf 81' lang='lat' dir='ltr'>ac</span> <span class='ocrx_word' id='word_1_307' title='bbox 829 1896 913 1936; x_wconf 80' lang='lat' dir='ltr'>legit</span> <span class='ocrx_word' id='word_1_308' title='bbox 939 1897 979 1924; x_wconf 77' lang='lat' dir='ltr'>et.</span> <span class='ocrx_word' id='word_1_309' title='bbox 1004 1894 1064 1923; x_wconf 70' lang='grc' dir='ltr'>ΒΓ.</span> <span class='ocrx_word' id='word_1_310' title='bbox 1087 1898 1117 1925; x_wconf 85' lang='lat' dir='ltr'>et</span> <span class='ocrx_word' id='word_1_311' title='bbox 1141 1896 1242 1925; x_wconf 81' lang='lat' dir='ltr'>animo</span> <span class='ocrx_word' id='word_1_312' title='bbox 1264 1897 1294 1925; x_wconf 76' lang='lat' dir='ltr'>et</span> <span class='ocrx_word' id='word_1_313' title='bbox 1317 1903 1452 1933; x_wconf 81' lang='lat' dir='ltr'>corpore.</span> <span class='ocrx_word' id='word_1_314' title='bbox 1489 1892 1634 1924; x_wconf 87' lang='lat' dir='ltr'>Bothius</span> 
     </span>
     <span class='ocr_line' id='line_1_32' title="bbox 177 1936 1635 1982; baseline -0.004 -9"><span class='ocrx_word' id='word_1_315' title='bbox 177 1942 264 1982; x_wconf 81' lang='lat' dir='ltr'>legit</span> <span class='ocrx_word' id='word_1_316' title='bbox 279 1943 393 1973; x_wconf 82' lang='lat' dir='ltr'>Frater</span> <span class='ocrx_word' id='word_1_317' title='bbox 407 1951 438 1972; x_wconf 82' lang='lat' dir='ltr'>es</span> <span class='ocrx_word' id='word_1_318' title='bbox 450 1951 618 1981; x_wconf 79' lang='lat' dir='ltr'>germanus</span> <span class='ocrx_word' id='word_1_319' title='bbox 628 1951 661 1981; x_wconf 82' lang='lat' dir='ltr'>p.</span> <span class='ocrx_word' id='word_1_320' title='bbox 675 1942 777 1971; x_wconf 81' lang='lat' dir='ltr'>auimo</span> <span class='ocrx_word' id='word_1_321' title='bbox 793 1950 829 1971; x_wconf 82' lang='lat' dir='ltr'>ac</span> <span class='ocrx_word' id='word_1_322' title='bbox 844 1947 980 1977; x_wconf 80' lang='lat' dir='ltr'>corpore.</span> <span class='ocrx_word' id='word_1_323' title='bbox 1017 1936 1158 1968; x_wconf 78' lang='lat' dir='ltr'>Gaudeo.</span> <span class='ocrx_word' id='word_1_324' title='bbox 1191 1940 1200 1954; x_wconf 93' lang='lat'>‘</span> <span class='ocrx_word' id='word_1_325' title='bbox 1218 1937 1332 1968; x_wconf 84' lang='lat' dir='ltr'>Animo</span> <span class='ocrx_word' id='word_1_326' title='bbox 1356 1947 1391 1967; x_wconf 84' lang='lat' dir='ltr'>ae</span> <span class='ocrx_word' id='word_1_327' title='bbox 1406 1945 1539 1974; x_wconf 83' lang='lat' dir='ltr'>corpore.</span> <span class='ocrx_word' id='word_1_328' title='bbox 1577 1936 1635 1967; x_wconf 85' lang='lat' dir='ltr'>Sic</span> 
     </span>
     <span class='ocr_line' id='line_1_33' title="bbox 181 1978 1636 2025; baseline -0.005 -9"><span class='ocrx_word' id='word_1_329' title='bbox 181 1985 284 2016; x_wconf 88' lang='lat' dir='ltr'>Bent.</span> <span class='ocrx_word' id='word_1_330' title='bbox 299 1985 401 2025; x_wconf 79' lang='lat' dir='ltr'>Vnig.</span> <span class='ocrx_word' id='word_1_331' title='bbox 426 1995 507 2024; x_wconf 85' lang='lat' dir='ltr'>corp.</span> <span class='ocrx_word' id='word_1_332' title='bbox 524 1988 553 2015; x_wconf 77' lang='lat' dir='ltr'>el</span> <span class='ocrx_word' id='word_1_333' title='bbox 576 1994 628 2015; x_wconf 78' lang='lat' dir='ltr'>un.</span> <span class='ocrx_word' id='word_1_334' title='bbox 675 1984 777 2014; x_wconf 87' lang='lat' dir='ltr'>Hunc</span> <span class='ocrx_word' id='word_1_335' title='bbox 796 1993 844 2012; x_wconf 84' lang='lat' dir='ltr'>vs.</span> <span class='ocrx_word' id='word_1_336' title='bbox 872 1982 1043 2012; x_wconf 85' lang='lat' dir='ltr'>Romanus</span> <span class='ocrx_word' id='word_1_337' title='bbox 1067 1980 1142 2013; x_wconf 89' lang='lat' dir='ltr'>cod.</span> <span class='ocrx_word' id='word_1_338' title='bbox 1159 1990 1226 2011; x_wconf 90' lang='lat' dir='ltr'>non</span> <span class='ocrx_word' id='word_1_339' title='bbox 1252 1979 1374 2010; x_wconf 61' lang='lat' dir='ltr'>habet!</span> <span class='ocrx_word' id='word_1_340' title='bbox 1392 1979 1489 2019; x_wconf 54' lang='lat' dir='ltr'>Perl7</span> <span class='ocrx_word' id='word_1_341' title='bbox 1524 1978 1636 2009; x_wconf 87' lang='lat' dir='ltr'>Abest</span> 
     </span>
     <span class='ocr_line' id='line_1_34' title="bbox 179 2021 1635 2063; baseline -0.005 -4"><span class='ocrx_word' id='word_1_342' title='bbox 179 2031 216 2058; x_wconf 77' lang='lat' dir='ltr'>tu</span> <span class='ocrx_word' id='word_1_343' title='bbox 233 2027 349 2059; x_wconf 85' lang='lat' dir='ltr'>Guelf.</span> <span class='ocrx_word' id='word_1_344' title='bbox 366 2030 483 2059; x_wconf 83' lang='lat'>2.—35</span> <span class='ocrx_word' id='word_1_345' title='bbox 507 2028 566 2058; x_wconf 72' lang='grc' dir='ltr'>ΒΓ.</span> <span class='ocrx_word' id='word_1_346' title='bbox 584 2027 685 2057; x_wconf 87' lang='lat' dir='ltr'>Bent.</span> <span class='ocrx_word' id='word_1_347' title='bbox 714 2026 817 2057; x_wconf 86' lang='lat' dir='ltr'>Both.</span> <span class='ocrx_word' id='word_1_348' title='bbox 836 2025 873 2055; x_wconf 87' lang='lat' dir='ltr'>Z.</span> <span class='ocrx_word' id='word_1_349' title='bbox 890 2021 1021 2063; x_wconf 77' lang='lat' dir='ltr'>Delph.</span> <span class='ocrx_word' id='word_1_350' title='bbox 1045 2021 1108 2054; x_wconf 83' lang='lat' dir='ltr'>Suo</span> <span class='ocrx_word' id='word_1_351' title='bbox 1137 2024 1197 2054; x_wconf 75' lang='lat' dir='ltr'>sibi</span> <span class='ocrx_word' id='word_1_352' title='bbox 1221 2023 1329 2062; x_wconf 78' lang='lat' dir='ltr'>gladio</span> <span class='ocrx_word' id='word_1_353' title='bbox 1345 2022 1423 2052; x_wconf 85' lang='lat' dir='ltr'>hunc</span> <span class='ocrx_word' id='word_1_354' title='bbox 1433 2022 1460 2058; x_wconf 78' lang='lat' dir='ltr'>j.</span> <span class='ocrx_word' id='word_1_355' title='bbox 1497 2022 1506 2038; x_wconf 84' lang='lat'>‘</span> <span class='ocrx_word' id='word_1_356' title='bbox 1524 2021 1635 2052; x_wconf 85' lang='lat' dir='ltr'>Abest</span> 
     </span>
     <span class='ocr_line' id='line_1_35' title="bbox 178 2064 1636 2110; baseline -0.004 -9"><span class='ocrx_word' id='word_1_357' title='bbox 178 2070 252 2108; x_wconf 82' lang='lat' dir='ltr'>sibi,</span> <span class='ocrx_word' id='word_1_358' title='bbox 279 2071 359 2102; x_wconf 82' lang='lat' dir='ltr'>Par.</span> <span class='ocrx_word' id='word_1_359' title='bbox 389 2075 492 2110; x_wconf 86' lang='lat' dir='ltr'>teste,</span> <span class='ocrx_word' id='word_1_360' title='bbox 515 2070 557 2100; x_wconf 84' lang='lat' dir='ltr'>ab</span> <span class='ocrx_word' id='word_1_361' title='bbox 585 2079 650 2100; x_wconf 87' lang='lat' dir='ltr'>uno</span> <span class='ocrx_word' id='word_1_362' title='bbox 675 2069 776 2100; x_wconf 89' lang='lat' dir='ltr'>codd.</span> <span class='ocrx_word' id='word_1_363' title='bbox 794 2068 882 2099; x_wconf 81' lang='lat' dir='ltr'>Pan.</span> <span class='ocrx_word' id='word_1_364' title='bbox 921 2067 970 2099; x_wconf 86' lang='lat' dir='ltr'>At</span> <span class='ocrx_word' id='word_1_365' title='bbox 1001 2064 1217 2098; x_wconf 79' lang='lat' dir='ltr'>desideratur</span> <span class='ocrx_word' id='word_1_366' title='bbox 1244 2076 1263 2097; x_wconf 82' lang='lat' dir='ltr'>a</span> <span class='ocrx_word' id='word_1_367' title='bbox 1290 2066 1379 2097; x_wconf 80' lang='lat' dir='ltr'>Mur.</span> <span class='ocrx_word' id='word_1_368' title='bbox 1407 2064 1636 2103; x_wconf 65' lang='lat' dir='ltr'>inproverbio?</span> 
     </span>
     <span class='ocr_line' id='line_1_36' title="bbox 186 2114 269 2144; baseline -0.012 -1"><span class='ocrx_word' id='word_1_369' title='bbox 186 2114 269 2144; x_wconf 85' lang='lat' dir='ltr'>Perl.</span> 
     </span>
    </p>
   </div>
   <div class='ocr_carea' id='block_1_7' title="bbox 838 2196 976 2228">
    <p class='ocr_par' dir='ltr' id='par_1_10' title="bbox 838 2196 976 2228">
     <span class='ocr_line' id='line_1_37' title="bbox 838 2196 976 2228; baseline -0.007 0"><span class='ocrx_word' id='word_1_370' title='bbox 838 2196 976 2228; x_wconf 75' lang='lat' dir='ltr'><strong>NOTAE</strong></span> 
     </span>
    </p>
   </div>
   <div class='ocr_carea' id='block_1_8' title="bbox 179 2267 1633 2418">
    <p class='ocr_par' dir='ltr' id='par_1_11' title="bbox 179 2267 1633 2418">
     <span class='ocr_line' id='line_1_38' title="bbox 221 2267 1632 2313; baseline -0.006 -8"><span class='ocrx_word' id='word_1_371' title='bbox 221 2277 261 2305; x_wconf 81' lang='lat'>35</span> <span class='ocrx_word' id='word_1_372' title='bbox 286 2273 348 2305; x_wconf 83' lang='lat' dir='ltr'>Suo</span> <span class='ocrx_word' id='word_1_373' title='bbox 362 2273 422 2305; x_wconf 79' lang='lat' dir='ltr'>sibi</span> <span class='ocrx_word' id='word_1_374' title='bbox 433 2271 555 2313; x_wconf 78' lang='lat' dir='ltr'>gladio]</span> <span class='ocrx_word' id='word_1_375' title='bbox 578 2271 618 2302; x_wconf 89' lang='lat' dir='ltr'>Id</span> <span class='ocrx_word' id='word_1_376' title='bbox 636 2275 701 2310; x_wconf 88' lang='lat' dir='ltr'>est,</span> <span class='ocrx_word' id='word_1_377' title='bbox 722 2280 783 2301; x_wconf 83' lang='lat' dir='ltr'>suo</span> <span class='ocrx_word' id='word_1_378' title='bbox 801 2280 879 2311; x_wconf 82' lang='lat' dir='ltr'>pro·</span> <span class='ocrx_word' id='word_1_379' title='bbox 934 2270 997 2300; x_wconf 85' lang='lat' dir='ltr'>sibi</span> <span class='ocrx_word' id='word_1_380' title='bbox 1014 2268 1126 2310; x_wconf 63' lang='lat' dir='ltr'>patri!</span> <span class='ocrx_word' id='word_1_381' title='bbox 1160 2268 1314 2306; x_wconf 74' lang='lat' dir='ltr'>Iterum3</span> <span class='ocrx_word' id='word_1_382' title='bbox 1336 2268 1345 2284; x_wconf 85' lang='lat'>‘</span> <span class='ocrx_word' id='word_1_383' title='bbox 1364 2267 1556 2299; x_wconf 79' lang='lat' dir='ltr'>Inscientes</span> <span class='ocrx_word' id='word_1_384' title='bbox 1573 2277 1632 2301; x_wconf 73' lang='lat' dir='ltr'>sua</span> 
     </span>
     <span class='ocr_line' id='line_1_39' title="bbox 180 2319 1633 2367; baseline -0.006 -10"><span class='ocrx_word' id='word_1_385' title='bbox 180 2327 255 2367; x_wconf 82' lang='lat' dir='ltr'>prio</span> <span class='ocrx_word' id='word_1_386' title='bbox 279 2324 404 2366; x_wconf 83' lang='lat' dir='ltr'>gladio.</span> <span class='ocrx_word' id='word_1_387' title='bbox 447 2324 503 2355; x_wconf 85' lang='lat' dir='ltr'>Sic</span> <span class='ocrx_word' id='word_1_388' title='bbox 519 2323 661 2354; x_wconf 87' lang='lat' dir='ltr'>Plautus</span> <span class='ocrx_word' id='word_1_389' title='bbox 676 2322 709 2352; x_wconf 92' lang='lat' dir='ltr'>in</span> <span class='ocrx_word' id='word_1_390' title='bbox 731 2322 878 2361; x_wconf 76' lang='lat' dir='ltr'>Prologo</span> <span class='ocrx_word' id='word_1_391' title='bbox 933 2321 996 2352; x_wconf 88' lang='lat' dir='ltr'>sibi</span> <span class='ocrx_word' id='word_1_392' title='bbox 1013 2319 1172 2359; x_wconf 86' lang='lat' dir='ltr'>fallacia‚&#39;</span> <span class='ocrx_word' id='word_1_393' title='bbox 1202 2324 1238 2351; x_wconf 89' lang='lat' dir='ltr'>et</span> <span class='ocrx_word' id='word_1_394' title='bbox 1265 2328 1419 2356; x_wconf 81' lang='lat' dir='ltr'>1·ursun1;</span> <span class='ocrx_word' id='word_1_395' title='bbox 1444 2319 1453 2335; x_wconf 89' lang='lat'>‘</span> <span class='ocrx_word' id='word_1_396' title='bbox 1472 2319 1527 2350; x_wconf 88' lang='lat' dir='ltr'>Ita</span> <span class='ocrx_word' id='word_1_397' title='bbox 1544 2329 1633 2352; x_wconf 81' lang='lat' dir='ltr'>nune</span> 
     </span>
     <span class='ocr_line' id='line_1_40' title="bbox 179 2369 1493 2418; baseline -0.005 -10"><span class='ocrx_word' id='word_1_398' title='bbox 179 2377 422 2418; x_wconf 74' lang='lat' dir='ltr'>Captivorum3</span> <span class='ocrx_word' id='word_1_399' title='bbox 444 2375 453 2392; x_wconf 92' lang='lat'>‘</span> <span class='ocrx_word' id='word_1_400' title='bbox 472 2384 537 2417; x_wconf 90' lang='lat' dir='ltr'>quo</span> <span class='ocrx_word' id='word_1_401' title='bbox 554 2379 656 2415; x_wconf 77' lang='lat' dir='ltr'>pacto</span> <span class='ocrx_word' id='word_1_402' title='bbox 680 2372 804 2404; x_wconf 78' lang='lat' dir='ltr'>serviat</span> <span class='ocrx_word' id='word_1_403' title='bbox 819 2381 878 2403; x_wconf 85' lang='lat' dir='ltr'>suo</span> <span class='ocrx_word' id='word_1_404' title='bbox 933 2372 1093 2413; x_wconf 78' lang='lat' dir='ltr'>ignorans</span> <span class='ocrx_word' id='word_1_405' title='bbox 1111 2381 1170 2403; x_wconf 88' lang='lat' dir='ltr'>suo</span> <span class='ocrx_word' id='word_1_406' title='bbox 1186 2371 1248 2402; x_wconf 78' lang='lat' dir='ltr'>sibi</span> <span class='ocrx_word' id='word_1_407' title='bbox 1262 2370 1366 2402; x_wconf 73' lang='lat' dir='ltr'>servit</span> <span class='ocrx_word' id='word_1_408' title='bbox 1381 2369 1493 2412; x_wconf 54' lang='lat' dir='ltr'>patri)</span> 
     </span>
    </p>
   </div>
  </div>
 </body>
</html>
