1966 3302
608 215 821 249 HECYRAE
853 215 961 246 Acr.
982 216 1027 245 v.
1059 217 1125 247 sc.
1159 217 1211 246 Π.
1544 208 1628 250 893

186 308 420 364 Phidippe,
444 310 636 351 Bacchis
657 311 820 365 dejerat
839 317 1079 366 persancte.
1147 313 1294 354 Pffln.
1328 311 1544 355 Haeccine
1575 328 1631 355 ea

354 378 457 418 est?
518 377 604 419 LA.
637 378 752 420 Haec
773 383 854 419 est.
1603 384 1632 423 5

184 444 330 485 Pam.
363 445 475 495 Nec,
497 445 587 498 pol,
615 446 712 487 istae
731 450 931 487 metuunt
954 447 1099 498 Deos3
1131 461 1276 502 neque
1299 449 1378 490 has
1407 450 1629 502 respicere

355 512 477 553 Deos
500 513 670 566 opinor.

185 580 305 622 BAc.
336 579 541 621 Ancillas
562 580 701 622 dedo:
734 594 823 635 quo
842 581 965 622 lubet
983 583 1181 624 cruciatu
1203 597 1283 637 per
1303 598 1371 625 me
1392 585 1587 638 exquire.

181 647 298 688 Haec
317 660 385 688 res
405 647 477 689 hic
498 648 655 700 agitur:
689 647 936 702 Pamphilo,
958 662 1025 689 me
1043 649 1187 690 facere
1209 655 1256 691 ut
1276 651 1426 692 redeat
1444 665 1571 702 uxor,

184 715 401 769 Oportet3
432 716 548 770 quod
569 716 607 756 si
626 715 822 769 perficio,
843 729 932 757 non
951 717 1141 769 poenitet
1162 731 1232 758 me
1254 719 1400 770 famae,

184 783 338 824 Solam
358 783 520 824 fecisse
540 783 601 836 id,
623 783 741 836 quod
763 783 864 824 aliae
886 785 1137 825 meretrices
1158 784 1306 827 facere
1324 786 1525 841 fugitant.
1576 792 1632 833 10

182 850 270 891 LA.
302 850 540 904 Phidippe‚
560 856 733 892 nostras
753 851 958 892 mulieres
980 857 1216 906 suspectas
1237 854 1376 896 fuisse
1400 856 1515 899 falso

181 916 347 967 Nobis,
368 918 412 958 in
433 918 596 971 reipsa
615 919 884 960 invenimus:
907 932 1038 973 porro
1058 920 1171 962 hanc
1191 934 1308 963 nunc
1329 925 1604 977 experiamur
1622 940 1630 964 :

183 984 300 1026 Nam
321 984 359 1025 si
381 986 646 1039 compererit
665 986 837 1028 crimini
858 991 933 1027 tua
954 1000 1000 1027 se
1020 987 1136 1028 falso
1157 1002 1268 1030 uxor
1289 991 1544 1042 credidisse,

181 1120 288 1150 alendo
299 1120 451 1150 nutricem
466 1118 609 1150 adduxit.
639 1119 806 1160 Phidippe‚
822 1119 958 1150 Bacchis
967 1129 1024 1160 per
1040 1120 1123 1151 Deos
1139 1120 1211 1152 bene
1216 1121 1320 1160 jurat,
1336 1126 1366 1153 et
1382 1124 1534 1164 religiose.
1560 1127 1632 1159 ΡΗ.

181 1162 300 1193 Haecne
325 1171 360 1193 ea
380 1165 425 1193 est
435 1166 448 1193 ‚⁹
491 1162 554 1192 LA.
582 1161 660 1192 Haec
685 1166 741 1193 est.
788 1163 860 1193 ΡΗ.
884 1163 949 1193 Nec
969 1165 1020 1203 pol
1041 1164 1110 1194 istoe
1134 1165 1310 1195 meretrices
1325 1166 1464 1198 Deorum
1478 1170 1633 1210 timorem,

179 1214 234 1236 nec
256 1205 331 1235 Diis
355 1205 417 1236 ullo
444 1206 530 1235 modo
556 1215 638 1235 caroe
663 1209 746 1243 sunt,
772 1205 819 1236 uti
844 1205 964 1245 quidem
984 1207 1137 1237 existimo.
1182 1207 1249 1238 ΒΑ.
1273 1208 1388 1240 Seri-as
1403 1221 1484 1241 meas
1499 1212 1532 1243 in
1547 1217 1633 1244 tuum

175 1250 360 1288 potestatem
373 1249 461 1278 trado
473 1258 482 1277 .·
507 1247 686 1287 quibuslibet
701 1247 878 1287 quaestionis
890 1250 1061 1287 tormentis,
1074 1260 1120 1280 me
1130 1250 1341 1290 permittente,
1350 1254 1511 1285 veritatem
1522 1257 1559 1286 de
1572 1257 1636 1287 illis

179 1300 294 1330 quoere.
340 1291 434 1321 Potes
449 1291 481 1321 id
495 1290 608 1324 facere.
654 1290 736 1321 Hoec
751 1301 799 1322 res
813 1290 921 1330 agitur
932 1303 942 1322 .·
965 1295 1084 1331 oportet
1103 1293 1249 1323 nimirum
1265 1304 1312 1324 me
1327 1296 1455 1336 efficere,
1471 1301 1504 1328 ut
1521 1299 1632 1330 Philu-

179 1343 267 1364 mena
281 1342 362 1364 uxor
376 1333 537 1372 Pamphili
552 1334 591 1363 ad
606 1343 673 1364 eum
688 1335 860 1365 reducatur.
907 1335 997 1369 Quod
1011 1336 1038 1365 si
1053 1335 1106 1365 hoc
1123 1335 1390 1376 perfici0,fi1mam
1405 1343 1434 1369 et
1449 1341 1632 1373 aestimatio-

179 1385 248 1406 nem
262 1376 338 1406 hanc
365 1386 411 1407 me
433 1376 612 1416 acquisiisse
636 1386 696 1406 non
718 1376 891 1416 poenitebit,
917 1377 1046 1416 scilicet,
1067 1378 1162 1408 solam
1177 1379 1244 1409 sine
1260 1381 1395 1421 exemplo
1412 1381 1538 1421 fecisse,
1555 1387 1633 1424 qaod

178 1419 252 1449 alioe
265 1420 440 1450 meretrices
446 1419 555 1457 facere
567 1422 720 1457 recusant,
741 1420 774 1450 z'd
789 1423 846 1459 est,
861 1422 1058 1452 reconciliare
1073 1431 1184 1451 uxores
1199 1422 1331 1453 maritis.
1378 1424 1442 1455 LA.
1466 1426 1632 1468 Plcidippe,

178 1461 322 1492 vnulieres
336 1461 547 1499 nostrasfalsa
563 1463 596 1492 in
619 1462 788 1502 suspicione
808 1464 890 1503 apud
912 1473 966 1493 nos
978 1464 1096 1503 positas
1103 1464 1214 1502 fuisse,
1230 1465 1261 1494 in
1278 1467 1323 1496 rei
1339 1467 1470 1499 veritate
1485 1472 1632 1510 comperi-

180 1514 258 1535 mus.
305 1505 412 1545 Hujus
426 1508 528 1535 autem
547 1505 675 1536 Thaidis
689 1506 785 1535 etiam
800 1506 871 1536 hinc
891 1506 1034 1546 deinceps
1056 1507 1226 1546 periculum
1242 1507 1402 1545 faciamus
1413 1521 1423 1540 .-
1449 1521 1521 1543 nam
1535 1514 1562 1544 si
1579 1518 1632 1545 tua

181 1557 262 1578 uxor
275 1548 508 1588 deprehenderit
522 1557 553 1579 se
559 1547 644 1586 falso
659 1549 846 1579 accusationi
851 1548 952 1591 fidem
966 1549 1154 1590 adhibuisse,
1179 1550 1261 1581 iram
1280 1551 1438 1584 dimittet.-
1461 1555 1510 1586 sin
1529 1560 1631 1588 autem

788 1643 1004 1656 ΜΝΝΜΙ
1008 1645 1025 1656 0

181 1712 248 1747 est,
271 1713 309 1739 ut
333 1718 396 1750 per
417 1719 566 1750 praesens
591 1713 722 1751 tempus
739 1712 848 1743 omnia
865 1713 1095 1753 enuntientur,
1119 1714 1213 1753 venit,
1228 1715 1377 1746 adducit.-
1399 1716 1446 1747 ita
1460 1718 1630 1759 conjicere

180 1752 264 1782 licet
277 1751 382 1783 fuisse
399 1759 433 1784 et
448 1753 482 1783 in
497 1754 590 1785 vict.
607 1763 682 1784 nam
698 1764 721 1785 x
737 1755 770 1785 in
787 1756 890 1786 litura
907 1756 979 1788 cst!
991 1757 1050 1787 Ea.
1074 1759 1082 1774 ⁶
1096 1758 1175 1788 Duo
1191 1767 1232 1788 ex
1249 1759 1372 1790 nostris
1388 1761 1524 1792 adducit.
1561 1762 1629 1793 Sed

179 1795 318 1835 insuper
333 1795 475 1826 inversis
501 1796 612 1827 verbis
637 1797 726 1837 lege,
750 1799 901 1829 nutricem
924 1810 1016 1840 puero
1041 1800 1191 1831 adducit!
1227 1801 1328 1833 Bent.
1353 1812 1453 1842 quem
1477 1806 1631 1844 sequitur

178 1838 271 1868 Perl.
293 1839 420 1869 adducit
437 1839 514 1879 Rip.
532 1839 632 1870 Both.
663 1840 673 1857 ‘
687 1840 794 1872 Pauci
812 1842 894 1873 Mss.
907 1849 941 1872 et
959 1842 1053 1880 editi,
1067 1843 1216 1879 Adducis,
1232 1845 1319 1884 quod
1338 1845 1454 1876 laudat
1468 1847 1631 1881 Faernus.

179 1880 225 1911 Et
241 1881 376 1912 videtur
392 1881 656 1922 praeferendum,
682 1884 770 1923 quod
796 1888 832 1915 et
853 1885 937 1916 venit
965 1886 1124 1925 prasenti
1152 1892 1304 1926 tempore
1332 1888 1437 1919 dicit.'
1464 1890 1630 1922 West.-c

178 1923 326 1954 Arbitror
342 1924 415 1955 vice
431 1924 537 1965 opinor
554 1925 667 1957 Guelf.
685 1928 779 1958 l.—7
806 1927 875 1963 Quo
890 1929 982 1967 jubet
1005 1928 1049 1959 G.
1073 1930 1082 1944 ‘
1096 1930 1230 1968 quolibet
1248 1930 1334 1961 bona
1350 1931 1511 1963 librorum
1530 1934 1631 1972 pars.'

186 1966 284 1997 West.
308 1967 357 1997 sic
373 1967 508 1998 Bia—7.
526 1971 545 1999 8
569 1969 744 2009 Exquirere
759 1970 831 2001 licet
846 1971 968 2002 Boend.
986 1970 1101 2002 Guelf.
1119 1974 1150 2002 1.
1186 1974 1270 2003 Mss.
1287 1984 1400 2004 ornnes
1416 1975 1505 2014 apud
1523 1976 1630 2007 Boecl.

178 2009 187 2025 ‘
200 2008 289 2040 Licet
305 2019 372 2040 non
388 2011 490 2041 estin
506 2011 602 2042 Bem.
614 2021 678 2042 nec
691 2012 783 2044 Vict.
801 2023 863 2044 nec
881 2014 1018 2054 ponitur
1035 2025 1054 2045 a
1071 2015 1218 2053 Donato,
1232 2021 1267 2046 et
1283 2027 1302 2047 a
1320 2027 1417 2047 versu
1435 2019 1630 2058 respuitur!

179 2051 237 2083 Fa.
283 2051 436 2083 ‘Rectet
463 2053 520 2083 sed
541 2054 624 2084 Licet
641 2054 674 2084 in
691 2056 844 2086 omnibus
869 2058 994 2088 nostris
1019 2062 1084 2096 est,
1107 2068 1171 2088 uno
1196 2060 1302 2097 Regio
1330 2061 1499 2100 excepto!
1533 2062 1629 2094 Bent.

178 2095 319 2136 Exquire
332 2096 405 2126 licet
427 2096 486 2126 Br.
504 2096 592 2137 quod
610 2096 764 2128 defendit
781 2099 898 2129 Rivius
913 2099 956 2130 ob
973 2104 1198 2132 metrum.—9
1221 2102 1357 2144 Perficio
1374 2113 1504 2134 versum
1525 2105 1629 2145 jugu-

176 2137 237 2178 lat,
261 2139 317 2179 qui
334 2138 504 2169 Creticum
521 2139 573 2170 vel
591 2139 621 2170 ei
639 2149 751 2178 parem
768 2141 890 2180 pedem
906 2142 938 2172 in
957 2152 1088 2174 caesura
1105 2145 1266 2183 postulat.
1312 2146 1467 2177 Donatus
1489 2148 1522 2177 in
1541 2148 1629 2179 Edd.

177 2185 264 2212 vett.
278 2180 446 2220 perfecero,
470 2186 506 2212 et
519 2182 567 2213 sic
584 2183 731 2221 scriptus
749 2183 965 2216 Oxoniensis.
1011 2186 1163 2226 Repone,
1187 2188 1329 2228 Oportet,
1352 2192 1430 2228 quod
1445 2190 1472 2220 si
1488 2190 1630 2231 effecero,

176 2233 236 2254 non
248 2224 377 2264 poenitet
392 2234 439 2255 me
447 2224 554 2262 fumoe.
598 2227 607 2242 ‘
618 2224 800 2266 Effecero‚’
822 2237 889 2268 quo
904 2229 1029 2259 nullum
1046 2229 1100 2260 hic
1117 2229 1257 2260 verbnm
1273 2232 1398 2271 aptius,
1444 2233 1529 2263 Eun.
1548 2243 1580 2264 v.
1598 2237 1627 2265 8.

176 2269 230 2297 26.
253 2267 263 2283 ‘
276 2266 352 2298 Hoc
367 2267 393 2297 si
408 2266 588 2298 effeceris!
626 2268 763 2300 Phorm.
779 2279 829 2301 lv.
844 2273 874 2301 1.
886 2273 939 2302 24.
957 2277 965 2289 ‘
980 2272 1097 2302 Donec
1113 2272 1172 2303 tibi
1189 2272 1235 2312 id,
1249 2274 1337 2314 quod
1358 2274 1525 2314 pollicitus
1544 2286 1630 2316 sum,

175 2307 347 2341 effecero?
369 2310 466 2341 Bent.
490 2320 587 2351 quem
611 2317 798 2352 sequuntur
817 2313 920 2344 Both.
946 2314 1126 2345 Per1.——10
1149 2315 1240 2346 Alias
1255 2317 1308 2347 hic
1324 2322 1359 2347 et
1375 2317 1466 2349 infra
1481 2328 1513 2348 v.
1528 2321 1559 2349 3.
1577 2322 1628 2351 36.

177 2352 252 2383 vice
276 2353 348 2382 alise
370 2353 470 2384 Both.
494 2353 642 2392 fugitant
658 2355 767 2393 facere
793 2354 909 2387 Guelf.
936 2359 1052 2389 3.-12
1077 2357 1176 2388 Nobis
1202 2368 1264 2398 pro
1288 2360 1333 2400 gl.
1352 2361 1480 2392 omittit
1497 2362 1574 2402 Bip.
1592 2369 1628 2394 et

176 2395 255 2425 dein
272 2395 354 2436 legit
370 2405 441 2426 nam
455 2396 483 2427 si
502 2396 507 2436 Ι
529 2398 732 2437 Compererit,
756 2400 833 2439 quia
855 2400 864 2416 ‘
876 2399 966 2430 haud
983 2405 1077 2431 certe
1096 2400 1174 2440 jure
1192 2402 1308 2434 Bentl.
1325 2402 1403 2434 huic
1419 2405 1531 2435 versui
1548 2415 1628 2436 con-

177 2438 325 2469 sulturus
351 2439 444 2469 delet
462 2438 561 2476 falso,
589 2450 707 2480 parum
736 2451 815 2472 vere
841 2442 970 2480 dicens,
995 2444 1110 2474 crimen
1131 2454 1228 2474 omne
1244 2444 1363 2476 falsum
1381 2457 1467 2477 esse.
1513 2448 1557 2478 Et
1574 2458 1627 2489 ap.

177 2480 249 2512 Cic.
267 2486 362 2512 certe
378 2482 491 2512 crimen
503 2481 786 2525 (accusationem)
798 2495 915 2526 reruni,
940 2485 1096 2527 idemque
1112 2487 1358 2519 criminationem
1375 2489 1494 2527 salsum
1509 2500 1629 2521 occur-

175 2523 231 2554 rit.
249 2533 280 2554 v.
309 2524 414 2556 Gesn.
441 2525 474 2555 in
499 2524 610 2555 Thes.’
633 2526 708 2565 Bip.
732 2537 809 2557 mox
833 2528 888 2558 hoc
909 2529 1097 2560 Both.-13
1125 2530 1280 2569 Comperit
1306 2531 1468 2563 Guelf.1.
1511 2533 1627 2565 ‘Libri

176 2566 313 2607 quidam
330 2568 413 2598 Mss.
431 2572 466 2598 et
479 2567 645 2607 impressi,
663 2570 831 2609 Comperit.
875 2572 1013 2611 Errore,
1028 2572 1160 2612 opinor,
1175 2578 1254 2603 nato
1271 2583 1313 2604 ex
1327 2575 1527 2615 compendio
1545 2578 1625 2608 scri-

174 2608 290 2641 bendi.
340 2611 431 2641 Falso
454 2610 622 2651 Georgius
638 2612 813 2643 Fabricius
829 2614 1037 2646 auctoritate
1055 2621 1233 2654 postrema¹
1249 2616 1406 2648 editionis
1423 2619 1464 2649 P.
1478 2619 1627 2651 Manutii

177 2650 281 2683 delet.
320 2653 365 2684 Et
382 2663 462 2684 sane
476 2653 572 2684 abest
588 2653 629 2684 ab
647 2655 727 2685 edit.
745 2655 896 2689 Floreat.
914 2658 1002 2697 apud
1019 2658 1159 2688 heredes
1178 2659 1425 2697 Be1·n.Juntae,
1439 2665 1534 2693 1565.
1560 2663 1625 2693 Sed

177 2694 259 2725 nihil
276 2696 380 2731 magis
398 2699 624 2727 necessarium
647 2697 689 2727 ad
718 2707 863 2730 sensum.
899 2700 988 2730 unde
1013 2700 1218 2740 ejiciendum
1245 2711 1310 2733 non
1336 2710 1422 2734 erat.
1467 2704 1625 2744 Gnyetus

178 2735 219 2766 Se
233 2742 267 2768 et
288 2738 374 2769 Uxor
389 2739 566 2779 expungit,
583 2739 720 2780 legens:
746 2741 832 2772 Nam
856 2742 884 2772 si
909 2744 1091 2783 compererit
1117 2744 1241 2774 crimini
1266 2749 1319 2776 tua
1337 2745 1422 2784 salso
1447 2748 1623 2778 credidisse.

178 2779 243 2810 Sed
261 2785 375 2813 contra
391 2781 491 2814 fidem
508 2782 682 2814 Codicum.
704 2783 804 2817 IVest.
839 2785 957 2817 Nostri
974 2795 1087 2818 omnes
1105 2792 1182 2827 post
1199 2797 1278 2818 uxor
1293 2788 1422 2820 addunt
1435 2789 1525 2829 fatto.
1557 2791 1624 2820 Sed
