1966 3302
495 232 916 265 HEAUTON'HMOR.
948 231 1058 261 Ac'r.
1093 230 1123 259 ι.
1155 230 1224 260 sc.
1258 229 1289 259 1.
1534 217 1617 259 551

159 331 360 383 Quaeso‘!
393 329 498 384 qnid
519 328 574 370 de
592 332 635 371 te
656 331 825 370 tantum
848 326 1072 369 meruisti?
1134 324 1232 366 ΜΕ.
1265 323 1412 365 Eheu!

159 399 246 441 CH.
281 398 353 440 Ne
386 398 610 451 lacryma:
656 401 787 450 atque
823 395 953 444 istuc,
989 392 1204 448 quicquid
1242 397 1326 441 est,
1363 391 1432 432 fac
1462 403 1532 431 me
1574 394 1621 430 ut

330 465 492 507 sciam:

162 534 235 576 Ne
255 534 413 574 retice:
449 545 502 573 ne
518 543 696 574 verere:
728 530 875 580 crede,
896 529 1090 583 inquam,
1111 527 1232 578 mihi,

162 602 256 643 Aut
276 600 562 650 consolando,
582 604 658 640 aut
679 598 880 648 consilio,
902 602 977 639 aut
999 610 1042 638 re
1056 597 1229 651 juvero.

161 669 261 711 ME.
293 669 418 710 Scire
450 668 536 709 hoc
567 667 667 709 vis‘?
728 666 818 708 CH.
851 666 956 708 Hac
991 665 1173 720 quidem
1209 676 1360 714 causa,
1403 676 1493 717 qua
1524 661 1617 702 dixi

332 736 429 778 tibi.
1567 731 1624 772 35

163 803 262 845 ΜΕ.
294 803 491 844 Dicetur.
551 801 639 843 CH.
671 801 736 843 At
757 802 870 843 istos
892 804 1054 842 rastros
1077 801 1236 842 interea
1257 805 1407 841 tamen

161 871 374 926 Appone:
404 883 458 912 ne
479 869 646 911 labora.
705 869 804 911 ME.
836 869 1038 910 Minime.
1088 867 1177 909 CH.
1212 867 1360 918 Quam
1378 881 1466 909 rem
1491 869 1621 921 agis?

163 939 262 980 ΜΕ.
294 938 400 980 Sine
420 951 489 979 me
511 938 713 979 vacivom
736 943 915 992 tempus
937 950 990 977 ne
1011 937 1128 990 quod
1152 936 1272 976 duim
1295 936 1402 977 mihi

163 1007 365 1049 Laboris.
441 1005 529 1048 CH.
575 1006 677 1047 Non
720 1006 880 1056 sinam,
930 1005 1127 1060 inquam.
1218 1003 1262 1044 M
1274 1015 1313 1045 Ε.
1356 1003 1451 1046 Ah!
1520 1003 1625 1046 Non

339 1086 518 1128 oequum
539 1071 666 1115 facis.

164 1215 227 1242 tam
243 1211 320 1242 mule
335 1211 371 1243 de
387 1214 417 1242 te
433 1210 587 1250 meruisti,
601 1214 634 1241 ut
652 1212 757 1241 tetam
769 1208 890 1250 perdite
905 1208 1053 1251 nfflictes?
1098 1209 1169 1240 ΜΕ.
1199 1209 1286 1240 Eheu
1302 1218 1348 1239 me
1364 1207 1529 1240 miserum!
1559 1207 1629 1238 (Ἤ.

169 1255 360 1295 Nolistere;
377 1254 435 1293 suc
461 1258 495 1285 ut
518 1254 632 1284 sciam:
657 1253 741 1284 istud
766 1252 911 1293 quicquid
937 1256 995 1291 est,
1022 1251 1086 1283 nuli
1111 1253 1234 1289 celare;
1257 1262 1294 1283 ne
1321 1252 1407 1291 time,
1434 1251 1509 1282 mihi
1528 1251 1628 1292 fidam

164 1297 259 1328 habe:
281 1297 385 1328 lez-abo
410 1301 439 1328 te
462 1297 519 1328 hac
544 1296 698 1333 molsstia,
721 1299 775 1326 aut
798 1296 1033 1326 consolationem
1048 1297 1160 1331 dando,
1177 1299 1229 1326 nul
1246 1295 1440 1334 consulendo,
1458 1298 1511 1325 nut
1527 1295 1629 1334 reipsa

166 1340 224 1371 tibi
238 1350 360 1380 operam
376 1341 528 1370 novando.
574 1340 646 1371 ME.
676 1339 733 1370 Vis
757 1338 837 1369 scire
861 1338 934 1378 quid
958 1339 1012 1368 hoc
1038 1341 1105 1369 est?
1150 1339 1219 1368 CH.
1244 1338 1297 1368 Ita
1312 1341 1394 1368 certe
1411 1338 1489 1376 rulo,
1504 1341 1629 1377 propter

165 1382 244 1414 hanc
259 1392 394 1421 causam,
410 1393 500 1423 quam
524 1382 583 1413 tibi
599 1382 681 1421 dixi,
698 1382 840 1412 videlicet
864 1384 896 1411 ut
921 1385 951 1412 te
965 1381 1080 1420 jurem.
1127 1381 1200 1411 ΜΕ.
1228 1381 1359 1412 Dicetur
1375 1380 1445 1412 tibi.
1492 1380 1559 1411 CH.
1583 1380 1629 1410 Ac

165 1426 305 1464 interim,
327 1427 400 1457 dum
424 1426 520 1463 dices,
546 1426 659 1465 depone
682 1426 756 1455 istos
781 1428 911 1455 rastros.
959 1424 1031 1455 ΜΕ.
1057 1424 1192 1455 [Minime
1216 1434 1283 1454 sum
1308 1425 1511 1464 depositurus.
1559 1423 1629 1454 CH.

168 1469 220 1500 Ne
245 1468 384 1499 laborare
405 1479 541 1509 pergas;
564 1468 638 1508 quid
661 1469 731 1507 agis
753 1470 783 1498 te
806 1468 851 1498 ita
875 1468 1079 1499 macerando?
1123 1468 1196 1498 ΜΕ.
1224 1468 1339 1498 Patere
1356 1477 1402 1498 me
1428 1466 1578 1503 laborare,
1596 1470 1629 1496 ut

165 1512 249 1542 nullo
265 1521 323 1543 non
339 1515 473 1552 tempore
488 1511 589 1542 labore
605 1521 650 1542 me
663 1520 831 1542 exerceam.
878 1510 947 1542 CH.
974 1510 1047 1541 Non
1062 1510 1179 1550 patiar,
1195 1510 1330 1550 inquam.
1376 1510 1449 1541 ME.
1467 1509 1519 1541 Ah
1533 1508 1547 1540 !
1572 1510 1631 1539 ini-

166 1564 224 1596 que
238 1556 320 1594 agis,
336 1555 390 1596 qui
406 1554 483 1586 mihi
499 1554 654 1586 laboranti
670 1553 883 1595 impedimento
898 1554 954 1585 sis.
999 1554 1068 1585 CH.
1095 1553 1190 1585 Hui!
1211 1553 1343 1594 obsecro,
1364 1556 1429 1584 tam
1448 1554 1632 1594 ponderosos

781 1672 1018 1685 eeeeeeeeeeee

168 1757 344 1796 Chremes,
367 1754 547 1796 repetenti.
573 1765 645 1786 esse
673 1765 715 1786 ex
746 1765 795 1787 vs.
821 1757 875 1787 26.
906 1758 917 1772 ¹
946 1754 999 1785 vel
1029 1762 1181 1792 monere,
1205 1752 1258 1782 vel
1285 1751 1503 1793 percontari.’
1528 1753 1630 1783 Bent.

168 1801 281 1831 omitt.
297 1803 343 1831 est
360 1799 454 1840 [post
470 1798 612 1839 laboris}
657 1798 723 1829 Sed
744 1799 794 1829 bis
811 1798 959 1838 positum
975 1807 1068 1828 more
1087 1796 1222 1827 videtur
1238 1795 1417 1826 Terentii?
1436 1796 1524 1827 Perl.
1576 1796 1631 1827 Est

168 1843 297 1874 omittit
315 1852 450 1884 quoqne
467 1842 570 1872 Both.
615 1842 624 1858 ‘
643 1842 727 1874 Quis
755 1852 818 1872 non
844 1841 1054 1882 indignetur,
1079 1840 1165 1869 hunc
1191 1849 1235 1869 VS.
1261 1838 1398 1879 Gnyeto
1415 1839 1564 1879 spurium
1586 1841 1632 1869 vi-

169 1886 258 1923 deri,
283 1891 318 1917 et
333 1885 495 1917 Terentio
510 1885 713 1923 indignum?
759 1885 917 1915 Boeclero
935 1884 1051 1914 itidem
1076 1892 1194 1923 parum
1217 1882 1294 1912 boni
1315 1892 1432 1912 sensns
1455 1883 1531 1913 hinc
1555 1882 1632 1913 elici

170 1938 268 1969 posse
283 1928 404 1960 visum.
448 1928 618 1967 Muretus,
634 1928 689 1958 cui
705 1927 875 1958 sententia
896 1927 978 1957 satis
1007 1930 1127 1967 aperta
1156 1935 1219 1955 non
1244 1930 1332 1963 erat,
1355 1935 1490 1955 sensnm
1519 1930 1632 1956 tamen

170 1971 319 2003 feliciter
343 1970 536 2012 expressit!
565 1970 661 2002 West.
717 1970 777 2002 ΒΓ.
804 1971 899 2001 Perl.
928 1970 1006 2010 Bip.
1036 1969 1138 2000 Both.
1167 1968 1472 2007 interrogationem
1502 1973 1634 2009 ponunt

171 2020 250 2055 post
279 2014 353 2046 mali
378 2017 436 2053 est,
457 2019 494 2044 et
521 2014 684 2045 omittunt
700 2021 776 2053 post
798 2014 1006 2049 Quoeso.—3l
1033 2012 1192 2052 Gnyetus
1217 2019 1255 2042 ut
1285 2011 1391 2042 hianti
1416 2012 1529 2042 versui
1559 2021 1633 2042 snc-

170 2065 297 2096 currat,
322 2055 512 2089 meruistid?
547 2057 647 2087 Eheu.
692 2056 754 2087 Vir
781 2057 950 2095 eruditus,
983 2060 991 2072 ¹
1010 2054 1176 2094 meruisti,'
1199 2054 1324 2095 inquit,
1347 2056 1355 2071 ‘
1375 2064 1440 2085 non
1465 2054 1562 2085 elidit
1587 2055 1635 2085 ul-

170 2100 310 2133 timam.’
356 2099 482 2131 Facilis
501 2109 581 2131 sane
613 2099 753 2131 curandi
786 2100 890 2130 natio:
914 2098 976 2130 sed
1007 2108 1049 2129 ex
1081 2103 1154 2128 arte
1186 2107 1327 2128 nccesse
1359 2103 1424 2135 est,
1450 2102 1483 2128 ut
1514 2098 1633 2129 elidat.

169 2143 273 2175 Aliud
306 2143 415 2174 adhuc
446 2146 572 2181 tentat,
595 2140 763 2174 meruisti?
827 2143 913 2173 Eheu
942 2142 1012 2172 heu.
1068 2141 1158 2172 Sane
1187 2140 1287 2177 Eheu,
1319 2141 1346 2170 si
1378 2141 1463 2171 Eheu
1490 2142 1547 2172 keu
1572 2151 1634 2181 pro

170 2187 261 2218 bono
288 2185 428 2226 dactylo
454 2185 581 2216 veniet.
625 2186 678 2216 Tn
705 2186 851 2226 corrige,
877 2185 970 2216 Oie'i:
995 2189 1030 2215 et
1058 2184 1135 2214 vide
1164 2193 1223 2214 nos
1250 2183 1290 2214 ad
1317 2184 1517 2214 Eunuchum
1535 2188 1634 2216 ΝΑ.

170 2232 225 2261 47.
264 2229 356 2260 Bent.
428 2229 625 2259 Lectionem
658 2229 806 2259 Bentleii
846 2228 931 2258 dant
960 2227 1054 2258 Perl.
1087 2227 1190 2258 Both.
1236 2226 1275 2257 In
1308 2226 1362 2257 ed.
1394 2227 1476 2267 Bip.
1510 2228 1635 2268 legitur

172 2272 247 2303 Heu
262 2272 324 2304 hoi.
340 2271 427 2303 GM.
448 2271 546 2307 ehem
569 2271 625 2302 nbi
641 2281 713 2312 sup.
730 2272 849 2310 script.
865 2271 1095 2301 dolentis-33
1120 2270 1233 2300 Prava
1250 2270 1303 2299 liic·
1322 2270 1554 2310 interpunctio
1572 2277 1636 2310 est,

170 2324 214 2346 ex
231 2314 317 2346 falsa
333 2314 622 2355 interpretatione
643 2319 734 2345 nata.
783 2315 946 2355 Repone:
974 2314 1025 2344 Ne
1050 2314 1165 2344 retice.-
1188 2323 1224 2343 ne
1250 2322 1374 2345 verere.-
1397 2315 1484 2344 crede
1512 2314 1636 2354 inquam

172 2358 261 2389 mihi.
308 2357 372 2389 Aut
388 2368 415 2388 c.
439 2358 625 2388 Reum—35
650 2358 752 2397 Vulg.
772 2358 832 2388 hac
851 2367 942 2388 causa
959 2356 1194 2397 equidem—36
1218 2357 1290 2387 CH.
1316 2357 1389 2387 istos
1412 2360 1530 2387 rastros
1548 2380 1555 2387 .
1572 2379 1581 2387 .
1599 2380 1606 2388 .
1626 2381 1634 2389 .

169 2402 283 2442 depone
308 2401 400 2441 vulg.
423 2401 432 2417 ‘
449 2401 500 2431 Ex
526 2410 592 2431 om.
610 2399 692 2432 libb.
709 2401 829 2441 script.
846 2401 935 2439 lege,
950 2404 980 2430 at
1004 2400 1090 2430 istos.
1132 2399 1181 2429 Ex
1200 2399 1297 2430 Bem.
1316 2408 1396 2429 vero
1414 2405 1448 2429 et
1466 2400 1637 2440 plvrisque

172 2445 261 2484 aliis,
282 2444 430 2475 maxime
456 2443 617 2484 antiquis,
642 2453 779 2484 appone:
806 2444 894 2484 qnod
925 2442 1013 2473 idem
1039 2447 1091 2473 est
1109 2441 1199 2483 quod
1221 2442 1358 2482 clepone.¹
1385 2443 1443 2473 Fa.
1490 2447 1498 2459 ‘
1517 2443 1636 2474 Nostri

172 2486 316 2527 omnes‚'
341 2485 448 2526 inquit
465 2487 566 2517 Bent.
591 2491 598 2504 ⁸
611 2489 644 2516 ut
659 2487 759 2522 istos3
783 2493 817 2517 et
835 2496 877 2517 ex
895 2486 942 2516 eis
960 2486 1116 2516 meliores
1131 2485 1270 2525 appone)
1317 2485 1380 2516 Dic
1395 2485 1453 2515 tibi
1470 2485 1586 2516 Guelf.
1605 2490 1633 2518 l.

175 2530 247 2561 Tibi
263 2534 340 2571 post
356 2529 489 2560 Dicetur
512 2531 543 2560 2.
562 2531 593 2560 3.
617 2529 707 2560 Ibid.
735 2529 831 2560 abest
857 2533 889 2559 at
913 2532 945 2560 2.
973 2529 1105 2560 Tantum
1135 2538 1196 2568 pro
1219 2531 1323 2558 tomen
1349 2531 1465 2559 1.-38
1489 2529 1636 2561 Quidam

173 2572 260 2604 Mss.
277 2577 313 2604 et
328 2572 412 2603 editi
428 2571 502 2612 [ΒΓ.
519 2571 576 2611 Ζ.]
592 2582 657 2602 non
675 2577 863 2612 agnoscunt
878 2573 915 2602 τὸ
931 2582 988 2603 me.
1011 2573 1119 2602 West.
1163 2572 1172 2587 ‘
1189 2571 1246 2602 Vs.
1273 2571 1327 2601 hic
1351 2571 1444 2602 nullo
1462 2572 1573 2609 niodo,
1600 2579 1637 2604 nt

172 2616 308 2656 quidem
337 2625 426 2646 nunc
454 2614 593 2655 legitur,
616 2615 801 2646 sustentari
830 2620 967 2655 potest:
1004 2614 1163 2645 mendum
1191 2619 1241 2644 est
1263 2614 1295 2644 in
1324 2613 1474 2645 dictione
1499 2625 1639 2654 vacuum,

173 2658 271 2699 cujus
285 2659 359 2690 loeo
376 2659 471 2689 Rem.
488 2658 606 2688 habuit
621 2659 768 2696 vocitem,
784 2658 870 2698 quod
892 2663 1010 2699 postea
1027 2657 1245 2688 emendatum
1263 2662 1314 2688 est
1332 2658 1363 2687 in
1379 2658 1528 2696 vacivom,
1546 2660 1635 2699 qnod

173 2701 262 2732 idem
280 2701 434 2742 estquod
451 2709 604 2737 vacuum;
628 2711 702 2741 qnae
731 2701 834 2731 dictio
860 2711 878 2731 a
905 2701 1030 2732 Plauto
1057 2704 1242 2740 usurpatur
1269 2700 1301 2730 in
1332 2701 1521 2732 Pseudolo:
1545 2705 1553 2718 ⁶
1570 2702 1639 2732 Fac

173 2744 219 2774 sis
237 2744 370 2775 vacivas
395 2743 565 2774 Pseudnle
591 2743 673 2774 aedis
684 2742 853 2774 aurium.''
884 2744 940 2775 Fa.
988 2744 1106 2774 ‘Bone
1133 2743 1186 2773 liic
1208 2743 1472 2775 an.1·‹1ci1·0m.
1520 2744 1636 2775 Nostri

174 2796 289 2819 omnes
305 2796 446 2818 vacuum.
492 2786 686 2827 Mutarunt,
703 2792 738 2818 ut
755 2793 886 2827 cetera,
901 2785 1076 2828 magistri.‘
1099 2787 1196 2819 Bent.
1242 2787 1301 2817 Br.
1329 2786 1370 2817 G.
1399 2787 1468 2819 ET.
1494 2793 1526 2818 ct
1555 2788 1636 2818 EM.
