1966 3302
337 235 423 277 576
833 244 872 272 P.
904 242 1146 272 TEREN'ru
1181 242 1297 272 Asai

336 341 421 382 ΞΥ.
452 341 542 382 Ubi
563 341 748 382 dicimus
768 339 938 380 redisse
961 343 1021 388 te,
1043 341 1088 379 et
1111 350 1261 390 rogare
1282 340 1342 379 uti

336 410 524 452 Veniret
545 409 601 450 ad
622 413 678 457 te,
699 408 854 448 mulier
875 407 1008 448 telam
1030 406 1193 447 deserit

338 479 576 527 Continuo,
599 480 642 517 et
662 476 870 529 lacrymis
892 476 1048 530 opplet
1069 488 1121 516 os
1140 479 1281 516 totum
1303 475 1414 527 sibi3
1447 480 1498 516 ut
1743 474 1801 516 65

338 546 494 588 Facile
513 545 666 594 scires,
688 543 913 585 desiderio
936 543 982 585 id
1002 543 1096 585 fieri
1118 549 1211 586 tuo.

340 613 483 656 ΟΜΝ.
514 611 615 653 Prae
635 610 816 664 gaudio,
834 611 897 652 ita
915 624 986 652 me
1005 611 1066 652 Di
1085 616 1251 662 ament,
1271 611 1349 653 ubi
1368 610 1467 661 sim,
1486 609 1664 651 nescio:

338 681 414 722 Ita
434 679 574 722 timui.
636 677 776 720 CL1'r.
807 677 872 720 At
891 692 971 732 ego
991 679 1101 720 nihil
1121 692 1224 721 esse
1251 679 1440 728 scibam,
1467 677 1629 719 Clinia.

338 748 541 802 Agedum
560 747 773 797 vicissim,
796 746 917 801 Syre,
939 747 1010 788 dic
1031 761 1133 800 quae
1155 748 1235 789 illa
1256 746 1313 788 ’st
1333 747 1500 788 altera?

340 817 427 858 ΞΥ.
456 815 737 857 Adducimus
775 821 899 856 tuam
938 815 1222 857 Bacchidem.
1284 815 1424 857 chr.
1468 813 1612 856 Hem!
1657 810 1764 867 quid
1781 812 1800 851 't

513 882 784 925 Bacchidem
799 883 817 923 ‘l
1746 880 1804 922 70

339 951 435 993 Eho
456 952 655 1002 sceleste,
686 964 774 1004 quo
806 950 932 993 illam
962 950 1124 992 ducis?
1185 949 1270 992 SY.
1304 948 1406 1001 Quo
1436 949 1560 991 illam
1597 949 1714 1003 ego?
1746 947 1803 989 ad

515 1032 596 1060 nos
617 1019 799 1060 scilicet.

341 1087 478 1130 CLIT.
509 1087 582 1129 Ad
604 1088 863 1141 patremne?
923 1086 1009 1128 SY.
1046 1086 1121 1128 Ad
1143 1100 1243 1128 eum
1263 1087 1428 1142 ipsum.
1490 1084 1629 1127 Cm'r.
1660 1084 1699 1126 Ο
1721 1084 1800 1126 ho·

512 1156 646 1196 minis
667 1155 962 1209 impudentem
984 1155 1222 1196 audaciam
1240 1156 1249 1197 !

344 1224 430 1266 ΞΥ.
489 1223 640 1265 Heus!
702 1223 808 1265 Non
836 1223 887 1265 fit
917 1224 1014 1265 sine
1040 1223 1210 1277 periclo
1230 1222 1404 1265 facinus
1425 1233 1629 1276 magnum
1649 1223 1695 1263 et
1713 1233 1806 1261 me—

517 1290 747 1332 morabile.
1036 1303 1038 1305 ’

348 1438 478 1472 Quando
492 1439 704 1470 nuntiavimus
718 1443 749 1470 te
763 1448 919 1470 reversum
934 1448 999 1471 esse
1018 1448 1162 1481 peregre,
1177 1443 1265 1480 teque
1279 1447 1346 1470 eam
1358 1438 1493 1480 precari,
1514 1442 1552 1470 ut
1572 1437 1614 1468 ad
1629 1441 1661 1469 te
1673 1438 1787 1470 viseret
1799 1448 1810 1475 ;

342 1481 426 1511 illico
441 1483 541 1522 puella
555 1483 668 1521 abiecit
683 1483 776 1513 telam
791 1492 883 1523 quam
898 1483 1036 1522 texebat,
1051 1486 1082 1514 et
1102 1483 1249 1525 lacrymis
1271 1485 1368 1513 totam
1381 1481 1501 1520 faciem
1511 1481 1665 1524 perfudit,
1687 1482 1762 1512 adeo
1775 1484 1811 1512 at

344 1525 427 1555 clare
449 1525 656 1565 intelligeres,
669 1525 703 1556 id
716 1526 794 1567 fieri
817 1535 920 1557 amore
946 1529 978 1557 et
1000 1526 1170 1566 cupiditate
1191 1525 1240 1556 tui
1252 1525 1386 1556 videndi.
1430 1525 1492 1556 CL.
1516 1525 1570 1556 Ita
1583 1523 1661 1555 mihi
1675 1524 1735 1556 Dii
1747 1524 1812 1555 sint

343 1568 488 1608 propitii,
502 1579 562 1599 non
582 1578 649 1599 sum
671 1570 752 1609 apud
767 1579 828 1609 me,
840 1578 907 1609 proe
922 1569 1020 1600 nimia
1035 1569 1147 1600 laetitia
1159 1579 1170 1605 ;
1192 1569 1267 1599 adeo
1282 1567 1379 1599 metui
1391 1567 1490 1609 prius.
1536 1567 1613 1599 Cn.
1635 1567 1694 1605 At,
1709 1578 1727 1599 ο
1745 1568 1812 1598 Cli-

345 1610 410 1650 nia,
425 1621 481 1650 ego
501 1612 634 1643 sciebam
658 1613 775 1643 nullam
798 1621 861 1642 esse
876 1621 1013 1652 causam,
1035 1622 1092 1644 cur
1107 1615 1268 1643 metueres.
1317 1612 1347 1642 0
1371 1610 1464 1652 Syre,
1480 1612 1613 1650 agedum
1638 1610 1720 1649 refer
1743 1620 1813 1651 quoe

346 1657 394 1685 est
422 1654 478 1686 illa
507 1656 619 1686 altera.
665 1656 726 1687 ΞΥ.
749 1654 942 1687 Adducimus
970 1659 1055 1686 tuam
1080 1655 1212 1686 amicam
1234 1654 1435 1686 Bacchidem.
1482 1654 1558 1685 Cu.
1583 1653 1694 1685 Hem!
1716 1653 1814 1694 quid?

348 1697 540 1729 Bacchidem
565 1698 741 1730 adducitis?
765 1699 846 1737 ΕΙιο,
871 1709 888 1729 ο
905 1697 1095 1739 flagitiose!
1116 1708 1173 1739 quo
1189 1698 1276 1729 ducis
1291 1695 1405 1729 illam?
1450 1697 1512 1729 ΞΥ.
1538 1697 1607 1733 Quo
1622 1696 1711 1728 illam
1725 1697 1814 1734 duco,

347 1744 462 1779 rogas?
484 1745 566 1773 certe
581 1743 622 1772 ad
637 1743 719 1773 aedes
735 1745 869 1772 nostras.
914 1742 990 1772 CLI.
1020 1741 1134 1772 Utrum
1156 1741 1243 1772 ducis
1269 1741 1356 1771 illam
1377 1741 1459 1781 apud
1481 1738 1629 1781 patrem?
1674 1739 1736 1771 ΞΥ.
1760 1739 1815 1770 Aa

349 1793 418 1814 eum
435 1785 534 1825 ipsum
553 1786 640 1816 duco.
695 1785 774 1816 CLI.
803 1785 832 1815 Ο
856 1784 1063 1825 impudentem
1087 1784 1250 1815 audaciam
1272 1784 1415 1815 scelerati
1437 1781 1592 1814 hominis!
1636 1782 1699 1814 ΞΥ.
1726 1782 1813 1812 Heus

350 1830 395 1867 tu,
409 1836 459 1858 res
474 1828 608 1867 insignis
622 1831 652 1859 et
667 1829 865 1859 memoranda
887 1838 946 1859 non
972 1828 1038 1858 sine
1061 1827 1241 1859 discrimine
1264 1827 1400 1867 geritur.
1447 1826 1528 1858 ΟΜ.
1551 1826 1638 1857 Illud
1653 1825 1741 1858 vide:
1764 1828 1814 1865 tu,

961 1945 1137 1957 &termene
1143 1946 1201 1957 ‘ee

349 2035 391 2064 64
417 2032 477 2064 Fa.
501 2032 591 2073 Guy.
615 2042 657 2063 ex
676 2033 773 2063 Beni.
788 2033 915 2065 desinit.
960 2033 1061 2066 Quod
1088 2032 1179 2064 forte
1208 2033 1409 2074 elegantius.
1439 2034 1536 2064 West.
1579 2032 1589 2050 ‘
1607 2032 1728 2064 Nostri
1745 2041 1815 2064 om·

351 2085 410 2106 nes
434 2077 568 2106 deserit.-
592 2077 690 2107 etsie
707 2077 768 2107 Fa.
793 2076 827 2107 in
853 2081 963 2108 textu.
1008 2077 1131 2107 Placet
1147 2081 1263 2108 tamen
1278 2076 1416 2108 desinit!
1439 2077 1628 2108 Bent.-o5
1653 2076 1756 2116 Vulg.
1783 2085 1818 2106 os

350 2122 377 2150 t.
394 2118 466 2158 sibi,
485 2119 527 2150 Ut
542 2118 643 2157 facile
658 2119 764 2154 scires,
787 2120 818 2150 d.
835 2119 856 2150 i.
869 2119 949 2161 fieri
976 2122 1039 2155 tuo,
1064 2129 1202 2160 prorsus
1231 2120 1445 2151 inconcinne.
1490 2120 1531 2151 B.
1556 2119 1662 2156 scias‚·
1691 2119 1751 2149 sed
1780 2117 1816 2148 id

351 2161 679 2202 requireretfactum
694 2172 770 2201 esse,
792 2162 954 2204 nonfieri.
978 2162 1081 2193 Both.
1105 2164 1161 2203 qui
1177 2173 1258 2203 ergo
1277 2162 1348 2201 dat,
1371 2173 1404 2194 os
1418 2165 1530 2201 totum,
1543 2165 1596 2194 tuo
1617 2162 1661 2193 Ut
1674 2161 1708 2200 f.
1722 2161 1818 2192 scires

351 2205 419 2236 d.i.
434 2204 610 2246 fieri—70
635 2206 701 2236 Do.
727 2205 760 2235 in
772 2204 929 2246 Adelph.
947 2214 998 2237 tv.
1013 2208 1048 2236 4.
1073 2206 1156 2245 legit
1180 2205 1389 2237 Abducimus:
1413 2205 1503 2246 qnod
1521 2205 1626 2246 magis
1642 2205 1817 2245 proprium

353 2247 438 2278 dicit
455 2257 543 2286 esse,
566 2257 665 2288 qnam
682 2249 886 2279 Adducimus.
911 2249 969 2279 Fa.
1013 2249 1023 2264 ‘
1041 2249 1159 2280 Nostri
1185 2258 1302 2280 omnes
1328 2248 1541 2280 Adducimus.-
1574 2257 1638 2279 nec
1661 2246 1818 2278 andimus

352 2290 407 2321 hic
421 2290 623 2322 Donatum.'
636 2291 819 2321 Bent.-——7l
837 2291 934 2331 Vulg.
947 2291 1055 2322 ducis:
1070 2291 1129 2322 sed
1143 2292 1186 2329 B,
1201 2292 1268 2323 Gn.
1285 2295 1314 2323 l.
1330 2292 1409 2323 Hel.
1427 2296 1463 2322 et
1471 2290 1713 2331 Lindenbrogii
1730 2289 1819 2320 liber

353 2332 449 2371 (nam
478 2334 604 2364 abducis
633 2332 812 2364 manifesto
844 2333 981 2374 falsum)
1010 2334 1149 2373 adducis,
1173 2335 1310 2374 proprie
1341 2340 1377 2365 et
1403 2344 1497 2366 vere.
1528 2334 1626 2365 Both.
1680 2332 1820 2364 Adducis

355 2375 473 2408 Guelf.
504 2379 621 2408 2.-73
657 2376 697 2407 In
738 2377 833 2407 Bem.
866 2378 972 2408 dictio
1003 2377 1076 2408 heus
1108 2377 1319 2417 praecedenti
1360 2376 1472 2409 versui
1514 2377 1721 2408 ascribitur:
1755 2385 1819 2405 me—

353 2419 501 2450 morabile
527 2428 620 2459 vero,
661 2428 728 2449 non
764 2429 839 2450 cum
867 2420 1112 2460 conjunctione
1137 2423 1179 2460 et,
1215 2420 1272 2450 sed
1311 2429 1386 2451 cum
1420 2420 1606 2460 negatione
1640 2429 1706 2459 nec,
1729 2418 1820 2459 posi-

355 2467 428 2492 tum
457 2466 511 2492 est
536 2462 598 2493 hoc
623 2461 738 2501 modo,
761 2472 816 2494 nec
837 2462 1055 2494 memorabile:
1078 2464 1126 2493 ita
1153 2462 1299 2503 conjicio
1326 2467 1362 2493 et
1388 2462 1422 2493 in
1448 2463 1504 2494 Vi.
1524 2461 1649 2500 fnisse3
1675 2461 1736 2493 sed
1760 2459 1820 2491 de-

359 2504 439 2534 inde
463 2514 519 2535 nec
549 2510 716 2535 mutatum
745 2511 797 2535 est
829 2505 862 2535 in
892 2509 934 2536 et.
958 2506 1018 2536 Fa.
1074 2506 1084 2523 ‘
1111 2505 1232 2536 Nostri
1264 2515 1379 2536 omnes
1403 2515 1480 2537 cum
1508 2505 1596 2546 Eng.
1618 2507 1650 2536 et
1672 2504 1818 2535 habeut:

356 2552 396 2578 ut
412 2547 532 2586 opinor
556 2549 693 2579 rectius.
740 2548 936 2587 corrector,
962 2548 1079 2588 credo,
1109 2548 1269 2579 Bembini
1293 2549 1370 2579 cod.
1400 2558 1456 2580 nec
1479 2549 1606 2589 posuit,
1628 2552 1665 2578 ut
1682 2555 1819 2578 versum

355 2591 507 2621 lacerum
523 2591 721 2621 resarciret.
770 2590 849 2621 Alio
865 2590 964 2621 modo
977 2591 1067 2631 Guy.
1089 2591 1153 2622 hoc
1182 2596 1370 2631 procurat:
1396 2591 1469 2622 Non
1482 2590 1528 2632 fit
1542 2591 1608 2622 sine
1621 2600 1652 2632 p.
1672 2599 1821 2630 magnum

349 2632 481 2670 facinus
493 2637 523 2663 et
539 2633 749 2664 memorabile.
794 2634 867 2672 Ego
885 2643 965 2664 vero
981 2634 1067 2665 hanc
1084 2634 1171 2665 viam
1189 2634 1310 2665 insisto
1325 2645 1334 2666 ε
1357 2633 1437 2672 N0f.
1453 2644 1479 2665 s.
1491 2643 1524 2674 p.
1533 2634 1663 2672 facinus
1673 2641 1821 2673 magnum

357 2679 388 2706 et
400 2676 672 2707 commemorabile.
718 2676 829 2706 Porro
853 2681 966 2707 autem
989 2677 1098 2708 nostri
1121 2685 1237 2707 omnes
1263 2687 1339 2708 cum
1367 2676 1446 2708 edd.
1470 2680 1556 2708 vett.
1579 2676 1653 2707 heus
1667 2679 1728 2713 tu;
1752 2684 1819 2706 non

361 2724 494 2750 tantum
508 2719 592 2757 heus,
614 2725 650 2749 ut
670 2719 730 2749 Fa.
760 2720 893 2757 Recte3
915 2725 1080 2750 utversns
1095 2719 1281 2761 quadratus
1297 2720 1464 2760 etplenus
1481 2718 1550 2750 sit!
1575 2718 1674 2751 Bene.
1695 2718 1819 2758 ‘Vulg.

358 2762 565 2792 inconcinne
578 2771 725 2801 magnum
740 2766 768 2792 et
786 2762 992 2802 memorabile,
1008 2772 1072 2802 ego
1095 2764 1241 2802 scriptos
1257 2772 1393 2804 sequor,
1410 2772 1465 2794 nec
1484 2762 1679 2793 memorabile
1693 2761 1819 2792 haben-

359 2804 436 2836 tes.’
462 2805 560 2837 Both.
606 2805 614 2821 ‘
634 2805 783 2838 Quidam
807 2804 911 2837 codd.
930 2806 1052 2847 scripti
1068 2810 1104 2837 et
1129 2806 1283 2847 impressi
1299 2807 1431 2847 legunt,
1455 2805 1524 2838 Nec
1537 2804 1596 2846 fit,
1611 2809 1647 2837 et
1660 2814 1752 2846 mox,
1765 2813 1820 2835 nec
