1966 3302
621 188 836 219 HECYRAE
868 190 979 220 Acr.
1005 190 1048 218 v.
1080 189 1147 219 sc.
1172 190 1204 219 1.
1550 180 1634 223 887

185 283 449 339 A‘ggrediar:
480 282 690 334 Bacchis,
728 283 875 326 salve!
949 284 1070 326 BAc.
1099 284 1247 335 Salve,
1284 284 1457 326 Laches
1474 285 1483 325 !
1544 286 1635 327 LA.

355 350 512 400 Credo,
534 351 719 404 aedepol,
743 356 786 391 te
1606 355 1634 394 5

184 418 396 460 Nonnihil
415 418 578 468 mirari,
602 418 811 468 Bacchis,
831 418 938 471 quid
958 418 1031 468 sit,
1052 424 1323 473 quapropter
1342 424 1385 461 te
1403 419 1488 461 huc
1512 419 1632 462 foras

354 498 538 540 puerum
558 499 747 527 evocare
760 486 904 538 jussi.

185 553 306 595 ΒΑΘ.
337 553 446 605 Ego,
477 553 568 606 pol,
591 566 767 607 quoque
787 554 916 594 etiam
938 554 1092 595 timida
1112 567 1222 605 sum,
1257 567 1357 596 cum
1387 556 1503 596 venit
1524 556 1630 597 mihi

354 621 400 660 in
421 625 610 661 mentem
631 635 730 674 quae
754 621 850 671 sim,

185 687 258 729 Ne
275 700 434 729 nomen
454 689 558 729 mihi
579 694 778 743 quaestus
799 690 946 730 obstet
965 688 1080 743 apud
1101 693 1142 730 te
1160 702 1172 741 ;
1202 702 1304 730 nam
1325 703 1470 732 mores
1497 691 1633 734 facile

353 760 484 798 tutor.

184 884 293 915 melius
317 885 369 916 sit.
411 885 564 916 Accedam
587 887 628 917 ad
652 886 748 917 illam.
794 886 941 924 Bacchis,
964 887 1056 918 salve.
1105 887 1169 918 ΒΑ.
1193 886 1304 917 Salvus
1322 889 1379 926 sis,
1399 887 1522 919 Laches.
1567 889 1633 920 LA.

187 926 286 958 Credo
301 938 355 966 per
369 928 464 959 oedem
482 929 617 959 Pollucis
631 929 689 959 tibi
705 930 927 969 aliquantulum
945 930 1055 960 nzirtem
1072 930 1181 964 videri,
1195 931 1342 967 Bacchis,
1357 941 1447 971 quam
1462 931 1497 961 ob
1512 941 1635 962 causam

183 971 214 999 te
229 968 287 1000 huc
301 981 340 1000 ex
355 972 441 1001 domo
457 975 510 1001 tua
525 973 677 1002 ser-‘culum
691 982 841 1003 accersere
848 973 1008 1011 jusserim.
1055 973 1119 1003 BA.
1144 974 1214 1011 Ego
1228 983 1344 1013 quoquc
1366 975 1542 1005 meticulosa
1555 984 1634 1011 sum,

183 1021 251 1042 cum
272 1015 413 1044 recordor
435 1024 510 1044 meae
533 1016 731 1053 conditionis,
746 1026 783 1046 ue
799 1025 904 1046 nomen
920 1015 1104 1053 meretricis,
1123 1019 1252 1055 propter
1265 1020 1428 1056 quoestum,
1445 1027 1532 1057 quem
1547 1027 1635 1048 exer-

182 1063 246 1095 ce0,
266 1056 342 1086 mihi
366 1057 447 1097 apud
470 1061 501 1088 te
523 1061 650 1088 noceat.-
673 1068 746 1088 uam
768 1061 882 1089 ceteros
904 1067 1002 1089 mores
1015 1057 1114 1095 facile
1134 1059 1289 1099 praestabo
1311 1059 1465 1090 innoxios.
1510 1060 1574 1092 LA.
1597 1060 1633 1091 Si

785 1163 802 1174 e
806 1162 1023 1176 eeeueeaeaeu

184 1237 316 1277 dratus,
332 1238 419 1270 sicut
434 1243 470 1270 et
487 1244 556 1269 tres
581 1240 679 1280 primi
695 1240 792 1280 liujus
819 1249 951 1272 sceuae:
977 1245 1159 1281 sequentes
1181 1251 1260 1272 vero
1287 1251 1328 1272 ex
1345 1243 1463 1274 eodem
1482 1243 1568 1275 libro
1585 1246 1635 1276 ita

182 1282 397 1314 ordinamus:
419 1281 610 1321 Adgrediar.
658 1283 793 1314 Bacchis
818 1284 912 1315 salz-e.
958 1284 1000 1314 B.
1025 1283 1118 1314 Salve
1143 1284 1272 1315 Laches.
1317 1286 1380 1316 LA.
1406 1288 1495 1317 credo
1521 1289 1634 1329 edepol,

183 1327 214 1355 te
225 1324 366 1355 nonnihil
381 1325 491 1355 mirari
507 1325 656 1363 Bacchis,
684 1326 767 1361 Quid
781 1326 836 1362 sit,
850 1330 1034 1367 quapropter
1049 1332 1079 1358 le
1101 1328 1158 1357 huc
1165 1328 1256 1365 foras
1269 1338 1398 1368 puerum
1412 1339 1534 1361 evocare
1545 1331 1633 1368 jussi.

183 1372 222 1398 ut
246 1367 372 1406 primus
397 1368 515 1399 horum
542 1369 587 1399 sit
611 1369 755 1400 dimeter
783 1370 955 1400 lambiens
982 1370 1226 1408 catalecticus;
1252 1371 1433 1410 secundus,
1456 1378 1635 1406 contracto

182 1410 264 1441 nihil
279 1411 313 1441 in
337 1420 436 1441 unam
463 1411 638 1452 syllabam,
656 1412 737 1442 item
763 1412 885 1443 tertius
902 1412 969 1443 sint
985 1412 1129 1443 Iambici
1150 1414 1315 1444 octonarii
1340 1415 1552 1454 catalectici3
1577 1419 1635 1458 qui

182 1462 264 1484 vero
292 1457 493 1495 sequuntur,
520 1459 557 1484 ut
585 1454 616 1484 iu
645 1455 814 1495 impressis
838 1455 986 1486 ordinati
1014 1461 1107 1495 sunt,
1134 1456 1182 1486 ita
1205 1466 1263 1487 eos
1290 1459 1549 1489 conservamus.’
1574 1460 1635 1492 Fa.

182 1497 192 1514 ‘
209 1497 326 1528 Nostri
344 1497 509 1538 plerique,
525 1498 581 1527 Me
592 1496 686 1538 post!
712 1499 814 1528 Bent.
838 1499 931 1538 Post,
944 1508 991 1529 me
1006 1499 1084 1539 Bip.
1110 1499 1213 1530 Both.
1239 1500 1332 1530 Peri.
1357 1510 1402 1531 me
1421 1505 1492 1541 post
1511 1503 1550 1533 Z.
1575 1503 1634 1535 ΒΓ.

182 1543 193 1556 ’
210 1539 321 1570 Potest
344 1549 388 1571 ex
405 1549 508 1580 prava
533 1541 664 1572 emend.
680 1540 796 1572 Guelf.
812 1541 854 1572 2!
881 1542 1031 1572 Fert—5
1054 1542 1274 1581 Agerediebur
1290 1542 1404 1574 Guelf.
1423 1547 1452 1574 l.
1468 1554 1485 1574 o
1501 1545 1637 1577 Bacchis

184 1581 302 1614 Guelf.
330 1585 428 1613 3.-—6
452 1582 577 1619 Voces,
603 1588 642 1614 ut
660 1584 732 1623 Fa„
756 1584 904 1624 disponit
922 1585 1023 1615 Bent.
1050 1591 1197 1626 excepto
1219 1586 1266 1616 nil
1288 1595 1348 1625 pro
1374 1586 1466 1626 nihil,
1491 1594 1636 1628 propter

183 1634 330 1665 versum,
353 1630 388 1657 et
403 1626 451 1656 sic
476 1625 571 1656 Peri.
616 1627 662 1657 Et
688 1636 804 1657 versus
822 1633 857 1658 et
874 1637 987 1667 voces,
1004 1628 1054 1658 uti
1080 1628 1154 1665 Fa„
1172 1629 1248 1668 Bip.
1273 1634 1307 1659 at
1325 1629 1364 1659 Z.
1383 1630 1443 1660 Br.
1460 1631 1509 1660 uti
1525 1631 1636 1664 West.

181 1669 361 1708 adgrediar.
407 1668 512 1705 Salve,
534 1669 681 1700 Bacchis.
739 1670 802 1701 BA.
829 1670 869 1706 Ο,
892 1671 987 1709 salve,
1008 1671 1126 1701 Laches
1148 1671 1251 1702 Both.
1279 1671 1335 1713 qui
1360 1681 1436 1703 mox
1462 1673 1510 1704 sic
1537 1674 1634 1715 legit,

185 1710 284 1742 Credo
295 1712 411 1752 oedepol
426 1715 456 1743 te
471 1712 579 1742 ‘nonnil
593 1713 718 1751 mirari,
731 1713 877 1751 Bacchis,
894 1714 966 1753 quid
982 1714 1024 1744 sit
1044 1712 1049 1753 l
1072 1714 1383 1754 Quapropter...jussi
1402 1714 1407 1756 l
1427 1717 1490 1746 etsi
1506 1715 1636 1749 fatetur

180 1753 376 1785 Terentium
389 1755 451 1785 hoc
468 1763 533 1785 uno
550 1755 581 1785 in
595 1755 670 1786 loco
687 1756 795 1786 lamb.
815 1757 902 1786 trim.
918 1757 1186 1797 hypercatalect.
1204 1767 1396 1798 usurpasse.
1414 1760 1534 1789 evocari
1549 1760 1635 1792 GM.

180 1796 310 1828 miraris
338 1797 462 1828 omisso
500 1801 529 1828 te
553 1797 668 1828 Guelf.
695 1801 726 1829 2.
777 1800 887 1829 Voces
915 1801 1004 1830 credo
1033 1801 1147 1839 (edepol
1175 1803 1206 1831 te
1234 1801 1377 1831 nonnihil
1403 1802 1514 1832 mirari
1544 1808 1636 1842 post-

181 1845 355 1879 ponuntur
378 1840 492 1871 versui
521 1841 606 1876 Quid
631 1842 789 1880 sit...jussi
818 1842 850 1872 in
881 1842 999 1873 Guelf.
1027 1845 1123 1873 3.-7
1150 1843 1220 1882 Ego
1241 1853 1356 1884 quoque
1373 1845 1424 1884 pol
1447 1845 1529 1876 Mss.
1555 1846 1634 1877 duo.

186 1882 282 1914 Boecl.
310 1883 415 1922 Venit,
437 1883 526 1924 quod
555 1886 734 1924 praesentis
758 1886 920 1925 temporis
938 1890 1003 1924 est,
1029 1886 1220 1926 pyrrichius
1237 1891 1302 1925 est,
1319 1887 1398 1917 eliso
1415 1892 1441 1926 t,
1458 1894 1517 1919 aut
1540 1894 1635 1921 certe

180 1925 259 1956 mihi
275 1925 472 1957 addititiam
489 1931 563 1957 est:
590 1927 708 1968 utique
732 1928 820 1958 enim
847 1928 924 1959 mihi
947 1928 1223 1969 subintelligitur,
1244 1935 1281 1959 ut
1309 1930 1342 1960 in
1369 1930 1546 1971 Eunucho,
1563 1933 1572 1948 ‘
1590 1933 1636 1964 Et

181 1967 266 1999 illud
294 1968 337 2000 de
364 1969 497 2000 Rhodio
514 1969 642 2000 dictum
668 1980 743 2001 cum
762 1971 794 2001 in
813 1979 959 2001 mentem
976 1971 1095 2002 venit!
1141 1973 1239 2012 Virg.
1263 1973 1272 1989 ‘
1290 1973 1365 2003 Nec
1384 1974 1476 2004 venit
1493 1974 1526 2005 in
1542 1984 1636 2006 meu-

181 2016 265 2049 tem,
281 2021 422 2052 quorum
450 2012 646 2043 consederis
664 2013 775 2044 arvis.'
800 2014 858 2045 Fa.
904 2015 1013 2045 Recte
1038 2015 1142 2046 sensit
1170 2015 1320 2046 Faernus
1346 2016 1424 2046 mihi
1442 2016 1635 2049 addititiam

181 2061 269 2094 esse,
295 2054 355 2085 sed
371 2064 437 2085 non
462 2064 559 2085 ausus
585 2061 636 2086 est
660 2056 797 2096 ejicere.
845 2057 931 2094 Nos,
960 2067 1055 2088 versu
1084 2058 1267 2098 gaudente,
1295 2058 1457 2098 ejicimus.
1482 2060 1579 2091 Bent.
1603 2061 1635 2092 A

180 2097 342 2137 plusculis
359 2098 451 2128 libris
463 2097 540 2128 mihi
552 2098 658 2129 abest.
688 2100 786 2130 lVest.
811 2100 843 2131 id
860 2101 989 2131 omittit
1006 2101 1172 2131 notu—8
1199 2102 1319 2136 Quoestz'
1345 2102 1471 2142 legitur
1487 2105 1519 2133 iu
1537 2104 1634 2137 Bem.

181 2140 322 2182 antiqua
351 2141 593 2172 declinatione.
641 2141 801 2174 Ceterum
828 2153 891 2174 nec
916 2144 950 2173 in
976 2153 1017 2173 eo
1044 2143 1141 2179 libro,
1158 2153 1220 2174 uec
1247 2145 1279 2174 in
1297 2145 1380 2176 Vat.
1402 2154 1466 2176 nec
1494 2146 1525 2176 in
1543 2147 1635 2178 Vict-

179 2189 259 2214 sunt
274 2183 350 2214 duae
367 2183 434 2214 illae
449 2183 630 2222 dictiones,
645 2186 727 2224 apud
740 2188 781 2224 te,
797 2195 870 2226 quae
888 2186 1028 2217 multum
1052 2186 1304 2217 incommodant
1320 2188 1444 2227 versui,
1459 2194 1493 2219 et
1516 2199 1635 2230 parum

180 2227 293 2257 sensui
310 2231 474 2266 prosunt:
498 2226 557 2257 sed
574 2236 616 2258 ne
633 2228 681 2258 sic
699 2228 833 2268 quidem
860 2238 977 2259 versus
998 2229 1168 2268 procedit,
1184 2230 1247 2260 nisi
1272 2240 1314 2260 ex
1339 2240 1460 2270 magna
1478 2232 1633 2264 licentia:

180 2269 280 2301 deest
295 2269 382 2300 enim
400 2279 465 2300 una
480 2269 622 2309 syllaba,
637 2280 736 2310 quam
752 2280 811 2301 nos
825 2272 921 2302 unius
934 2276 1065 2302 tantum
1081 2273 1205 2303 litterae
1223 2274 1412 2304 mutatione
1425 2276 1634 2315 supplemus,

180 2312 327 2352 legendo
355 2322 414 2353 pro
441 2313 551 2352 obstet,
565 2313 672 2345 obsiet.
697 2318 736 2344 ut
759 2314 814 2353 sit,
831 2315 883 2345 Ne
907 2325 1014 2345 nomen
1040 2315 1116 2346 milii
1132 2316 1242 2354 quoestz'
1265 2316 1373 2347 obsiet.
1396 2317 1459 2347 lioc
1482 2318 1581 2348 modo
1598 2327 1635 2350 et

181 2364 300 2386 versus
327 2360 380 2386 est
404 2355 512 2387 lamb.
531 2361 670 2386 tetram.
697 2357 856 2388 catalect.
886 2362 924 2388 ut
951 2359 1070 2397 ceteri,
1088 2364 1122 2388 et
1136 2358 1290 2389 Iambum
1319 2359 1420 2390 habet
1444 2360 1477 2390 in
1501 2367 1634 2401 quarta,

182 2398 273 2438 quod
289 2399 366 2429 liuic
382 2399 497 2439 generi
515 2408 671 2429 versuum
699 2410 805 2440 prope
822 2400 970 2431 solemne
988 2406 1051 2440 est,
1066 2405 1100 2431 et
1117 2401 1349 2442 antiquissima
1372 2402 1473 2433 lectio
1500 2414 1633 2435 conser-

181 2446 293 2473 vatur.
337 2442 371 2472 Si
389 2441 463 2482 quis
481 2446 594 2472 tamen
611 2442 716 2473 malet
730 2443 840 2480 obstet,
855 2453 970 2473 versus
987 2449 1199 2475 sustentatur
1219 2445 1440 2476 dissolutione
1456 2446 1633 2487 diphthon-

182 2484 228 2524 gi.
250 2485 313 2516 Fa.
359 2484 477 2515 Nostri
500 2488 636 2523 qnoestus
654 2485 762 2516 obstet.
807 2487 892 2516 Tres
909 2496 927 2516 e
945 2487 1067 2517 nostris
1101 2497 1166 2517 non
1192 2487 1317 2518 liabent.
1341 2490 1421 2527 apud
1441 2492 1481 2520 te.
1529 2490 1633 2530 Egre-

181 2528 235 2567 gie
252 2527 304 2558 hic
319 2528 491 2558 Faernus:
519 2527 583 2557 nisi
606 2530 693 2568 quod
718 2529 750 2558 in
773 2528 840 2559 fine
857 2538 892 2559 se
910 2529 1035 2569 prodit,
1062 2539 1136 2560 etun
1154 2539 1173 2560 a
1192 2530 1322 2566 Qnaiisti
1337 2531 1434 2562 obstet
1451 2534 1634 2564 sustentari

180 2579 280 2610 posse
297 2580 430 2601 versum
454 2570 640 2600 existimat.
687 2571 848 2602 Cetei-uin
865 2581 951 2602 uuus
968 2581 1009 2602 ex
1028 2573 1142 2613 Regiis
1166 2574 1308 2612 qua‘e'stus
1323 2574 1399 2604 mihi
1414 2574 1521 2606 obstet.
1567 2577 1635 2607 Re·

182 2622 282 2653 pone,
299 2613 350 2644 Ne
364 2622 472 2644 nomen
492 2615 603 2652 quoestz'
619 2614 661 2644 mi
687 2614 794 2645 obsiet.
840 2614 989 2645 Omnino
1013 2616 1045 2646 iu
1063 2616 1132 2646 ictu
1150 2625 1222 2645 esse
1245 2616 1349 2647 debet
1368 2617 1500 2657 Quaesti,
1516 2628 1582 2650 non
1599 2620 1633 2650 in

180 2656 279 2687 Thesi
295 2657 543 2687 obmutescere.
590 2655 704 2697 Atque
720 2656 783 2688 hoc
800 2657 919 2688 ordine
939 2658 1084 2692 Quaestus
1100 2664 1191 2689 stare
1209 2659 1260 2689 hic
1288 2665 1412 2699 potest,
1430 2670 1525 2701 teque
1542 2671 1634 2693 oom-

182 2699 281 2729 mode
297 2707 337 2730 ac
362 2699 497 2734 Quaestz'.
520 2699 625 2730 Bent.
650 2709 750 2740 quem
773 2700 999 2740 comprobant
1025 2701 1104 2742 Bip.
1121 2701 1222 2733 Both.
1239 2701 1332 2732 Peri.
1369 2705 1378 2720 ‘
1396 2704 1478 2734 Mss.
1495 2705 1631 2744 quidam

182 2745 219 2772 et
245 2741 326 2773 edd.
341 2746 418 2784 post
434 2742 504 2773 ΕΡ.
519 2751 587 2774 non
611 2746 802 2784 agnoscunt
815 2745 896 2783 apud
919 2746 967 2775 te.-
992 2743 1084 2786 [quae
1102 2753 1200 2777 voces
1217 2744 1342 2777 desunt
1356 2746 1389 2778 in
1403 2747 1472 2778 Ms.
1491 2748 1529 2778 R.
1543 2753 1632 2779 teste
