1966 3302
538 217 765 249 EUNUcffl
798 217 907 248 Aer.
933 217 977 247 v.
1010 217 1079 248 sc.
1111 218 1179 247 iv.
1506 207 1590 249 513

132 313 264 366 Quae,
287 326 388 356 cum
407 315 600 355 amatore
623 326 703 354 suo
725 325 822 353 cum
844 314 1039 361 coenant,
1060 311 1284 365 liguriunt.

131 382 308 423 Harum
331 381 476 421 videre
499 380 752 433 ingluviem,
775 379 944 429 sordes,
965 379 1158 432 inopiam
1179 392 1189 430 ;
1535 379 1590 420 15

132 448 282 500 Quam
302 449 538 489 inhonestae
559 447 668 488 solae
692 447 781 488 sint
802 447 934 496 domi,
956 450 1087 500 atque
1107 446 1253 488 avidae
1273 446 1388 498 cibi3

133 515 237 566 Quo
259 521 392 570 pacto
411 527 468 555 ex
480 514 578 568 jure
598 515 806 556 hesterno
828 528 988 568 panem
1009 519 1151 556 atrum
1172 520 1344 567 vorent;

131 584 281 626 Nosse
300 584 448 624 omnia
467 583 578 633 haec,
599 583 723 624 salus
741 586 809 624 est
828 583 1192 624 adolescentulis.

131 692 248 731 lantur,
262 701 322 723 non
335 694 457 730 vorant,
473 692 527 722 sed
542 693 622 722 lente
635 695 665 723 et
680 691 810 724 delicate
824 693 968 724 suaviora
982 702 1109 733 quaeque
1123 702 1190 723 cum
1205 695 1343 723 amatore
1358 702 1410 723 suo
1422 695 1589 724 mandunt:

129 734 240 766 harum
254 744 324 766 vero
339 735 411 765 licet
426 734 529 765 videre
544 735 749 766 insatiabilem
763 737 977 775 voracitatem,
992 735 1215 771 immunditias,
1233 739 1410 774 egestatem,
1421 746 1491 767 cum
1509 737 1593 767 domi

129 780 212 818 sunt.
259 778 360 813 Quam
375 777 532 816 obscoenae,
548 788 639 818 quain
652 779 739 817 gulae
755 779 880 817 deditoe,
906 789 964 819 quo
985 782 1076 819 pacto
1090 779 1176 816 jaris
1200 779 1337 809 hesterni
1359 788 1469 818 panem
1490 783 1593 810 atrum

129 820 314 860 deglutiunt.
360 820 443 851 Hoec
463 821 567 852 omnia
589 821 734 853 didicisse
760 832 822 853 non
846 823 934 853 modo
960 822 1049 862 utile,
1064 822 1117 852 sed
1131 822 1326 860 salutiferum
1340 822 1592 854 adolescentibus.

752 909 993 921 montovaem.»

130 980 222 1016 etus,
246 986 381 1008 versum
406 977 497 1008 hunc
522 977 556 1008 in
584 976 802 1008 Morbouiam
818 977 991 1018 ablegans.
1037 977 1205 1018 Agnoscit
1221 977 1388 1015 Donatus,
1403 982 1595 1018 agnoscunt

130 1019 277 1052 Codices
293 1020 378 1051 Mss.
425 1021 481 1060 Et,
497 1020 524 1050 si
540 1021 765 1061 oppositionis
781 1021 892 1061 legem
908 1020 1117 1059 consideres,
1132 1021 1403 1061 appositissimum
1419 1026 1484 1052 est.
1510 1021 1593 1051 Var-

130 1072 169 1094 ro
185 1062 228 1094 de
245 1063 285 1094 R.
303 1063 410 1094 R.111.
425 1065 477 1094 16.
496 1062 539 1094 de
555 1064 674 1104 apibus
692 1074 700 1094 ι
739 1064 749 1081 ⁴
768 1064 861 1103 Non,
882 1069 921 1095 ut
945 1074 1070 1095 muscae
1097 1064 1274 1104 liguriunt,
1300 1063 1390 1105 quod
1417 1073 1516 1095 nemo
1533 1064 1592 1095 has

132 1106 241 1146 videt,
255 1110 295 1137 ut
320 1106 393 1136 illas
411 1106 444 1136 in
469 1115 570 1137 carne
590 1110 649 1137 aut
675 1107 850 1145 sanguiue,
877 1111 936 1138 aut
960 1107 1073 1146 adipe.
1121 1107 1205 1138 Ideo
1222 1107 1322 1137 modo
1339 1107 1535 1145 considunt,
1557 1107 1592 1138 in

132 1158 201 1189 quo
215 1153 269 1180 est
283 1158 383 1189 sapor
398 1148 529 1180 dnlcis.’
574 1149 708 1188 Malim,
723 1149 763 1180 In
779 1159 812 1180 eo
832 1151 920 1180 modo
940 1151 1114 1182 considunt.
1158 1150 1226 1180 Ubi
1242 1150 1283 1181 P.
1299 1150 1473 1180 Victorius
1490 1160 1593 1181 anno-

132 1196 205 1223 tat:
228 1192 238 1209 ‘
255 1192 333 1223 Duo
350 1201 385 1221 rr
400 1192 463 1222 lioc
487 1192 626 1223 verbum
653 1192 779 1223 habere
804 1192 839 1223 in
865 1193 1005 1232 optimis
1030 1192 1280 1232 exemplaribus
1308 1193 1424 1231 ethic,
1441 1198 1474 1223 et
1501 1194 1592 1233 apud

130 1234 326 1266 Terentium
343 1234 523 1265 observavi
546 1237 579 1265 in
603 1236 781 1274 Eunucho,
797 1236 875 1270 Quae
887 1245 954 1266 cum
966 1239 1105 1267 amatore
1115 1246 1167 1266 sao
1180 1246 1249 1266 cum
1263 1240 1394 1271 coenant,
1411 1237 1594 1275 ligurriunt.

132 1277 324 1317 Liguri-iant
341 1277 442 1314 enim,
467 1276 627 1308 flosculos
644 1278 820 1319 epularum
837 1283 995 1318 carpunt,
1012 1283 1047 1309 et
1069 1278 1286 1309 delicatiores
1312 1279 1418 1317 dapes
1440 1279 1593 1309 studiose

132 1319 333 1351 sectantur.'
375 1320 442 1351 Sed
460 1324 496 1351 et
520 1321 665 1361 plusculi
692 1322 776 1352 Mss.
792 1321 920 1352 habent
944 1322 1129 1360 ligari-iant.
1174 1321 1214 1352 In
1233 1322 1307 1352 aliis
1321 1327 1394 1352 est:
1424 1322 1503 1357 Qaae
1525 1332 1594 1352 cum

131 1366 287 1394 amatores
301 1373 371 1394 suos
396 1365 520 1401 vocant,
543 1364 712 1402 liguriunt.
736 1364 843 1395 West.
889 1364 1010 1396 Lectio
1038 1365 1121 1396 Vet.
1147 1364 1231 1396 Cod.
1256 1375 1323 1396 cum
1349 1369 1502 1395 amatores
1525 1375 1595 1396 suos

133 1409 257 1445 vocant,
271 1406 329 1445 lig.
352 1415 418 1436 non
436 1406 535 1436 mala.
559 1406 652 1437 Lind.
700 1407 779 1442 Quae
793 1417 862 1438 cum
877 1411 1015 1438 amatore
1028 1417 1081 1438 suo
1096 1417 1164 1438 cum
1176 1411 1309 1447 coenant,
1325 1407 1494 1447 liguriunt]
1511 1408 1593 1438 Tres

133 1448 361 1489 antiquissimi
376 1447 455 1478 libri
470 1449 645 1488 ligurriunt
661 1459 723 1490 per
739 1449 807 1481 duo
822 1460 839 1480 r
854 1450 1023 1482 scribunt.
1069 1451 1196 1481 Posset
1211 1460 1294 1491 ergo
1318 1451 1371 1481 hic
1389 1460 1507 1481 versus
1522 1461 1595 1481 sus-

133 1492 264 1523 tentari
278 1492 360 1522 eliso
377 1501 440 1532 per
456 1492 653 1532 parellipsin
669 1493 779 1523 altero
803 1501 845 1523 ex
863 1493 910 1524 eis
928 1503 936 1524 ι
959 1493 1079 1524 melius
1104 1497 1219 1524 tamen
1245 1499 1295 1524 est
1320 1494 1495 1524 retrahere
1524 1494 1594 1525 dic·

131 1534 260 1565 tionem
275 1544 352 1572 suo,·
376 1544 450 1574 quae
467 1544 531 1565 nec
547 1535 580 1565 iu
598 1535 654 1566 Vi.
673 1540 726 1566 est
743 1535 806 1566 nisi
824 1537 1071 1576 superaddita:
1095 1546 1159 1568 nec
1177 1546 1258 1567 sane
1274 1537 1386 1567 sensui
1409 1543 1460 1567 est
1477 1546 1594 1567 neces-

132 1577 234 1609 saria.
258 1577 319 1608 Fa.
366 1577 463 1608 Libri
477 1576 549 1608 fere
566 1587 680 1609 onmes
698 1588 765 1609 cum
781 1582 918 1610 amatore
932 1589 1008 1611 suo.-
1032 1579 1121 1620 quod
1147 1580 1199 1610 vir
1220 1580 1372 1610 eruditus
1397 1581 1429 1610 in
1459 1585 1592 1610 textum

134 1619 284 1659 admisit,
308 1624 344 1651 et
368 1620 526 1659 liguriunt
553 1620 676 1652 scribit
696 1621 844 1652 secunda
868 1622 972 1653 brevi.
1017 1622 1082 1653 Sed
1110 1623 1253 1653 laterem
1281 1622 1438 1663 profecto
1463 1624 1594 1662 lavant,

130 1663 337 1704 quicumque
353 1663 430 1694 huic
448 1663 562 1694 versui
578 1664 738 1695 medicari
755 1665 910 1705 eupiunt.
955 1666 1008 1696 Ex
1033 1665 1272 1706 Lindenbrogii
1299 1665 1416 1696 codice
1441 1665 1473 1695 id
1500 1667 1594 1696 colli-

130 1715 205 1745 gas,
217 1704 560 1745 Annotatinnculam,
575 1707 654 1738 olim
670 1707 762 1739 inter
778 1709 882 1739 lineas
900 1708 1042 1747 factam,
1059 1709 1092 1739 in
1110 1714 1241 1739 textum
1260 1715 1378 1749 postea
1394 1710 1594 1748 irrepsisse3

133 1753 170 1779 et
201 1758 262 1789 pro
290 1749 385 1780 vario
417 1749 642 1780 Librariorum
669 1756 772 1791 captu
800 1752 834 1782 in
864 1752 988 1782 senarii
1015 1761 1172 1782 numeros
1201 1752 1387 1783 redactam.
1412 1753 1511 1783 Bent.
1536 1754 1593 1791 qui

130 1791 306 1830 ligurriunt
323 1791 431 1823 edidit
446 1797 481 1822 et
498 1791 653 1824 defendit
669 1805 675 1823 :
701 1794 758 1824 sed
787 1799 895 1825 totum
918 1804 1051 1825 versum
1081 1795 1219 1826 damnat
1236 1800 1271 1826 et
1289 1796 1418 1825 uncinis
1436 1796 1591 1826 includit.

132 1834 142 1852 ‘
158 1834 276 1873 Male]
292 1835 339 1868 ait
359 1835 433 1875 Rip.
457 1836 466 1851 ‘
479 1835 567 1876 hune
585 1846 633 1867 vs.
651 1837 860 1878 dispungunt
877 1836 953 1869 edd.
969 1848 987 1868 a
1004 1848 1077 1879 sqq.
1096 1847 1172 1869 cum
1192 1848 1268 1878 pars
1285 1838 1519 1869 antecrdentis
1535 1840 1591 1877 sit,

132 1877 190 1908 cui
214 1877 387 1909 contraria
409 1882 487 1908 sunt
509 1888 670 1919 conseqq.
715 1880 924 1911 Stultissime
949 1881 1048 1911 Bent.
1074 1881 1162 1912 bunc
1190 1892 1238 1913 vs.
1268 1882 1422 1912 stultitiae
1447 1892 1592 1921 arguens

131 1920 301 1961 expungit
323 1925 359 1952 ut
387 1921 569 1961 ingestum.
615 1923 765 1962 Ligurire
789 1929 854 1963 est,
877 1924 983 1955 multo
1011 1922 1150 1954 fastidio
1181 1925 1338 1955 suaviora
1367 1935 1510 1965 qumque
1536 1925 1592 1954 de»-

132 1968 284 2003 gustare.
330 1964 395 1995 Est
421 1974 442 1994 a
467 1963 570 2003 λίΎυς,
597 1967 730 2004 suavis3
757 1976 823 1997 non
847 1977 865 1997 a
885 1966 1006 2006 λίχνος,
1029 1967 1190 2007 gulosus.'
1238 1968 1340 2002 Quam
1356 1977 1466 1997 cuma.
1483 1978 1594 1999 acum

131 2006 304 2045 ligurriunt
319 2006 379 2038 dat
395 2007 498 2039 Both.
514 2012 699 2050 notatque:
724 2014 731 2026 ¹
750 2010 863 2049 Vulgo
882 2010 961 2045 Quoe
977 2019 1045 2040 cum
1061 2020 1090 2041 a.
1105 2020 1173 2042 cum
1187 2022 1215 2041 c.
1237 2010 1427 2050 ligari-iant:
1452 2021 1527 2051 quae
1545 2012 1593 2041 ita

131 2048 363 2089 displicebant
379 2048 518 2091 (merito
533 2056 647 2082 autem
664 2051 910 2093 displicebant)
927 2053 1100 2091 Bentleio,
1122 2058 1160 2084 ut
1183 2058 1291 2085 totum
1315 2054 1517 2084 versiculum
1535 2054 1592 2084 de-

131 2091 205 2122 lere
221 2102 321 2133 quam
341 2093 524 2123 emendare
539 2095 681 2126 mallet:
705 2095 803 2126 nimis
827 2096 936 2126 calide
952 2096 1016 2126 hoc
1038 2096 1185 2136 quidem.
1234 2097 1367 2127 Novum
1385 2102 1500 2127 autem
1520 2106 1593 2128 ora-

130 2134 232 2166 tionis
247 2135 438 2166 membrum
455 2136 561 2176 incipi
578 2138 690 2168 verbis
713 2139 722 2154 ‘
742 2139 817 2170 Nec
835 2138 967 2179 magis‚'
991 2140 1135 2169 maxime
1150 2139 1194 2179 τῷ
1215 2139 1224 2156 ‘
1241 2141 1421 2180 quicquam
1434 2138 1442 2151 '
1468 2140 1592 2170 iutelli-

131 2177 245 2217 gitur:
268 2178 356 2218 quod
374 2179 401 2209 si
418 2179 564 2218 abesset,
588 2187 681 2211 recte
705 2191 771 2212 uno
796 2187 914 2212 tenore
930 2181 1127 2213 dicerentur
1144 2182 1222 2213 illa:
1246 2183 1255 2198 ‘
1273 2183 1319 2213 nil
1338 2183 1473 2213 videtur
1496 2193 1593 2214 mun-

131 2219 219 2261 dius,
242 2221 317 2253 Nec
333 2222 440 2261 magis
456 2223 694 2263 compositum,
717 2233 781 2255 nec
806 2225 910 2264 magis
938 2225 1077 2265 elegans
1090 2225 1111 2255 2'
1134 2235 1223 2256 nunc
1239 2226 1368 2257 minus!
1404 2226 1593 2265 Liguri-iant

129 2263 190 2294 ΒΓ.
212 2264 300 2306 Eug.
327 2269 364 2296 et
385 2265 478 2296 Perl.
503 2265 560 2306 qui
585 2266 714 2297 omittit
729 2271 879 2298 sum—15
906 2267 1097 2307 Ingluviem]
1121 2268 1178 2299 Ita
1204 2269 1494 2310 praestantissimae
1521 2270 1592 2300 edi-

131 2305 255 2346 tiones,
283 2308 334 2339 St.
352 2306 446 2348 Aldi,
469 2308 566 2340 Junt.
587 2310 732 2351 aliaeque
755 2311 977 2349 vetustiores,
1002 2312 1103 2342 etiam
1129 2312 1200 2343 ΕΡ.
1224 2322 1301 2343 cnm
1317 2313 1398 2343 Mss.
1427 2313 1592 2352 pun-imis.

129 2348 282 2381 Fae'rnus
298 2355 413 2381 tamen
429 2355 547 2382 tuetur
561 2352 708 2384 illuviem.
754 2353 795 2383 Iu
813 2354 879 2385 Ms.
897 2354 990 2394 Lips.
1010 2359 1063 2384 est
1076 2354 1234 2386 inluviem.
1265 2356 1320 2386 Ita
1337 2360 1372 2386 et
1390 2355 1455 2386 duo
1475 2355 1593 2386 Leidd.

131 2396 168 2423 et
193 2391 260 2424 fuit
285 2393 320 2423 in
347 2393 469 2432 tertio;
497 2395 587 2425 unde
613 2401 733 2436 postea
760 2395 942 2428 formatum
969 2397 1128 2434 {glut-iem.
1174 2398 1252 2429 Duo
1279 2398 1419 2438 diserte,
1446 2398 1593 2429 illuviem.

130 2434 240 2466 West.
285 2436 433 2467 Videtur
457 2441 465 2454 ‘
483 2436 669 2476 ingluvies’
691 2439 787 2470 dicta
803 2440 910 2480 quasi,
925 2440 1123 2480 inguluvies‚
1140 2451 1157 2471 a
1176 2442 1266 2480 gula.
1313 2441 1357 2473 G.
1374 2446 1409 2472 et
1424 2442 1504 2472 EM.
1521 2441 1592 2471 illu-

129 2477 232 2509 viem:
256 2479 347 2520 quod
365 2483 479 2510 tuetur
497 2480 654 2513 Gifanius
679 2482 711 2512 in
740 2482 817 2514 Iud.
836 2484 976 2514 Lucret.
1001 2484 1051 2514 Id.
1068 2483 1101 2514 in
1118 2485 1202 2515 Add.
1248 2484 1473 2515 Paucissimos
1491 2484 1593 2514 libros

131 2520 277 2561 scriptos
303 2522 469 2563 invenias,
493 2523 526 2554 in
546 2525 667 2565 quibus
693 2535 755 2565 pro
781 2526 950 2565 ingluviem.
966 2535 1030 2557 non
1048 2528 1180 2567 legatur
1195 2527 1342 2565 illuviem,
1367 2528 1418 2558 vel
1436 2527 1594 2566 inluviem,

129 2567 169 2594 ut
191 2564 225 2595 in
245 2564 400 2596 omnibus
428 2566 597 2607 antiquis:
623 2573 657 2599 et
682 2577 764 2599 sane
789 2569 837 2599 ita
858 2570 1039 2609 legendum
1057 2579 1131 2600 esse
1148 2570 1250 2601 etiam
1268 2571 1343 2610 ipsa
1360 2571 1593 2611 oppositorum

131 2606 220 2638 ratio
237 2608 388 2649 ordoque
405 2610 567 2641 ostendit.
590 2611 650 2642 Fu.
697 2611 808 2642 Etiam
832 2621 875 2643 ex
902 2613 1028 2643 nostris
1045 2613 1198 2653 plerique
1214 2614 1380 2650 inluvivnu
1404 2619 1438 2643 et
1456 2618 1592 2643 senten—

131 2649 180 2680 tia
207 2649 242 2681 id
269 2649 414 2690 flagitat.
449 2653 548 2684 Bent.
605 2653 765 2694 Iuni-iem]
793 2655 968 2694 Ingluviem
994 2656 1123 2687 habent
1152 2656 1343 2687 deteriores
1370 2656 1462 2687 libri.
1488 2657 1530 2687 R.
1546 2657 1591 2686 D.

129 2691 232 2724 Bent.
256 2693 364 2725 edidit
379 2695 528 2736 illuviem,
550 2695 638 2727 hand
656 2703 763 2729 recle.
786 2699 863 2738 Rip.
910 2699 1056 2730 Illuviem
1071 2699 1153 2729 (lant
1169 2699 1228 2729 ΒΓ.
1246 2700 1285 2730 Ζ.
1303 2700 1493 2730 Rom—16
1518 2699 1592 2729 Sint

130 2735 409 2768 soloeBot11.—17
435 2739 662 2771 Linacereum
682 2740 758 2779 jure
774 2741 868 2780 legit.
897 2742 997 2773 West.
1042 2742 1293 2781 Praepositione
1311 2744 1320 2760 ‘
1337 2743 1398 2773 ex’
1425 2743 1471 2773 sic
1498 2751 1592 2781 saepe

131 2782 276 2810 utuntur
292 2779 426 2811 medici.
454 2781 497 2813 R.
513 2782 649 2815 D.—18
672 2784 793 2816 Mallet
808 2785 965 2824 Gnyetus
982 2785 1014 2816 in
1031 2785 1175 2818 Seholiis
1191 2786 1275 2817 Mss.
1299 2785 1536 2817 adolescentuli:
1554 2789 1592 2815 ut

218 2831 333 2873 Delph.
349 2837 379 2864 et
397 2833 472 2867 Var.
486 2835 571 2868 Clas.
809 2837 933 2870 Terent.
1427 2841 1447 2869 2
1471 2839 1504 2869 K
