1966 3302
446 261 864 293 HEAU'roNTmoR.
897 259 1005 289 ACT.
1040 258 1069 288 1.
1104 258 1170 287 sc.
1207 257 1256 285 ιι.
1502 245 1586 285 561

134 362 237 404 Fuit
254 371 430 413 semper
447 357 733 400 familiaritas.
795 353 885 395 CH.
916 351 1207 406 Voluptatem
1243 362 1447 402 magnam
1478 364 1588 390 nun-

303 427 407 468 tias.
1534 419 1590 459 lo

135 495 283 547 Quam
313 493 476 536 vellem
511 489 824 531 Menedemum
853 488 1099 536 invitatum,
1133 489 1184 528 ut
1211 486 1446 527 nobiscum
1468 492 1591 527 esset

303 562 449 611 hodie,
471 559 684 613 amplius;

136 631 199 674 Ut
216 631 328 672 hanc
348 628 553 671 laetitiam
572 639 653 667 nec
675 624 877 679 opinanti
900 622 1069 679 primus
1091 622 1132 663 ei
1154 622 1391 677 objicerem
1415 623 1534 664 domi
1552 637 1563 664 :

136 699 286 754 Atque
307 698 439 739 etiam
458 707 574 737 nunc
594 697 770 748 tempus
788 698 871 734 est.
933 691 1019 733 CL·
1051 690 1174 732 Cave
1195 691 1314 732 faxis
1333 704 1344 743 ;
1372 703 1462 733 non
1478 705 1592 746 opus

309 769 394 814 est,
414 767 561 818 pater.
1531 807 1538 819 ‹

139 834 227 876 CH.
279 829 600 885 Quapropter?
663 826 748 868 CL.
795 825 918 877 Quia
957 826 1076 867 enim
1109 827 1325 868 incertum
1360 827 1416 869 ’st
1447 828 1595 878 etiam,

309 899 414 955 quid
435 911 485 940 se
507 896 669 938 faciat:
700 893 836 936 modo
859 894 994 936 venit.

137 970 286 1013 Timet
303 967 466 1017 omnia,
483 965 622 1021 patris
642 964 754 1005 iram
775 966 819 1005 et
838 962 1032 1004 animum
1051 962 1223 1012 amicae,
1246 975 1294 1003 se
1315 975 1419 1016 erga
1433 966 1482 1004 ut
1500 963 1597 1014 siet,

313 1048 407 1077 suae
425 1048 435 1076 :
1543 1033 1600 1073 15

139 1106 250 1148 Eam
284 1104 444 1145 misere
474 1107 619 1143 amat:
649 1102 827 1154 propter
857 1111 954 1140 eam
984 1099 1082 1140 haec
1113 1099 1259 1148 turba,
1291 1105 1425 1153 atque
1457 1100 1597 1142 abitio

313 1170 476 1212 evenit.
536 1168 625 1211 CH.
657 1168 778 1210 Scio.

142 1240 227 1283 CL.
259 1238 393 1281 Nunc
417 1237 638 1279 servolum
660 1236 718 1278 ad
739 1249 837 1277 eam
858 1236 905 1276 in
926 1235 1231 1285 urbemmisit,
1250 1237 1293 1276 et
1306 1248 1388 1289 ego
1405 1241 1602 1278 nostrum

314 1319 404 1347 una
424 1305 597 1360 Syrum.

145 1376 233 1419 CH.
264 1374 387 1426 Quid
408 1374 584 1415 narrat?
646 1371 731 1414 CL.
763 1369 884 1422 Quid
904 1370 1010 1411 ille?
1040 1383 1090 1411 se
1110 1371 1317 1412 miserum
1342 1384 1453 1413 esse.
1516 1371 1604 1413 CH.

314 1441 563 1484 Miserum?
596 1454 731 1496 quem
755 1439 903 1482 minus
923 1438 1103 1480 credere
1124 1437 1210 1480 'st‘i

144 1586 222 1618 mihi
237 1597 350 1627 magna
366 1596 484 1628 semper
500 1585 569 1624 fuit
584 1595 652 1617 cum
670 1595 704 1617 eo
724 1584 865 1616 amicitia
878 1596 897 1616 α
913 1589 1020 1618 tenera
1040 1595 1134 1625 usque
1158 1588 1260 1616 (etate.
1309 1585 1380 1617 CH.
1405 1586 1514 1628 Affers
1532 1586 1609 1617 mihi

144 1629 290 1661 nuntium
310 1631 425 1661 laetum.
473 1629 577 1665 Quum
602 1630 711 1661 vellem
737 1629 965 1669 Menedemum,
986 1638 1074 1669 quem
1096 1628 1300 1659 invitm-eram
1326 1629 1429 1669 hodie,
1455 1629 1611 1660 nobiscum

145 1673 275 1712 epulari,
286 1676 404 1713 proeter
417 1672 496 1703 alios
509 1673 664 1708 convivas,
678 1675 716 1703 ut
729 1673 921 1713 insperatum
935 1672 990 1702 hoc
1003 1671 1155 1710 gaudium
1168 1672 1286 1711 primus
1298 1671 1326 1703 ei
1341 1672 1497 1713 offerrem.
1542 1673 1611 1703 Aa·

146 1716 205 1747 huc
225 1715 302 1747 satis
326 1715 539 1757 tempestivum
564 1719 610 1747 est
634 1725 702 1747 eum
722 1715 868 1746 invitare.
914 1715 978 1747 CL.
1006 1715 1035 1745 0
1053 1715 1179 1746 Pater!
1200 1715 1271 1746 ride
1294 1725 1331 1745 ne
1354 1716 1385 1746 ic}
1399 1716 1527 1754 facins:
1552 1726 1609 1746 non

145 1758 287 1790 convenit
301 1768 370 1790 eum
389 1759 440 1790 hic
458 1767 532 1789 esse.
578 1759 645 1790 CH.
673 1759 778 1794 Quare
790 1762 803 1789 .⁷
846 1758 906 1789 CL.
933 1757 1018 1794 Quia
1031 1757 1156 1788 dubium
1171 1762 1216 1788 est
1230 1758 1330 1789 adhuc
1345 1760 1419 1799 quid
1437 1760 1543 1789 Clinia
1563 1759 1611 1790 ἰπ-

146 1802 254 1833 tendat
258 1801 369 1840 facere
384 1803 422 1833 de
435 1812 480 1833 se.
524 1801 621 1832 Modo
635 1802 761 1832 advenit
769 1811 782 1838 ,·
796 1801 885 1832 timet
900 1801 1001 1832 omnia
1014 1811 1026 1838 ,⁰
1048 1801 1294 1840 indignationem
1307 1802 1407 1841 patris
1419 1813 1430 1839 ,·
1446 1806 1474 1833 et
1491 1802 1613 1832 dubitat

123 1872 131 1878 .
146 1854 203 1885 quo
229 1845 332 1876 animo
356 1845 456 1876 amica
478 1854 535 1875 sua
557 1845 600 1876 sit
621 1855 702 1875 nunc
726 1854 803 1883 erga
826 1854 868 1876 se.
917 1844 998 1874 Eam
1016 1847 1101 1874 amat
1115 1845 1319 1876 vehementer.
1365 1845 1447 1876 Haec
1461 1846 1615 1876 discordia

126 1887 229 1920 -inter
241 1897 310 1919 eum
323 1890 354 1919 et
365 1891 498 1927 patrem,
523 1891 554 1919 et
573 1888 720 1928 profectio
743 1889 778 1918 in
799 1888 911 1918 Asiam
933 1887 1065 1927 contigit
1087 1887 1155 1925 ejus
1183 1898 1288 1919 caasa.
1321 1889 1389 1920 CH.
1414 1889 1495 1919 Haec
1509 1890 1613 1919 omnia

147 1930 226 1962 mihi
240 1934 313 1962 nota
327 1933 411 1962 sunt.
457 1931 520 1963 CL.
542 1931 649 1962 Jussit
663 1940 786 1962 servum
802 1931 990 1962 Dromonem
1012 1941 1080 1961 eam
1101 1932 1263 1970 quaesz’tum
1284 1931 1343 1970 ire,
1367 1935 1398 1962 et
1419 1941 1476 1970 ego
1491 1941 1613 1962 servum

146 1976 290 2005 nostrum
313 1973 432 2015 Syrum
455 1973 550 2005 simul
572 1974 656 2005 misi.
701 1973 772 2005 CH.
799 1974 884 2010 Quid
904 1973 977 2004 novi
999 1972 1123 2012 refert?
1167 1974 1226 2005 CL.
1253 1975 1390 2014 Quaeris,
1415 1976 1488 2015 quid
1510 1973 1614 2005 dicit?

148 2015 196 2047 uit
209 2025 241 2048 se
255 2025 320 2049 esse
335 2015 579 2056 infortunatum.
625 2017 694 2049 CH.
721 2017 822 2053 Quem
842 2016 944 2048 minus
967 2018 1152 2048 credendum
1175 2021 1221 2049 est
1245 2027 1322 2058 esse,
1348 2028 1440 2058 quam
1465 2018 1516 2049 ille
1542 2016 1616 2049 est?

758 2134 775 2146 0
781 2135 999 2147 “coece-0000

151 2209 218 2241 sibi
232 2208 370 2250 sufficit,
387 2210 460 2243 sine
476 2211 534 2243 illo
550 2212 688 2252 magna)
711 2213 814 2246 Bent.
859 2214 983 2253 Magna
1006 2213 1102 2244 abest
1127 2213 1187 2245 ΒΓ.
1203 2212 1307 2244 Both.
1354 2212 1435 2252 Alii,
1459 2223 1477 2244 α
1498 2214 1616 2254 pueris,

151 2253 242 2294 quod
258 2253 384 2294 probat
400 2254 444 2286 G.
458 2255 586 2286 lit—10
605 2255 656 2285 Al.
675 2255 891 2296 Semperfuit.
924 2258 933 2274 ‘
954 2256 1020 2288 Hic
1036 2256 1189 2297 sequitur
1203 2256 1237 2286 in
1250 2261 1398 2296 utroque
1415 2255 1492 2287 cod.
1507 2257 1613 2289 Goth.

153 2305 280 2337 versus,
298 2300 307 2314 ¹
321 2296 415 2330 Quid
431 2297 571 2334 narrat,'
585 2299 649 2330 Sec.
663 2299 720 2339 qui
740 2299 838 2339 vulgo
856 2299 995 2340 ponitur
1010 2299 1043 2330 in
1061 2298 1140 2330 edd.
1157 2302 1193 2330 et
1208 2298 1310 2330 codd.
1328 2304 1406 2339 post
1423 2299 1500 2330 hinc
1517 2306 1617 2339 octo;

153 2338 297 2371 confuse
324 2344 458 2380 tamen,
482 2345 520 2372 ut
543 2340 679 2381 opinor,
704 2351 781 2372 cum
808 2342 862 2373 hic
878 2340 1171 2374 inconvenientius
1188 2342 1366 2382 abruptus,
1390 2343 1458 2373 illic
1483 2342 1616 2382 positus

154 2383 267 2423 aptius
281 2382 453 2415 videatur.
496 2384 565 2415 Sed
582 2388 619 2414 et
633 2385 743 2416 West.
759 2389 869 2424 notat,
891 2386 1088 2426 ‘integrum
1113 2386 1203 2416 hunc
1231 2395 1278 2417 vs.
1304 2386 1336 2416 in
1362 2385 1413 2417 M.
1438 2395 1511 2416 esse
1535 2391 1616 2416 ante

154 2433 204 2458 vs.
239 2428 292 2457 11.
315 2426 485 2459 locatum!
539 2427 652 2458 Etiam
679 2427 754 2459 itid.
779 2428 918 2459 invenio
945 2428 980 2459 in
1006 2438 1073 2459 uno
1100 2427 1231 2460 Guelf.'
1267 2429 1441 2459 Perl.—ll
1465 2428 1507 2458 Τὸ
1529 2428 1619 2460 hodie

154 2467 251 2508 ejicit
268 2468 359 2510 Guy.
377 2478 440 2500 nec
455 2469 612 2509 agnoscit
629 2471 762 2501 Nonius
778 2472 979 2503 Marcellus.
1023 2472 1090 2503 Seu
1109 2481 1189 2503 vero
1206 2471 1307 2508 absit,
1330 2481 1389 2502 seu
1411 2471 1514 2511 adsit,
1532 2472 1617 2502 nihil

155 2511 294 2542 decedit
319 2517 439 2543 metro.
468 2513 570 2544 West.
626 2513 706 2544 Non
730 2519 919 2554 agnoscunt
948 2515 1008 2546 ΒΓ.
1037 2515 1140 2547 Bent.
1157 2515 1259 2546 Both.
1300 2514 1393 2546 Perl.
1417 2519 1524 2554 notat,
1548 2519 1556 2531 ‘
1574 2515 1618 2546 al.

155 2554 266 2586 omitt.
281 2553 384 2595 hodie,
406 2554 698 2596 perperam.'—l2
721 2556 774 2587 Al.
788 2557 938 2597 primum,
952 2557 1125 2589 mendose.
1143 2558 1229 2589 Perl.
1275 2557 1284 2574 ‘
1301 2557 1380 2589 Om.
1398 2557 1478 2589 libb.
1497 2558 1615 2598 script.

155 2597 206 2628 ita
230 2596 370 2637 habent,
388 2608 423 2638 p.
449 2597 610 2637 objicerem
643 2599 683 2630 ei.
710 2600 742 2631 d.
766 2604 896 2640 praeter
910 2601 1007 2631 Bem.
1034 2601 1066 2630 in
1094 2610 1160 2642 quo
1187 2600 1324 2631 omniuo
1341 2609 1407 2630 non
1423 2605 1497 2632 erat
1512 2601 1618 2631 dictio

155 2639 206 2676 ei,·
229 2639 290 2672 sed
309 2640 433 2672 deinde
455 2640 679 2681 superaddita
694 2647 761 2681 est,
784 2653 860 2683 qnae
880 2649 992 2674 tamen
1011 2643 1090 2674 mihi
1106 2653 1171 2674 non
1190 2642 1326 2683 placet!
1349 2643 1412 2674 Ea.
1458 2643 1501 2674 Ei
1519 2644 1618 2674 abest

156 2682 258 2714 Both.
283 2683 449 2723 Bip.-13
472 2683 644 2715 Schmied.
673 2685 803 2716 omittit
828 2685 935 2726 etiam,
962 2686 1064 2722 male,
1081 2686 1202 2726 judice
1224 2687 1318 2717 Perl.
1365 2686 1616 2727 Reponendnm

158 2730 275 2757 monet
292 2726 393 2758 Bent.
428 2726 471 2757 A.
488 2737 516 2758 e.
532 2737 562 2758 n.
579 2727 656 2758 satis
671 2727 854 2767 tempori’st.
879 2729 918 2759 C.
935 2728 1039 2766 saxis,
1065 2739 1126 2760 non
1150 2733 1195 2760 est
1219 2739 1304 2769 ομιιε,
1323 2732 1426 2769 pater,
1473 2729 1616 2761 Bothius

159 2767 257 2808 legit,
278 2778 359 2800 nunc
371 2769 448 2800 satis
464 2771 594 2810 tempori
609 2774 666 2801 est.
707 2771 910 2809 Cavesaoeis:
934 2781 993 2802 non
1009 2782 1094 2812 opus,
1107 2776 1208 2812 pater.
1246 2774 1254 2789 ‘
1273 2773 1375 2803 Bent.
1395 2778 1524 2803 temere
1543 2783 1616 2802 cor-

159 2811 288 2851 rumpit
302 2813 380 2843 satis
394 2813 526 2852 tempori
540 2813 608 2844 est!
630 2813 796 2854 Bip.-14
823 2814 906 2844 Mss.
922 2815 1059 2855 quidam
1075 2820 1110 2847 ct
1126 2816 1295 2855 impressi,
1317 2815 1390 2855 quid
1403 2817 1440 2846 de
1455 2825 1486 2844 se
1500 2815 1614 2852 saciat.

203 2865 319 2905 Delph.
334 2869 365 2897 et
386 2866 459 2897 Vur.
474 2867 558 2899 Clas.
830 2868 953 2899 Tereum
1453 2871 1472 2898 2
1497 2868 1529 2899 N
