1966 3302
297 216 384 257 (500
800 228 837 258 P.
871 229 1113 259 ΤΕΒΕΝΉΙ
1150 231 1266 260 ΛΡΜ

298 322 455 364 Nonne
490 323 545 364 ad
569 336 715 364 senem
750 324 944 377 aliquam
980 325 1194 368 fabricam
1221 326 1344 379 fingit
1357 328 1374 366 ‘i
1436 326 1518 367 ΞΥ.
1552 326 1752 368 Stolidus

473 396 556 433 est.

296 458 386 500 CH.
416 458 478 501 At
500 465 543 500 te
565 458 762 513 adjutare
786 463 960 512 oportet
983 459 1304 502 adolescentuli
1696 460 1755 501 35

293 526 456 568 Causa.
515 527 600 567 SY.
633 526 789 566 Facile
809 525 1013 579 equidem
1033 527 1175 568 facere
1199 540 1393 580 possum,
1417 528 1454 568 si
1469 527 1630 581 jubes:

292 594 464 635 Etenim
490 607 576 647 quo
599 598 733 647 pacto
754 593 800 634 id
821 593 912 634 fieri
934 595 1089 644 soleat,
1111 596 1267 636 calleo.

296 661 385 704 CH.
416 661 562 703 Tanto
582 661 728 702 hercle
749 661 915 702 melior.
976 662 1059 703 SY.
1095 662 1196 704 Non
1218 666 1286 703 est
1306 662 1474 703 mentiri
1497 675 1654 702 meum.

296 731 384 773 CH.
417 731 510 772 Fac
542 743 657 783 ergo.
715 729 799 772 SY.
831 729 894 771 At
924 731 1030 772 heus
1061 732 1131 772 tu!
1163 732 1297 773 facito
1332 731 1434 772 dum
1466 731 1626 773 eadem
1657 731 1752 772 haee

466 810 732 847 meminens,

295 868 343 908 Si
366 866 471 921 quid
491 866 621 919 hujus
643 864 788 906 simile
808 864 918 906 forte
941 865 1182 918 aliquando
1204 866 1409 916 evenerit,
1693 866 1751 906 40

296 936 359 977 Ut
379 939 482 976 sunt
500 934 707 983 humana,
728 935 828 974 tuus
849 938 899 973 ut
922 933 1056 974 faciat
1076 933 1215 975 filius.

296 1003 384 1046 CH.
436 1002 544 1044 Non
581 1014 690 1042 usus
730 1001 895 1049 veniet,
941 1013 1085 1054 spem.
1167 1001 1248 1041 SY.
1301 1000 1439 1054 Spero
1478 1000 1622 1041 hercle
1664 1011 1748 1052 ego

468 1081 658 1123 quoque.

298 1137 458 1191 Neque
479 1150 531 1178 eo
551 1148 663 1176 nunc
683 1135 802 1185 dico,
825 1147 913 1189 quo
935 1136 1170 1189 quicquam
1190 1135 1313 1176 illum
1333 1135 1546 1176 senserim
1563 1150 1572 1177 :

297 1206 385 1247 Sed
409 1205 448 1246 si
469 1203 590 1258 quid,
610 1216 664 1244 ne
686 1203 807 1256 quid.
869 1202 985 1253 Quae
1009 1203 1070 1243 sit
1089 1202 1188 1256 ejus
1212 1207 1338 1252 aetas,
1357 1203 1499 1244 vides.

297 1274 353 1316 Et
374 1286 445 1314 nae
466 1285 548 1326 ego
569 1275 625 1321 te,
647 1271 686 1312 si
707 1284 813 1312 usus
834 1272 995 1321 veniat,
1016 1271 1263 1324 magnifice,
1288 1271 1489 1321 Chreme,
1693 1272 1754 1313 45

296 1342 510 1383 Tractare
527 1340 711 1394 possim.
771 1338 859 1380 CH.
891 1339 960 1379 De
981 1339 1112 1388 istoc,
1135 1351 1234 1379 cum
1254 1352 1364 1379 usus
1386 1340 1563 1389 venerit,

297 1409 576 1458 Videbimus,
597 1407 705 1462 quid
726 1419 838 1461 opus
861 1407 945 1448 sit:
978 1420 1094 1448 nunc
1115 1407 1232 1447 istuc
1253 1419 1348 1459 age.

298 1478 382 1519 SY.
415 1477 654 1530 Nunquam
677 1474 953 1516 commodius
974 1487 1168 1528 unquam
1190 1473 1338 1513 herum
1361 1473 1513 1513 audivi
1533 1472 1674 1526 loqui,

299 1546 413 1596 Nec,
435 1558 535 1586 cum
555 1543 671 1585 male
692 1543 896 1593 facerem,
919 1543 1141 1584 crederem
1163 1541 1270 1582 mihi
1290 1541 1516 1595 impunius

300 1686 417 1713 sumtus
432 1683 523 1723 hujus
538 1679 736 1714 meretricis?
758 1681 811 1713 An
826 1681 1021 1712 machinatur
1037 1679 1171 1720 aliquam
1177 1677 1342 1716 fallaciam
1358 1677 1390 1707 in
1407 1672 1649 1707 Blenedemum?
1689 1676 1754 1709 SY-

305 1726 371 1765 Ipse
386 1736 490 1757 servus
501 1730 547 1757 est
559 1726 712 1766 stupidus,
727 1726 841 1755 nullam
852 1724 942 1755 habet
953 1723 1110 1753 solertiam
1121 1725 1224 1761 aptam
1236 1722 1276 1751 ad
1287 1720 1435 1758 ejusmodi
1437 1720 1583 1756 fraudem
1589 1718 1754 1757 fabrican-

299 1769 380 1799 dam.
427 1769 494 1799 CH.
513 1770 577 1799 Sed
591 1772 708 1808 oportet
724 1771 754 1798 te
769 1769 798 1799 ei
814 1777 898 1808 opem
913 1766 1016 1804 ferre,
1030 1764 1232 1796 adolescentis
1251 1762 1364 1794 Cliniae
1373 1762 1493 1801 gratia.
1537 1762 1598 1793 ΞΥ.
1623 1762 1755 1792 Possum

300 1821 368 1841 eam
382 1812 415 1842 in
430 1812 486 1842 lmc
498 1812 664 1850 rejavare,
676 1812 704 1841 si
714 1812 846 1851 imperas
856 1821 866 1841 .·
882 1819 952 1840 nam
964 1809 1054 1847 longo
1066 1817 1122 1838 usu
1134 1807 1209 1843 scio,
1222 1816 1280 1846 qua
1291 1809 1358 1836 arte
1373 1805 1404 1835 id
1411 1805 1590 1842 jaciendum
1601 1805 1653 1835 sit.
1685 1805 1755 1836 CH.

301 1854 477 1885 Il‘Iehercule
501 1865 534 1885 eo
549 1856 650 1896 aptior
665 1864 698 1885 es
712 1863 826 1889 servus,
840 1852 902 1892 lqui
918 1851 1050 1882 dominis
1074 1850 1156 1881 scias
1177 1849 1303 1880 mederi.
1348 1848 1411 1879 ΞΥ.
1433 1847 1521 1878 Meus
1546 1857 1606 1878 non
1622 1850 1668 1878 est
1690 1856 1757 1877 mos
1803 1854 1805 1856 ·

301 1898 492 1928 mendacium
504 1899 654 1938 proferre.
700 1897 768 1928 Cn.
792 1897 876 1934 Ergo
892 1895 923 1925 id
939 1896 1033 1935 effice,
1049 1896 1083 1924 tu
1099 1893 1151 1933 qui
1166 1893 1267 1922 calles.
1312 1891 1375 1922 Sv.
1399 1890 1443 1921 At
1458 1891 1532 1921 heus
1547 1894 1592 1928 tu,
1613 1890 1756 1928 Chreme,

293 1939 350 1977 fac
366 1943 400 1970 ut
417 1941 591 1971 memineris
606 1941 672 1971 lioec
686 1941 803 1977 eadem,
818 1949 884 1979 quae
896 1937 1040 1978 praecz'pis
1054 1946 1101 1966 me
1116 1936 1248 1974 facere,·
1271 1934 1299 1964 si
1323 1933 1395 1975 quid
1413 1933 1575 1973 aliquando
1595 1932 1757 1970 acciderit,

301 1984 551 2023 quemadmodum
566 1993 596 2014 se
613 1983 724 2014 habent
739 1983 878 2013 hamanoe
893 1990 954 2018 res,
970 1983 1003 2009 ut
1017 1979 1109 2019 filins
1133 1982 1204 2009 tuus
1231 1977 1380 2016 Clitipho,
1405 1975 1522 2016 aliquid
1545 1976 1646 2006 simile
1663 1974 1756 2014 liujus

293 2026 376 2064 facti
400 2026 513 2057 Clinice
534 2030 621 2065 agat.
667 2026 737 2056 CH.
763 2025 836 2055 Non
860 2024 914 2054 hoc
938 2022 1067 2059 eveniet,
1083 2024 1116 2052 ut
1142 2030 1239 2060 spero.
1287 2022 1345 2050 ΞΥ.
1367 2017 1464 2057 Spero
1488 2028 1602 2058 qnoque
1623 2027 1680 2056 ego
1700 2027 1757 2058 per

302 2069 455 2100 herculem
469 2079 529 2100 non
546 2072 724 2100 eventurum
741 2079 751 2104 ;
773 2077 868 2107 neque
893 2066 1008 2096 idcirco
1032 2065 1096 2094 hoec
1122 2065 1201 2102 (lico,
1216 2063 1293 2103 quod
1308 2061 1427 2101 aliquid
1444 2062 1505 2091 talc
1517 2060 1703 2101 perceperim
1717 2060 1757 2090 de

303 2111 356 2141 illo
368 2122 379 2148 ;
395 2114 448 2143 sed
464 2112 531 2143 dico
553 2113 580 2143 si
596 2111 670 2152 qnid
685 2111 832 2149 evenerit,
846 2119 884 2140 ne
899 2109 972 2149 quid
988 2107 1063 2138 mihi
1077 2115 1262 2137 succenseas.
1310 2105 1388 2139 Quoe
1403 2104 1445 2134 sit
1461 2103 1550 2141 hujus
1568 2106 1643 2133 cetus
1657 2102 1757 2139 vides,

303 2164 394 2194 {luam
410 2155 509 2185 amori
524 2155 664 2186 obnoxia.
711 2153 855 2192 Profecto
878 2153 972 2182 etiam
996 2150 1024 2181 si
1039 2149 1072 2179 id
1087 2159 1143 2180 usu
1158 2149 1274 2185 veniat,
1290 2151 1356 2177 arte
1370 2156 1436 2177 mea
1448 2156 1572 2186 possum
1588 2146 1704 2187 efficere
1718 2153 1757 2175 ne

305 2199 397 2228 talem
412 2198 445 2229 in
461 2201 492 2228 te
508 2207 666 2228 moerorem
681 2197 841 2236 suscipias,
866 2205 923 2235 quo
939 2194 1157 2224 Ilffenedemum
1171 2191 1279 2232 confici
1295 2190 1379 2220 vides
1390 2200 1402 2226 ;
1425 2188 1470 2219 ita
1484 2188 1610 2230 pulchre
1627 2191 1657 2218 te
1673 2191 1756 2218 trac-

304 2241 387 2280 tabo,
403 2244 431 2271 el
448 2241 616 2281 splendide.
662 2240 731 2270 CH.
759 2237 1026 2270 Considerahz'mus
1049 2237 1087 2266 de
1103 2235 1163 2265 ista
1187 2244 1232 2270 re,
1249 2233 1322 2272 quid
1341 2241 1414 2271 opus
1429 2232 1486 2270 sit,
1503 2241 1571 2261 cum
1585 2230 1757 2261 acciderit.-

305 2293 385 2314 nunc
401 2283 524 2314 intende
533 2282 695 2321 fallaciam
717 2282 748 2312 in
770 2291 873 2312 senem
890 2281 1115 2310 Menedemum.
1160 2278 1222 2307 Sv.
1251 2276 1418 2314 Nunquam
1434 2274 1539 2304 audivi
1555 2274 1661 2304 herum
1676 2272 1758 2313 loqui

306 2326 516 2367 opportunius,
532 2336 620 2367 quam
637 2335 728 2365 nunc,
742 2334 795 2355 nec
810 2333 877 2354 cum
892 2323 1008 2363 aliquid
1021 2322 1096 2352 mali
1112 2320 1248 2357 molirer,
1271 2320 1424 2348 crederem
1439 2326 1486 2346 me
1501 2326 1634 2356 «inquam
1647 2315 1759 2354 mqjori

911 2393 1146 2406 eeeeeeeeeeee

307 2470 398 2506 queat
413 2467 530 2505 legunt
546 2467 771 2505 nequam—35
796 2463 879 2495 GM.
899 2461 1144 2499 adiuvare.-—43
1164 2457 1230 2488 ΜΞ.
1251 2455 1343 2495 Lips.
1367 2453 1628 2501 quodquicqnam.
1649 2452 1756 2484 West.

310 2512 318 2527 ‘
334 2509 451 2541 Nostri
476 2517 592 2538 onmes
617 2507 776 2537 mendose
800 2505 901 2545 qu‹›‹1.'
926 2506 1030 2535 Bent.
1078 2503 1168 2537 Quod
1186 2501 1242 2531 Br.
1262 2499 1389 2529 Z.-44
1415 2496 1566 2536 Nequzd.
1612 2495 1757 2543 Abest-a,

308 2552 359 2582 M.
385 2552 463 2587 Qua·
486 2552 529 2581 sie
555 2550 619 2588 ejus
638 2553 725 2586 oetas,
747 2549 843 2579 vides.
870 2549 959 2588 Guy.
986 2548 1059 2577 haec
1085 2543 1188 2574 vei-ba
1213 2548 1246 2572 et
1273 2550 1348 2580 qnae
1371 2543 1558 2580 sequuntur
1589 2538 1629 2568 ad
1644 2547 1759 2578 possim

310 2595 415 2625 delet.
443 2595 535 2624 West.
563 2593 620 2623 ΒΥ.
644 2593 716 2632 qaid
732 2592 847 2631 nequit.
888 2592 938 2621 Ne
952 2590 1025 2629 quid
1043 2592 1206 2618 mutatum
1226 2585 1257 2615 in
1273 2582 1377 2623 nequit
1396 2582 1428 2612 in
1444 2579 1558 2612 Guelf.
1577 2580 1638 2628 l.·‘
1655 2580 1758 2618 Vulg.

309 2638 414 2667 vides:
449 2637 508 2666 sed
534 2635 614 2676 quid
633 2641 711 2665 tunc
728 2633 889 2664 faciemus
907 2636 1069 2673 sequente
1089 2628 1170 2660 Et?'
1196 2626 1297 2658 Both.
1325 2625 1382 2666 qui
1409 2633 1490 2663 ergo
1515 2623 1757 2653 statinae-11⁷

313 2680 471 2711 Melioros
489 2679 593 2708 nostri
616 2678 746 2714 melius,
770 2678 847 2716 quod
863 2686 936 2715 rmus
950 2676 1002 2705 sit.
1021 2675 1123 2704 Bent.
1169 2672 1178 2688 ⁴
1193 2670 1247 2701 ΑΙ.
1264 2669 1341 2708 quod
1358 2666 1465 2715 male!
1492 2666 1665 2696 Peri—48
1692 2664 1759 2695 Un-

312 2733 410 2762 quam.
437 2722 556 2752 Boend.
573 2725 608 2751 et
623 2720 696 2751 EA.
721 2730 809 2759 quam
833 2729 923 2749 nunc.
950 2718 1054 2747 West.
1099 2718 1106 2732 ⁴
1125 2714 1225 2751 Vulg.
1250 2711 1434 2742 commodans
1450 2716 1603 2748 unquam:
1625 2706 1699 2738 cod.
1718 2706 1761 2744 C,

312 2765 471 2803 dilucide,
490 2763 669 2804 quicquam!
685 2763 875 2793 Boiu—49
900 2761 948 2792 M.
974 2764 1009 2791 et
1033 2757 1107 2790 EA.
1131 2754 1343 2794 malefecerint.
1389 2751 1490 2783 Hunc
1508 2756 1544 2782 et
1560 2753 1758 2792 sequentem
