1966 3302
329 215 414 259 850
820 228 860 256 P.
892 224 1132 257 TEREN'rn
1166 225 1284 256 Anni

331 323 540 372 Tantum,
560 334 691 375 quam
711 334 756 362 re
776 321 877 375 ipsa
897 321 1105 373 navigare
1125 318 1452 361 incommodum
1473 316 1537 360 'st.

331 390 455 431 PAR.
488 382 613 449 Itane
634 390 732 430 est'?
794 389 872 430 So.
905 389 944 429 O
967 388 1210 430 fortunate!
1242 387 1386 428 nescis
1410 386 1517 440 quid
1538 387 1642 428 mali

331 445 625 506 P1·aeteriei·is]
645 457 721 510 qui
741 469 967 510 nunquam
988 470 1036 497 es
1057 457 1276 513 ingressus
1296 468 1432 496 mare.
1753 455 1782 495 5

331 525 451 566 Nam
470 524 581 565 alias
602 528 654 582 ut
673 524 875 582 omittam
894 524 1112 573 miserias,
1133 512 1268 564 unam
1289 522 1404 564 hanc
1426 522 1551 564 vide:

331 593 441 634 Dies
461 591 655 644 triginta,
677 594 757 632 aut
775 591 878 644 plus
899 603 967 640 eo,
990 590 1035 630 in
1055 591 1159 631 navi
1179 590 1259 638 fui,

332 660 447 701 Cum
464 659 637 700 interea
658 671 831 712 semper
849 662 1036 699 mortem
1055 657 1350 712 expectabam
1371 656 1531 698 miser:

330 727 404 768 Ita
423 739 561 780 usque
583 725 778 767 advorsa
797 730 1057 781 tempestate
1077 726 1146 766 usi
1169 736 1335 766 sumus.

331 794 456 836 PAR.
489 793 731 834 Odiosum!
791 794 869 834 So.
901 782 1041 834 Haud
1061 793 1176 834 olam
1196 805 1267 833 me
1290 796 1385 833 est:
1419 791 1609 846 denique
1638 791 1784 832 hercle

503 860 743 913 aufugerim
1718 859 1775 899 10

331 928 505 978 Potius,
528 940 662 981 quam
681 926 871 976 redeam,
893 926 931 967 si
947 939 1001 967 eo
1021 925 1126 967 mihi
1145 926 1418 967 redeundum
1440 927 1538 968 siet.

332 997 457 1038 PAR.
490 996 610 1037 Olim
631 994 808 1049 quidem
829 999 874 1035 te
897 1007 1046 1035 causae
1069 994 1356 1047 impellebant
1374 995 1508 1044 leves,

331 1063 464 1116 Quod
483 1076 599 1103 nunc
619 1061 816 1103 minitare
834 1061 996 1110 facere,
1019 1064 1065 1101 ut
1084 1061 1270 1110 faceres,
1293 1062 1438 1102 Sosia.

330 1133 422 1174 Sed
442 1130 726 1185 Pamphilum
746 1130 891 1183 ipsum
912 1128 1038 1170 video
1059 1133 1176 1169 stare
1199 1133 1299 1170 ante
1322 1130 1494 1170 ostium.

330 1201 397 1242 Ite
417 1201 534 1241 intro
552 1212 562 1240 :
594 1211 675 1252 ego
696 1198 811 1238 hunc
833 1197 984 1245 adibo,
1006 1197 1044 1237 si
1068 1196 1173 1250 quid
1196 1210 1263 1237 me
1280 1197 1397 1258 velit.
1725 1196 1782 1237 15

333 1268 471 1319 Here,
485 1268 621 1309 etiam
644 1270 692 1307 tu
712 1278 829 1306 nunc
843 1265 913 1305 hic
929 1265 1055 1306 stas?
1118 1264 1245 1305 PAM.
1268 1263 1487 1318 Equidem
1507 1267 1552 1304 te
1573 1268 1782 1318 expecto.

505 1335 633 1376 PAR.
667 1333 789 1386 Quid
812 1334 915 1375 est?

333 1460 501 1500 Parmeno,
515 1461 614 1492 verbis
628 1460 782 1492 declarari
797 1471 857 1492 non
878 1463 979 1501 potest
1000 1463 1147 1500 quantum
1162 1469 1195 1490 re
1209 1458 1277 1500 ipsa
1292 1459 1371 1490 mari
1389 1459 1450 1490 iter
1469 1457 1578 1496 facere
1602 1456 1786 1488 laboriosum

332 1507 390 1535 est.
438 1504 531 1535 PAR.
555 1504 646 1536 Itane
668 1503 735 1537 est?
782 1504 840 1535 So.
866 1505 895 1533 0
912 1504 1008 1538 beate,
1025 1503 1123 1534 nescis
1149 1512 1225 1542 quas
1247 1502 1446 1544 difficultates
1472 1504 1502 1532 et
1525 1499 1667 1531 miserias
1688 1500 1785 1530 evita·

332 1546 427 1586 veris,
445 1547 497 1586 qui
513 1557 665 1586 nunquam
689 1547 721 1577 in
742 1556 827 1578 mare
842 1545 1016 1577 ascendisti.
1062 1547 1148 1577 Nam
1171 1548 1206 1576 ut
1227 1545 1305 1576 alias
1326 1545 1432 1576 sileam
1452 1543 1645 1575 calamitates
1660 1544 1690 1573 et
1705 1541 1785 1582 (1ξῇ-

331 1590 462 1620 cultates
485 1589 703 1628 navigationis,
717 1590 795 1620 hanc
816 1598 979 1628 cognosce:
1004 1590 1103 1629 spatio
1128 1587 1264 1626 triginta
1285 1588 1416 1627 dierum,
1432 1590 1487 1617 aut
1508 1587 1578 1626 plus
1593 1595 1627 1616 eo
1641 1588 1789 1624 tempore,

331 1630 366 1661 in
382 1631 453 1662 navi
474 1632 560 1669 steti,
576 1642 645 1663 cum
660 1633 745 1663 inter
767 1632 821 1662 hos
842 1632 906 1662 dies
923 1641 1040 1671 semper
1064 1634 1192 1662 mortem
1198 1630 1410 1669 formidabam
1433 1629 1555 1667 infelix,
1570 1629 1644 1659 adeo
1665 1629 1786 1658 contra-

332 1673 392 1703 riis
418 1678 449 1705 et
469 1674 617 1714 oppositis
642 1675 742 1706 ventis
758 1674 875 1713 jactati
901 1675 1043 1705 continue
1061 1673 1194 1711 fuimus.
1240 1672 1331 1704 PAR·
1356 1673 1420 1703 Res
1449 1673 1514 1703 haec
1536 1670 1726 1703 incommoda
1756 1671 1788 1700 et

332 1717 458 1747 molesta
474 1721 530 1748 esc.
575 1718 634 1748 So.
660 1719 734 1748 Non
749 1718 872 1756 ignoro,
887 1721 918 1748 et
935 1720 967 1747 ul
983 1726 1044 1746 uno
1067 1717 1157 1747 verbo
1172 1716 1283 1755 dicam,
1299 1715 1402 1755 potius
1415 1714 1555 1754 fugiam,
1570 1723 1660 1753 quam
1672 1713 1788 1743 iterum

332 1760 366 1789 in
383 1759 522 1790 Imbrum
536 1759 725 1801 proficiscar,
741 1760 768 1790 εἰ
784 1770 817 1791 eo
831 1760 908 1790 mihi
920 1759 1177 1801 proficiscendum
1198 1768 1262 1789 esse
1276 1759 1408 1789 videam.
1456 1757 1540 1788 Olim
1562 1759 1642 1788 certe
1657 1765 1697 1787 ex
1711 1755 1785 1786 levi-

332 1801 387 1832 bus
402 1803 502 1833 causis
523 1806 652 1842 paratus
678 1813 746 1834 eras
759 1802 887 1841 sugere,
903 1803 982 1842 quod
1004 1811 1084 1832 nunc
1104 1800 1349 1837 minarisfacere
1370 1800 1476 1839 magni
1490 1803 1522 1830 et
1533 1799 1643 1839 gravis
1656 1796 1788 1838 periculi

331 1845 453 1875 vitandi
475 1855 584 1876 eausa:
604 1845 673 1876 ideo
692 1846 792 1884 facile
817 1845 876 1876 tibi
901 1846 1002 1875 credo.
1047 1844 1110 1875 Sed
1134 1843 1330 1884 Pamphilum
1353 1843 1440 1873 video
1455 1843 1555 1882 ipsum
1569 1844 1701 1872 stantem
1715 1842 1787 1870 ante

325 1886 425 1924 fores.
470 1887 520 1918 Ite
535 1898 587 1918 vos
602 1888 684 1919 servi
699 1889 831 1919 domum.
875 1888 945 1926 Ego
970 1896 1041 1917 vero
1063 1887 1142 1917 hunc
1168 1886 1344 1917 conveniam
1358 1885 1491 1922 visurus,
1505 1885 1533 1915 sz'
1554 1885 1630 1924 quid
1644 1892 1690 1914 me
1713 1881 1788 1913 velit

325 1929 443 1969 facere.
491 1930 592 1970 Here,
608 1931 703 1961 etiam
725 1941 807 1961 nunc
837 1930 887 1961 hz’c
909 1929 1064 1960 moraris?
1107 1929 1205 1960 ΡΑΜ.
1229 1929 1299 1968 Ego
1315 1932 1345 1959 te
1367 1931 1505 1968 expecto.
1553 1928 1643 1958 PAR.
1671 1925 1786 1961 Quam-

945 2020 1185 2032 MWNO

333 2087 441 2118 nostri
465 2095 593 2118 omnes.
617 2087 713 2118 Bent.
729 2090 766 2117 et
783 2086 830 2118 sic
853 2085 929 2117 edd.
947 2095 1062 2117 omnes
1077 2095 1160 2127 quas
1185 2085 1405 2116 vidimus.—6
1428 2084 1569 2125 Antiqui
1595 2083 1683 2124 libri,
1698 2083 1788 2116 inter

332 2138 418 2170 quos
443 2130 688 2160 Bem.mz'ttam.
712 2129 769 2160 Fa.
814 2129 871 2160 Sic
894 2134 964 2160 tres
991 2139 1033 2159 ex
1057 2129 1181 2159 nostris
1198 2128 1429 2159 vetustissimi.
1453 2127 1549 2158 Bent.
1567 2131 1602 2158 et
1625 2127 1673 2158 sic
1697 2131 1787 2158 teste

333 2173 441 2204 West.
469 2173 553 2203 Mss.
578 2177 613 2203 et
637 2172 722 2203 editi
747 2171 883 2212 quidam
905 2175 984 2212 post
998 2171 1073 2202 EP.
1102 2172 1150 2202 ita
1167 2179 1304 2211 quoque
1327 2170 1405 2211 Bip.
1425 2170 1526 2201 Both.
1549 2170 1672 2200 Br.—7
1696 2169 1789 2201 citat

333 2215 503 2246 Priscian.
520 2224 585 2246 vu.
607 2224 668 2255 per
694 2213 858 2255 ἁμάρτημα
872 2212 1057 2253 μνημονικὸν
1083 2223 1126 2244 ex
1154 2213 1285 2244 Heaut.
1308 2214 1373 2244 dies
1395 2213 1529 2251 triginta
1544 2216 1600 2243 aut
1622 2213 1694 2252 plus
1717 2222 1785 2251 ego.

332 2258 506 2288 West.—8
532 2259 610 2288 Cum
625 2258 747 2288 interea
770 2258 894 2288 desunt
918 2258 951 2288 in
977 2255 1091 2288 Guelf.
1106 2259 1223 2287 2.—11
1247 2255 1332 2286 Vice
1348 2255 1408 2286 siet
1429 2257 1438 2272 ‘
1454 2256 1535 2286 Mss.
1550 2254 1687 2295 quidam
1709 2264 1787 2285 cnm

333 2299 436 2330 editis
464 2300 620 2337 vetustis,
638 2299 747 2332 Anon.
770 2300 927 2339 Venetis,
954 2300 1062 2339 Lugd.
1087 2298 1231 2338 Argent.
1257 2298 1454 2334 Juntarum‚
1480 2296 1571 2334 Aldi‚
1594 2296 1786 2336 Palmam,

334 2342 419 2377 aliis,
448 2343 556 2373 sciam.
579 2352 679 2383 qnam
705 2342 885 2373 lectionem
910 2341 1028 2373 laudat
1056 2341 1183 2380 Georg.
1210 2340 1400 2371 Fabricius.
1431 2340 1530 2371 West.
1554 2338 1658 2370 Sciam
1683 2339 1787 2370 Bent-

332 2385 436 2416 Both.
465 2386 523 2415 ΒΓ.
550 2385 642 2416 Peri.
684 2383 724 2421 A,
751 2385 793 2421 B,
819 2385 858 2424 C,
888 2385 967 2415 Hel.
994 2385 1053 2414 siet
1077 2384 1240 2423 Bip.—l5
1265 2382 1414 2413 Omnino
1439 2383 1631 2422 adloquitur
1657 2381 1787 2413 Sosiam

334 2437 410 2458 cum
440 2427 553 2468 pueris
580 2428 732 2468 reliquis.
778 2427 867 2458 Vide
889 2435 992 2466 supra
1018 2435 1073 2456 ιιι.
1091 2428 1189 2457 2.24.
1213 2430 1249 2456 et
1265 2434 1320 2456 111.
1338 2427 1369 2456 3.
1384 2427 1437 2456 49.
1482 2424 1582 2456 Unde
1608 2424 1694 2455 adeo
1719 2434 1787 2455 non

334 2479 419 2509 opus
436 2480 511 2501 cum
528 2470 664 2510 Guyeto
680 2470 806 2509 legere,
821 2470 840 2500 Ι
855 2473 888 2501 tu
903 2470 997 2500 intro.
1014 2469 1079 2508 vel,
1095 2468 1184 2509 quod
1202 2468 1234 2498 in
1258 2467 1378 2507 glossis
1401 2468 1484 2497 Mss.
1503 2467 1610 2504 addit,
1627 2466 1677 2497 Ito
1691 2466 1787 2498 intro.

334 2513 442 2543 West.
467 2513 565 2543 Adibo
589 2513 668 2543 scire
695 2511 811 2544 Guelf.
827 2515 946 2543 3.—-16
963 2512 1072 2542 Etiam
1092 2521 1174 2542 nunc
1197 2514 1232 2541 tn
1256 2510 1305 2540 his
1324 2513 1387 2541 stas
1411 2510 1495 2540 Mss.
1521 2518 1636 2540 omnes
1664 2510 1786 2540 nostri.

334 2554 433 2586 Boecl.
459 2555 601 2585 Plurimi
620 2555 777 2594 Codices,
795 2555 903 2585 Etiam
922 2564 1002 2585 nunc
1018 2557 1053 2584 tu
1075 2553 1125 2583 hic
1146 2556 1237 2584 stas?
1273 2553 1470 2591 Interrogat
1494 2557 1606 2582 autem
1624 2560 1700 2582 cum
1727 2551 1786 2582 ad-

334 2597 521 2627 miratione.
567 2598 622 2628 Sic
655 2599 739 2628 Eun.
770 2606 809 2628 11.
828 2601 860 2628 2.
886 2600 938 2628 55.
978 2595 1076 2628 Unde
1093 2596 1188 2627 Nune
1214 2605 1234 2625 a
1260 2595 1398 2635 Guyeto
1429 2595 1460 2624 in
1489 2594 1622 2624 scholiis
1649 2594 1787 2625 ineditis

334 2639 420 2669 male
438 2640 605 2679 glossema
624 2645 776 2670 vocatur.
806 2641 901 2670 West.
937 2639 972 2669 Si
991 2639 1065 2679 quis
1083 2647 1286 2669 conservare
1301 2637 1380 2668 velit
1397 2637 1482 2667 hanc
1499 2636 1695 2675 lectionem,
1710 2646 1786 2677 quae

335 2687 388 2712 est
404 2682 521 2712 eadem
540 2682 612 2712 libri
630 2683 727 2712 Bem.
745 2686 777 2712 et
801 2683 983 2713 multorum
1001 2681 1155 2719 aliorum,
1170 2689 1311 2710 necesse
1334 2686 1401 2716 est,
1413 2684 1449 2710 ut
1464 2682 1641 2710 contracta
1657 2688 1718 2718 per
1732 2688 1785 2719 sy—

334 2724 462 2754 nizesin
480 2734 563 2755 voce
580 2725 674 2754 etiam
690 2725 722 2754 in
739 2724 821 2754 duas
838 2724 997 2765 syllabas,
1014 2724 1140 2764 primus
1158 2733 1217 2763 pes
1233 2723 1277 2753 sit
1293 2727 1507 2762 anapaestus;
1533 2730 1594 2760 pro
1609 2731 1689 2752 nunc
1707 2731 1786 2751 vero

335 2776 407 2797 num
430 2767 585 2807 legatur:
611 2771 648 2797 ut
675 2767 720 2797 sit
746 2767 827 2798 ordo
853 2769 1032 2807 etiamnum,
1046 2771 1080 2797 et
1103 2765 1177 2796 fieri
1203 2764 1310 2805 possit
1336 2763 1548 2804 elisio‚quod
1575 2773 1667 2805 saepe
1695 2762 1786 2804 apud
