1966 3302
578 222 792 253 HECYRAE
825 223 1010 253 Ac'r.11.
1042 223 1110 254 so.
1142 224 1217 253 111.
1533 215 1618 258 829

159 316 296 358 Aliud
318 317 502 358 fortasse
523 317 622 358 aliis
645 317 741 357 vitii
764 321 834 358 est
852 331 862 359 :
894 331 977 371 ego
997 331 1094 359 sum
1116 320 1264 360 animo
1285 318 1374 360 leni
1395 325 1550 362 natus:

161 385 268 426 Non
302 399 487 439 possum
521 385 746 427 advorsari
765 387 889 428 meis.
961 386 1049 427 LA.
1082 386 1218 437 Hem,
1255 387 1477 430 Sostrata!
1537 389 1615 431 So.

334 453 441 493 Heu
460 465 528 493 me
549 453 755 493 miseram
775 454 784 494 !
1684 506 1686 509 f

160 520 247 562 LA.
270 519 504 562 Certumne
525 524 592 561 est
612 520 758 581 istug'l
810 519 961 562 Pffln.
987 519 1115 563 Nunc
1135 522 1330 576 quidem,
1350 526 1399 564 ut
1418 523 1616 566 videtur:
1676 523 1684 557 ἶ

331 587 411 629 sed
431 587 644 642 numquid
666 587 770 628 vis‘l
1558 593 1616 633 30

159 654 278 696 Nam
298 661 382 705 est,
406 656 522 710 quod
542 669 611 697 me
646 656 831 697 transire
861 656 919 697 ad
948 656 1091 698 sorum
1117 657 1213 711 jam
1243 664 1463 712 oporteat.
1522 660 1615 702 LA.

331 723 399 765 Eo
419 727 566 765 tecum
586 736 690 765 una.
1390 727 1395 733 '

155 842 319 884 Pamphili
337 853 527 884 permanere.
570 843 655 875 Aliis
669 844 842 875 hominibus
855 845 941 875 aliud
957 845 1068 876 vitium
1083 855 1101 875 a
1116 848 1230 875 natura
1244 845 1373 876 insitum
1388 849 1452 878 est.-
1476 858 1532 888 ego
1547 859 1614 880 sum

153 886 225 916 miti
235 887 337 917 animo
352 897 371 917 α
386 890 498 918 natura
509 887 682 927 praeditus;
697 898 757 918 non
769 897 890 928 possum
901 897 1073 928 repugnare
1089 889 1239 919 voluntati
1252 899 1397 920 meorum.
1434 891 1498 922 LA.
1514 892 1611 925 Hem,

153 927 309 967 Sostrata,
336 932 372 960 tu
391 931 467 960 mali
489 929 572 960 tanti
594 940 685 961 causa
712 940 753 962 es,
796 930 856 962 So.
882 931 970 961 Eheu
994 941 1042 962 me
1069 931 1223 969 infelicem
1234 931 1250 963 !
1294 932 1357 963 LA.
1383 933 1552 965 Certumne
1568 940 1613 966 est

151 971 250 1011 istud,
264 973 481 1005 Philumenam
496 982 555 1003 non
567 974 607 1003 ad
621 983 676 1004 nos
690 974 862 1004 redituram
877 983 954 1013 esse,
966 975 1039 1005 dum
1056 974 1240 1014 Pamphilus
1254 974 1377 1006 aberit?
1423 976 1495 1008 ΡΗ.
1520 978 1614 1009 Nunc

151 1024 238 1053 saue,
261 1019 410 1055 quantum
424 1025 546 1055 possum
569 1017 768 1056 prospicere‚·
790 1017 841 1047 sed
867 1017 1017 1057 numquid
1042 1015 1114 1049 vis?
1136 1027 1207 1047 nam
1228 1018 1345 1059 aliquid
1359 1028 1461 1051 causoe
1476 1023 1537 1061 est,
1559 1032 1613 1053 cur

152 1067 200 1089 me
213 1059 368 1096 adfurum
383 1058 445 1090 cito
459 1059 507 1090 ire
521 1063 672 1100 oporteat.
718 1060 783 1090 LA.
807 1059 888 1090 Illuc
902 1069 997 1100 usque
1012 1063 1043 1091 te
1054 1059 1238 1091 comitabor.

988 1160 1007 1171 ο

153 1225 240 1256 Mss.
256 1223 393 1266 quidam
410 1229 446 1257 et
462 1225 547 1257 editi
563 1229 643 1267 post
667 1226 741 1258 ΕΡ.
763 1227 831 1258 alii.
854 1228 964 1259 West.
1007 1227 1146 1268 Septem
1172 1237 1215 1258 ex
1240 1228 1365 1260 nostris
1389 1230 1457 1261 alii.
1493 1232 1618 1266 Recte.

152 1268 200 1300 Et
227 1268 412 1299 Lachetem
437 1269 549 1310 ipsum
573 1269 749 1310 intelligit.
793 1271 849 1301 Sic
874 1270 976 1301 etiam
1006 1271 1099 1302 Don.
1125 1271 1228 1310 legit3
1253 1272 1413 1304 ‘Mollius
1438 1273 1527 1307 dixit
1548 1278 1615 1317 alii,

149 1320 252 1353 quam
267 1311 294 1342 si
311 1311 370 1342 tihi
385 1311 555 1343 dixisset!
586 1312 700 1344 Hodie
717 1313 751 1343 in
769 1313 909 1345 Donato
924 1313 1010 1344 Aliis
1025 1319 1075 1345 est
1094 1314 1224 1345 editum
1240 1325 1249 1346 :
1274 1316 1334 1346 sed
1351 1325 1402 1347 res
1419 1317 1492 1357 ipsa
1508 1319 1614 1350 refra-

151 1360 264 1395 gatur.
290 1354 387 1386 Bant.
415 1356 568 1396 sequitur
591 1355 783 1387 Rom—30
817 1357 871 1388 Ila
894 1357 1018 1388 videtur
1043 1367 1061 1389 e
1085 1356 1202 1388 Guelf.
1230 1360 1260 1389 1.
1285 1358 1388 1390 Both.
1421 1361 1542 1400 quidem
1567 1368 1613 1393 est

152 1396 270 1429 Guelf.
290 1400 319 1429 1.
339 1398 349 1414 ‘
364 1398 411 1428 vis
426 1399 511 1430 aliud
527 1407 643 1429 omnes
659 1399 757 1430 Mss!
779 1400 964 1431 Boecl.——3l
986 1402 1116 1441 Oportet
1132 1400 1174 1431 G.
1192 1400 1270 1442 Bip.
1288 1401 1328 1433 Z.
1344 1402 1405 1433 ΒΓ.
1428 1403 1524 1436 Perl.
1560 1406 1613 1437 Ex

150 1440 249 1471 Bem.
266 1440 356 1481 lego,
372 1441 458 1471 Nam
471 1445 517 1472 est
533 1443 612 1482 quod
623 1452 670 1473 me
686 1443 821 1474 transire
836 1445 876 1474 ad
883 1442 992 1481 sorum
999 1444 1069 1481 jam
1084 1447 1235 1484 oporteat.
1280 1445 1343 1476 LA.
1360 1446 1407 1476 Eo
1422 1449 1523 1478 tecum
1538 1458 1611 1481 una.

147 1482 206 1514 Ita
233 1482 334 1514 etiam
361 1484 533 1515 collocant
554 1485 612 1515 alii
638 1495 754 1516 omnes
783 1486 874 1523 libri,
896 1491 931 1517 et
958 1487 1103 1517 maxime
1128 1486 1275 1528 antiqui,
1296 1488 1330 1518 in
1358 1489 1480 1529 quibus
1499 1495 1612 1523 tamen

149 1526 316 1566 scriptum
332 1531 397 1562 est,
412 1531 531 1567 oportet
544 1538 555 1559 .-
576 1537 694 1559 versus
710 1533 763 1560 est
779 1529 933 1570 ejusdem
950 1530 1045 1570 cujus
1063 1539 1166 1570 supra
1180 1530 1326 1570 generis,
1342 1535 1378 1562 et
1393 1531 1468 1571 ipse
1484 1533 1612 1566 habens

149 1569 303 1600 lambam
319 1569 352 1599 in
369 1576 512 1610 quarta3
538 1571 571 1600 in
593 1581 659 1612 quo
677 1576 790 1603 tamen
810 1582 909 1604 versu
934 1573 1075 1604 verbum
1096 1583 1129 1604 eo
1153 1573 1186 1603 in
1215 1583 1315 1604 unam
1340 1575 1503 1615 syllabam
1531 1587 1614 1609 con-

151 1611 352 1643 trahendum
368 1616 431 1645 est.
455 1613 518 1645 Fa.
563 1613 688 1645 Cetera
704 1620 810 1655 recte,
836 1621 872 1647 et
897 1616 1022 1647 nostris
1045 1616 1352 1648 consentientibus.
1397 1618 1467 1649 Sed
1492 1625 1613 1660 oportet

150 1655 313 1686 universi.
359 1656 466 1688 Recte
481 1667 488 1687 :
514 1656 649 1689 volente
663 1658 736 1698 ipso
751 1668 863 1690 versu.
900 1660 947 1690 Ut
962 1661 971 1676 ‘
987 1660 1050 1690 Est
1065 1660 1122 1700 qui
1138 1659 1248 1698 dicit:
1266 1665 1302 1691 et
1315 1661 1325 1678 ‘
1340 1661 1402 1692 Est
1419 1662 1475 1702 qui
1494 1663 1610 1703 dicat‚'

151 1707 248 1739 aeque
276 1699 364 1729 bene
393 1699 533 1735 dixeris,
556 1700 605 1731 ita
627 1701 636 1717 ‘
657 1701 719 1732 Est
740 1702 832 1742 quod
860 1702 1022 1742 oportet’
1047 1708 1117 1734 tam
1147 1707 1255 1744 recte,
1278 1714 1378 1746 quam
1402 1709 1411 1722 ‘
1426 1706 1490 1737 Est
1520 1708 1610 1749 quod

148 1741 336 1782 oporteat.'
359 1741 458 1774 Bent.
508 1743 579 1775 Una
592 1743 692 1776 deest
707 1744 742 1775 in
755 1745 815 1776 Br.

535 1996 740 2039 ACTUS
775 1997 839 2039 II.
891 1997 1099 2040 SCENA
1131 1999 1224 2042 111.

739 2110 1016 2142 SOSTRATA.

146 2175 371 2219 AEDEPOL
392 2190 462 2220 nae
484 2191 565 2220 nos
586 2191 738 2220 sumus
757 2179 962 2222 mulieres
983 2181 1136 2235 inique
1159 2195 1289 2237 aeque
1315 2196 1473 2225 omnes
1494 2183 1606 2226 invi-

319 2259 384 2288 sae
402 2246 524 2297 viris,

187 2356 331 2397 AEdepol,
351 2360 436 2389 certe
448 2367 504 2389 nos
517 2367 621 2389 omnes
633 2358 778 2390 mulieres
798 2367 903 2390 sumus
922 2358 1046 2400 pariter
1060 2359 1175 2392 odiosa>
1188 2360 1278 2402 viris,
1297 2364 1426 2403 propter
1444 2364 1607 2404 pauculas,

757 2454 996 2466 eeeeeeeeeee

189 2520 206 2548 1
227 2517 379 2550 Mulieres
394 2517 546 2550 delemus
561 2528 604 2550 ex
621 2520 825 2552 auctoritate
841 2521 940 2553 Bem.
956 2531 1057 2562 qnam
1073 2521 1257 2553 dictionem
1275 2522 1398 2563 alioqui
1415 2531 1479 2554 nec
1495 2524 1607 2555 oratio

144 2562 302 2600 exposcit
316 2572 324 2592 ε
363 2562 479 2603 utique
511 2561 601 2593 enim
631 2563 911 2604 subintelligitur,
943 2574 1006 2595 nec
1037 2565 1125 2595 ratio
1155 2565 1318 2596 trochaici
1345 2565 1508 2598 admittit.
1544 2568 1606 2599 Fa.

145 2603 256 2635 Recte
272 2604 326 2635 hic
342 2603 439 2635 Bem.
484 2605 530 2635 Et
556 2615 735 2645 perperam
759 2607 869 2638 altera
894 2608 1136 2638 Correctorum
1161 2607 1283 2648 factio,
1310 2610 1367 2649 qui
1393 2609 1539 2641 mulieres
1553 2620 1606 2641 re-

145 2645 314 2687 tinebant,
335 2647 440 2687 iniq1oe
455 2648 684 2679 extrudebant
698 2659 707 2687 ;
733 2653 770 2680 ut
784 2650 893 2680 nostri
909 2649 981 2681 fere
999 2659 1129 2681 omnes.
1174 2651 1277 2691 AEque
1291 2651 1407 2691 inique,
1423 2658 1460 2683 ut
1476 2652 1606 2685 Heaut.

146 2697 199 2719 lv.
215 2691 247 2719 3.
263 2692 295 2720 7.
320 2689 331 2706 ‘
343 2690 451 2731 AEque
468 2690 668 2722 commode?
690 2692 786 2723 Bent.
802 2692 958 2734 sequitur
971 2693 1050 2733 Bip.
1067 2693 1172 2724 Both.
1188 2693 1282 2725 Perl.
1329 2695 1441 2735 Inique
1458 2694 1553 2727 deest
1569 2697 1604 2726 in

147 2731 265 2762 Leidd.
288 2737 448 2773 quatuor,
473 2733 573 2765 Bodl.
588 2733 648 2765 Tr.
676 2735 745 2765 Ms.
771 2735 865 2776 Lips.
894 2735 979 2767 GM.
1006 2735 1123 2767 Guelf.
1141 2739 1171 2767 1.
1198 2737 1257 2768 ΒΓ.
1285 2741 1322 2769 et
1342 2737 1497 2769 omnibus
1513 2739 1603 2778 apud

145 2773 252 2807 Boecl.
267 2784 398 2808 necnon
415 2777 489 2808 ΕΡ.
507 2781 542 2809 at
558 2776 676 2809 ‘Junt.
692 2778 834 2811 mulieres
846 2789 953 2810 sumus
966 2789 975 2810 :
990 2779 1160 2811 editiones
1176 2778 1312 2813 Aldinae
1328 2781 1436 2821 varie,
1453 2782 1511 2813 illa
1528 2782 1603 2813 EV.
