1966 3302
249 236 335 278 750
750 243 790 274 P.
825 241 1066 272 TERENTH
1102 240 1218 272 Arm

252 341 398 385 Hem!
431 340 537 395 quid
571 340 686 381 istuc
720 340 923 389 obsecro,
955 337 1151 392 inquam,
1187 335 1286 377 est?
1325 333 1507 375 valeas:
1538 332 1708 375 habeas

424 409 562 457 illam,
584 420 683 459 quae
705 406 866 459 placet.

252 477 382 519 Sensi
402 473 589 527 illico-id
610 473 713 514 illas
736 471 983 526 suspicari:
1016 470 1092 511 sed
1109 482 1179 510 me
1200 459 1457 529 rengeli-endi
1479 473 1642 518 tamen,

253 544 326 585 Ne
347 542 453 597 quid
475 542 531 582 de
552 540 684 581 fratre
706 539 887 591 garrulae
910 539 974 579 illi
996 538 1202 586 dicerem,
1233 550 1286 578 ac
1306 537 1434 577 fieret
1453 537 1614 590 palam.

253 611 388 654 Nune
411 609 519 663 quid
540 607 736 649 faciam?
769 607 914 648 dicam
934 606 1081 648 fratris
1115 618 1214 646 esse
1247 605 1397 646 hanc?
1437 604 1557 659 quod
1587 602 1711 644 mini-

422 690 492 718 me
512 675 568 717 ’st
588 688 703 728 opus
1036 710 1048 743 a·
1655 672 1711 712 15

250 747 455 802 Usquam
495 743 648 784 efferri.
707 741 818 796 Age,
855 741 1005 784 mitto:
1033 739 1140 780 ‘fieri
1172 739 1292 793 potis
1329 744 1415 791 est,
1445 743 1493 781 ut
1531 752 1585 780 ne
1621 753 1710 793 qua

423 815 573 853 exeat.

252 883 407 937 Ipsum
427 879 473 920 id
494 883 657 927 metuo,
678 880 729 934 ug
750 875 958 928 credant3
989 877 1054 916 tot
1075 878 1345 916 concurrunt
1366 874 1638 917 verisimilia.

247 1011 321 1038 est?
344 1008 529 1047 quapropter·
544 1005 608 1036 hoec
622 1004 713 1042 diciS,
733 1000 916 1034 Canthara?
958 1000 1098 1038 Facesse,
1106 1000 1216 1038 fruere
1230 999 1285 1030 illa
1291 999 1439 1041 fidicina,
1465 1010 1525 1041 qua
1539 1000 1711 1031 delectaris.

251 1049 471 1081 Animadverti
487 1050 596 1079 statim
611 1047 681 1077 illas
694 1046 847 1086 suspicari
863 1054 910 1075 me
925 1043 1002 1074 llam:
1009 1043 1174 1084 fidicinam
1190 1052 1292 1073 amare
1304 1053 1316 1080 ,·
1338 1044 1391 1073 secl
1402 1046 1504 1074 tamen
1520 1053 1567 1073 me
1583 1042 1711 1078 retinui,

250 1092 374 1123 cohibui
395 1102 432 1123 ne
455 1091 529 1131 quid
545 1090 773 1121 inconsiderate
799 1090 836 1119 de
855 1087 963 1125 fratre
978 1087 1026 1117 illi
1040 1088 1114 1117 anui
1129 1085 1245 1126 loquaci
1262 1084 1419 1124 ufer-rem,
1434 1096 1471 1117 ac
1484 1085 1649 1123 manifesta
1663 1094 1713 1115 res

241 1136 351 1177 fieret.
399 1135 492 1165 Nunc
514 1134 587 1174 quid
608 1133 698 1163 debeo
721 1129 854 1170 facere?
878 1131 1017 1161 dicamne
1039 1129 1117 1160 hauc
1144 1128 1307 1169 psaltriam
1320 1128 1441 1166 fratris
1470 1129 1599 1159 amicum
1623 1130 1712 1158 esse?

251 1180 331 1217 quod
347 1178 431 1208 nullo
457 1178 544 1207 modo
569 1179 686 1216 oportet
713 1173 911 1215 palamfieri.
958 1172 1040 1210 Age,
1056 1172 1163 1202 omitto
1178 1172 1254 1201 illud
1268 1182 1279 1208 ‚·
1300 1171 1378 1212 fieri
1394 1171 1475 1202 enim
1487 1174 1589 1211 potest
1609 1174 1641 1201 ut
1659 1170 1712 1200 hoc

251 1231 312 1252 non
325 1221 504 1260 divulgetur
513 1230 526 1257 ,·
552 1228 657 1250 vereor
672 1222 787 1259 autem,
802 1220 834 1247 ut
851 1217 978 1247 credant
993 1214 1246 1257 lzancfidz'cinam
1262 1224 1309 1245 me
1322 1214 1400 1245 mihi
1413 1224 1474 1245 non
1489 1214 1650 1256 rapuisse;
1666 1216 1712 1244 tot

861 1312 918 1324 ‘ee
923 1311 1096 1326 ‘ow

250 1386 366 1419 dedisti
381 1384 471 1417 verba
487 1384 584 1416 nobis.
614 1383 655 1414 In
673 1383 773 1414 Bodl.
791 1387 858 1421 est,
875 1382 963 1414 Satis
978 1382 1033 1413 clia
1047 1382 1160 1414 dedisti
1176 1381 1268 1413 verba
1283 1381 1374 1412 notis.
1397 1380 1427 1412 1.
1443 1389 1472 1411 e.
1488 1379 1710 1411 noscentibus

253 1436 299 1461 te.
346 1430 485 1463 Verum,
507 1428 567 1458 nisi
584 1437 643 1457 seu
659 1426 758 1464 nobis,
781 1436 841 1457 seu
856 1427 938 1457 nolis
955 1426 1105 1464 tollatur,
1131 1435 1245 1456 versus
1269 1434 1386 1464 parum
1402 1423 1582 1454 constabit.
1610 1423 1711 1454 IVest.

250 1471 380 1511 Adhuc]
404 1472 444 1502 In
463 1470 570 1501 Libris
585 1470 782 1511 quibusdam
798 1474 849 1500 est
865 1469 990 1500 adhoc:
1007 1479 1038 1510 q.
1054 1468 1087 1500 d.
1100 1467 1191 1508 μέχρι
1205 1466 1329 1498 τούτου.
1348 1467 1400 1498 Id.
1446 1466 1536 1497 Satis
1551 1466 1605 1496 din
1621 1465 1712 1496 verba

251 1515 366 1547 dedisti
382 1514 489 1545 nobis:
511 1514 591 1544 satis
613 1513 712 1543 adhuc
738 1515 792 1543 tua
810 1512 973 1549 frustrata
998 1515 1043 1542 est
1058 1511 1159 1552 fides]
1183 1511 1227 1542 O.
1246 1512 1266 1542 Ι.
1283 1520 1308 1541 5.
1326 1511 1377 1540 ita
1392 1509 1575 1547 collocant,
1597 1508 1713 1539 dedisti

251 1559 355 1598 verba,
378 1566 563 1596 omnesque
589 1561 666 1595 post
690 1559 743 1586 tua
768 1555 896 1585 habent
913 1554 1095 1587 dictionem
1111 1564 1178 1593 nos,
1192 1553 1344 1594 itemque
1360 1553 1532 1584 Donatus.
1579 1551 1713 1582 Dictio-

253 1611 331 1633 nem
348 1610 428 1632 vero
441 1599 539 1638 nobis,
564 1607 626 1629 nec
644 1599 798 1629 Donatus
814 1597 928 1636 habet,
951 1607 1014 1628 nec
1031 1597 1115 1628 liber
1133 1597 1340 1627 Bembinusz
1366 1600 1415 1635 et,
1430 1605 1492 1636 pro
1508 1593 1588 1625 satis
1602 1594 1713 1633 adhuc,

250 1651 400 1685 uterque
417 1644 519 1674 habet
534 1646 581 1672 sat
599 1641 708 1672 adhuc.
752 1641 876 1681 Itaque
894 1650 1023 1678 versus,
1047 1640 1146 1671 aliter
1168 1639 1363 1680 impeditus,
1385 1637 1557 1669 Iambicus
1573 1643 1711 1668 octona-

251 1688 322 1718 rius
339 1692 392 1717 est
407 1690 444 1717 ut
458 1685 578 1724 ceteri,
590 1684 720 1715 duabus
738 1684 853 1723 primis
866 1683 1067 1714 dictionibus
1085 1686 1297 1722 anapaestum
1312 1682 1345 1712 in
1362 1681 1468 1721 prima
1486 1679 1567 1711 sede
1585 1677 1712 1710 facien-

252 1731 359 1769 tibus,
378 1730 442 1759 hoc
470 1727 581 1768 modo,
602 1726 690 1757 Satis
714 1727 769 1757 diu
792 1726 906 1757 dedisti
931 1726 1033 1765 verba,
1054 1730 1104 1756 sot
1128 1725 1226 1756 adhuc
1247 1728 1302 1756 tua
1316 1733 1372 1755 nos
1386 1724 1550 1762 frustrata
1564 1725 1608 1753 est
1615 1722 1711 1764 fides.

251 1774 313 1805 Fa.
360 1772 469 1803 Recte
486 1771 562 1801 hoc.
595 1770 715 1801 Nostri
731 1779 847 1800 omnes
864 1768 1040 1807 mendose,
1055 1768 1147 1799 rerba
1159 1768 1265 1799 nobis.-
1288 1767 1377 1798 satis.
1401 1767 1505 1797 Bent.
1550 1764 1608 1796 ΑΙ.
1625 1764 1713 1795 nobis

252 1820 332 1857 post
346 1815 449 1852 verba,
464 1813 555 1854 quod
573 1822 639 1843 non
657 1816 709 1843 est
725 1813 757 1843 in
776 1813 870 1843 Bem.
890 1812 949 1842 sed
967 1821 987 1842 a
1003 1812 1125 1851 glossa.
1154 1811 1228 1850 Rip.
1273 1808 1388 1848 Verba]
1406 1809 1492 1840 GM.
1506 1807 1581 1839 GC.
1599 1806 1714 1838 Guelf.

249 1862 287 1890 3.
302 1857 397 1900 [En]
419 1857 517 1888 nobis.
563 1856 651 1886 Satis
665 1857 704 1886 ad
719 1855 783 1885 hoec
800 1854 912 1886 Guelf.
929 1857 961 1885 2.
987 1854 1075 1886 Per-l.
1110 1853 1197 1884 Satis
1213 1854 1359 1884 Bru—12
1384 1852 1467 1882 Hem
1483 1850 1593 1891 rejicit
1609 1850 1711 1881 Both.

252 1903 288 1933 in
314 1910 448 1933 versum
475 1898 706 1940 praeced.—l3
731 1898 870 1937 Duplex
897 1897 1072 1928 Librorum
1099 1896 1214 1927 lectio.
1259 1895 1301 1926 In
1318 1894 1446 1925 duobus
1464 1893 1581 1925 Leidd.
1597 1892 1658 1923 Tr.
1675 1898 1712 1924 et

251 1945 414 1985 Lipsiano
431 1947 483 1973 est
497 1942 688 1982 reprehendi.
732 1940 829 1971 Idem
857 1949 875 1970 e
900 1940 1031 1971 duobus
1057 1940 1142 1970 Mss.
1166 1939 1250 1969 citat
1274 1937 1463 1969 Boeclerus.
1489 1936 1548 1966 .In
1567 1934 1664 1966 Leid.
1680 1937 1712 1967 3.

253 1988 357 2019 dubia
373 1990 426 2018 est
442 1986 557 2022 lectio,
581 1984 669 2014 unde
688 1987 801 2014 tamen
818 1983 912 2023 prius
935 1983 1116 2023 reprehendi
1137 1980 1313 2020 conficias,
1337 1989 1438 2021 quam
1464 1978 1608 2019 repressi,
1632 1986 1712 2018 quo-

251 2030 355 2062 modo
372 2029 474 2060 estin
492 2028 622 2058 duobus
639 2027 725 2065 aliis,
749 2026 807 2057 sed
825 2031 860 2056 et
878 2026 929 2056 M.
954 2031 989 2055 et
1005 2025 1125 2056 ssoend.
1142 2030 1178 2055 et
1202 2024 1272 2055 ET.
1291 2022 1447 2064 quodque
1465 2030 1483 2052 e
1500 2021 1609 2052 tribus
1624 2020 1712 2052 Pau.

251 2073 371 2105 laudat
388 2072 531 2103 Pan-eus.
574 2071 719 2101 Secutus
747 2079 818 2100 sum
845 2069 896 2099 St.
926 2068 998 2099 EV.
1025 2071 1056 2099 3.
1081 2068 1228 2099 Davent.
1255 2067 1347 2097 Pict.
1372 2075 1414 2095 ex
1431 2064 1630 2095 recensione
1647 2062 1712 2094 Ph.

252 2114 542 2152 Melanchthonis,
572 2112 911 2153 Heffleffiergensem,
939 2111 1186 2150 Basileensem,
1214 2109 1310 2141 alias.
1347 2109 1443 2140 West.
1501 2104 1711 2147 Reprehendi]

252 2160 338 2190 Tres
355 2169 397 2189 ex
414 2157 538 2188 nostris
555 2165 631 2186 cum
650 2155 736 2185 Edd.
755 2159 838 2186 vett.
854 2153 1021 2194 reppresst.
1067 2153 1179 2184 Etiam
1195 2152 1315 2193 probe.
1342 2152 1436 2183 Bent.
1473 2149 1556 2181 Vet.
1573 2149 1650 2180 cod.
1664 2159 1712 2180 me

249 2202 347 2243 pallio
360 2199 554 2241 reprehendi.
572 2198 671 2230 Lind.
695 2198 758 2236 Ad,
775 2207 841 2227 non
854 2197 888 2227 id
903 2195 1020 2228 Guelf.
1038 2198 1070 2227 2.
1105 2195 1253 2236 Repressz‘
1269 2194 1380 2226 exhib.
1398 2193 1483 2224 GM.
1500 2191 1711 2232 suprascrip-

255 2251 348 2275 tum:
373 2249 407 2275 et
422 2244 454 2273 id
473 2242 530 2272 dat
545 2239 662 2273 Guelf.
683 2243 712 2271 1.
753 2240 862 2271 Abest
879 2243 980 2270 tamen
997 2249 1017 2270 a
1032 2238 1148 2270 Guelf.
1165 2241 1195 2269 3.
1213 2238 1298 2269 Perl.
1336 2235 1547 2276 Reprehendi]
1570 2234 1628 2266 Sic
1644 2243 1712 2266 me.-

253 2288 357 2318 liores
374 2286 494 2326 scripti
512 2289 548 2316 et
567 2283 645 2315 edd.
671 2284 826 2323 interque
853 2283 912 2313 hos
940 2281 1069 2313 Erasmi
1097 2282 1268 2322 princeps,
1296 2280 1354 2311 Fa.
1376 2279 1474 2310 Lind.
1499 2278 1587 2309 Dae.
1605 2277 1711 2308 West.

253 2331 356 2362 Bent.
380 2329 435 2360 ΑΙ.
452 2338 530 2359 vero
547 2326 669 2366 scripti
685 2331 721 2357 et
737 2326 834 2364 editi,
856 2326 1014 2364 interque
1038 2324 1099 2355 hos
1128 2323 1213 2364 Arg.
1240 2333 1270 2354 c.
1296 2322 1377 2362 figg.
1402 2321 1535 2352 Genev.
1559 2321 1592 2350 in
1609 2320 1713 2359 Corp.

255 2373 355 2405 Poet.
375 2374 467 2403 1611.
491 2370 650 2400 Heinsius
665 2369 817 2409 reppressi
834 2378 860 2399 S.
877 2368 1019 2408 repressi,
1034 2367 1108 2397 ead.
1125 2366 1310 2397 sententia.
1327 2364 1400 2404 Rip.
1425 2362 1571 2403 Repressi
1584 2361 1710 2402 Delph.

252 2419 339 2447 -14
360 2416 404 2446 Ut
420 2423 480 2455 pro
495 2413 731 2443 acBoth.—15
756 2411 900 2442 Codices
915 2410 1071 2451 quidam:
1093 2409 1242 2440 dicamne.
1286 2409 1344 2446 Et,
1360 2407 1393 2437 id
1408 2408 1498 2446 quod.
1524 2405 1633 2436 West.
1673 2404 1712 2436 ld

255 2460 335 2499 quod
351 2456 468 2489 Guelf.
483 2459 513 2486 2.
531 2455 617 2486 Perl.
651 2455 803 2486 Dicamne
821 2455 898 2494 Bip.
914 2453 1041 2493 Delph.
1057 2452 1124 2482 Dat
1142 2452 1181 2482 Z.
1196 2451 1296 2482 dicam
1305 2449 1425 2488 fratris
1439 2446 1526 2480 esse?
1541 2448 1575 2479 id
1590 2447 1712 2488 quidem

255 2512 297 2533 m.
319 2502 458 2541 &ce-16
482 2499 537 2529 Ita
565 2498 718 2538 plerique
746 2497 852 2528 Libri.
899 2496 1058 2533 Quidam,
1074 2494 1158 2534 Age,
1182 2495 1302 2524 omitto.
1350 2492 1434 2523 Mihi
1457 2495 1615 2522 neutrum
1631 2490 1712 2520 satis

255 2545 384 2584 placet.
429 2541 581 2579 Mallem,
606 2541 633 2570 si
661 2549 722 2579 per
739 2540 882 2570 Codices
898 2539 1032 2576 liceret,
1046 2537 1128 2577 Age,
1152 2537 1259 2567 mutio.
1283 2535 1391 2566 West·
1435 2534 1507 2573 Age
1529 2531 1634 2572 mitto]
1657 2533 1712 2563 Vi.

256 2587 378 2617 amitto.
422 2585 518 2615 Bem.
543 2594 579 2614 ac
604 2583 706 2620 mitto,
731 2588 768 2612 ut
795 2587 830 2613 et
857 2583 888 2611 iu
917 2580 1143 2612 Phormione:
1178 2581 1187 2596 ‘
1207 2579 1258 2610 Ac
1283 2578 1384 2609 mitto
1410 2574 1613 2618 imperium!
1656 2574 1715 2605 Fa.

258 2629 380 2660 Nostri
396 2626 545 2658 universi
561 2625 643 2664 Age.
666 2625 768 2655 Bent.
818 2624 939 2655 Omitte
954 2622 1069 2655 Guenf.
1087 2625 1120 2654 2.
1156 2621 1226 2662 Age
1242 2621 1350 2652 omitto
1367 2620 1449 2651 GM.
1472 2619 1560 2650 Perl.
1597 2618 1712 2656 Vulgo

256 2671 329 2709 Age
343 2681 384 2701 m.
403 2669 491 2710 quod
509 2669 540 2698 in
558 2668 607 2697 llis
625 2667 823 2706 ambagibus
841 2667 993 2707 ineptum
1010 2665 1178 2696 videatur.
1223 2664 1291 2695 Sed
1308 2664 1404 2694 Bem.
1422 2663 1468 2693 Ac
1483 2662 1588 2700 mitto,
1605 2665 1641 2691 et
1655 2660 1708 2690 Vi.

255 2714 366 2754 efferri
388 2712 520 2743 amitto:
545 2710 632 2740 unde
652 2715 800 2740 nostrum
815 2710 890 2740 Jam
905 2710 995 2739 mitto
1025 2708 1158 2739 facilius
1183 2707 1328 2738 elicitur.
1351 2705 1428 2745 Bip.
1473 2704 1522 2735 Ac
1543 2704 1645 2734 Bent.
1669 2702 1711 2733 Ζ.

258 2757 361 2787 Both.
401 2756 455 2786 Uti
474 2764 534 2794 pro
551 2757 584 2784 ut
601 2753 814 2792 Deum—17
841 2753 915 2783 Non
934 2751 1028 2792 cepit
1046 2751 1109 2780 vim
1126 2755 1162 2782 et
1178 2749 1381 2789 elegantiam
1397 2748 1516 2778 horum
1531 2745 1710 2777 verborum

257 2799 428 2840 Guyetus,
449 2801 582 2828 mutans
608 2796 654 2836 in,
679 2796 730 2826 De
745 2805 792 2826 ‘me
805 2795 838 2826 id
854 2798 965 2835 metuo,
979 2797 1014 2825 ut
1028 2794 1165 2826 credant.
1189 2793 1296 2824 West.
1342 2791 1447 2831 Ipsum
1470 2788 1520 2829 id]
1549 2788 1709 2821 Malimus
