1966 3302
306 223 392 264 944
801 232 841 261 r.
875 229 1116 260 TERENTH
1152 228 1269 260 Arm

308 328 445 369 PHAE.
480 325 626 367 Valet:
658 323 730 365 hic
750 326 849 364 est:
882 323 960 364 sed
981 322 1109 364 satin'
1131 322 1282 363 omnia
1301 335 1359 363 ex
1382 320 1632 363 sententia?
1702 320 1761 362 26

309 396 402 437 DE.
433 393 604 434 Vellem
644 391 839 445 quidem.
901 390 1036 432 PHAE.
1069 388 1192 441 Quid
1228 389 1377 430 istuc?
1440 389 1529 430 DE.
1561 387 1760 442 Rogitas,

481 459 720 501 Phaedria?

309 529 474 577 Bonas,
492 539 559 567 me
581 526 781 574 absente,
800 525 872 566 hic
894 524 1151 566 confecistis
1170 524 1375 577 nuptias!

310 595 445 636 PHAE.
478 593 587 642 Eho,
622 606 677 633 an
709 593 755 633 id
790 605 1029 633 succenses
1060 604 1176 633 nunc
1203 591 1303 633 illi?
1364 589 1454 631 GE.
1486 589 1524 630 Ο
1548 588 1762 631 artificem
1825 619 1830 621 -

481 659 694 713 probum!

311 729 402 770 ΒΕ.
433 727 584 780 Egone
604 726 669 767 illi
689 738 770 767 non
793 724 1117 767 succenseam?
1149 724 1297 777 ipsum
1319 723 1460 776 gestio
1705 722 1763 764 30

312 795 422 838 Dari
443 795 549 836 mihi
569 795 616 835 in
636 798 943 847 conspectum,
973 805 1087 833 nunc
1108 804 1188 833 sua
1210 791 1338 844 culpa
1358 794 1407 832 ut
1426 792 1538 834 sciat

311 863 479 904 Lenem
501 865 669 915 patrem
689 860 813 901 illum
837 860 1007 901 sactum
1027 872 1098 899 me
1120 871 1218 899 esse
1239 857 1510 899 acerrimum.

312 930 446 971 PHAE.
478 928 618 981 Atqui
639 927 747 968 nihil
767 927 887 977 fecit,
909 929 1077 980 patrue,
1097 925 1216 979 quod
1237 937 1516 966 succenseas.

312 996 403 1038 DE.
435 995 551 1036 Ecce
573 996 719 1035 autem
741 993 903 1035 similia
924 992 1073 1034 omnia
1091 1004 1102 1044 ;
1134 1004 1287 1033 omnes
1307 994 1575 1045 congruunt;

309 1149 423 1189 sponde
437 1147 514 1178 mihi
531 1147 612 1187 quod
625 1156 741 1186 quoero.
786 1145 860 1177 Pu.
885 1144 975 1176 Bene
996 1145 1098 1176 calet:
1121 1142 1172 1174 hic
1193 1146 1253 1175 est.
1297 1142 1360 1174 Sed
1378 1143 1496 1175 satisne
1517 1142 1629 1178 omnia,
1648 1144 1684 1174 ut
1705 1141 1767 1182 vis,

311 1192 371 1223 tibi
386 1193 574 1221 evenerunt?
617 1189 686 1219 De.
715 1189 831 1220 Vellem
852 1191 945 1219 certe.
991 1187 1062 1218 Pu.
1087 1186 1172 1221 Quid
1198 1185 1273 1217 mali
1292 1186 1424 1225 contigit
1437 1190 1450 1217 ,⁹
1492 1186 1566 1217 ΒΕ.
1590 1185 1767 1224 Quoerisne,

313 1230 489 1265 Phaedrz'a?
509 1231 654 1270 egregias
666 1240 737 1262 vero
752 1231 802 1261 hic
816 1230 943 1270 nuptias
961 1228 1183 1260 celebravislz's.
1228 1229 1300 1260 ΡΗ.
1325 1228 1407 1268 Eho,
1423 1238 1463 1259 on
1479 1238 1514 1260 ea
1529 1229 1567 1259 de
1580 1237 1671 1259 causa
1685 1237 1767 1259 nunc

310 1277 414 1307 iratus
423 1285 455 1306 es
469 1275 540 1305 illi?
563 1273 629 1305 GE.
648 1274 677 1303 0
689 1274 831 1304 solertem
845 1270 1022 1313 artificem!
1045 1273 1114 1302 DE.
1132 1271 1241 1310 Egone
1252 1271 1301 1302 illi
1315 1280 1376 1301 non
1389 1271 1447 1301 sim
1462 1271 1582 1302 iratus?
1601 1270 1702 1310 ipsum
1715 1278 1766 1299 ve-

313 1320 468 1350 hementer
483 1316 570 1356 cupio
585 1316 655 1346 sisti
670 1325 772 1346 coram
788 1325 845 1350 me,
860 1318 895 1346 ut
914 1317 1076 1354 cognoscat
1090 1323 1136 1344 me
1151 1313 1225 1353 ipsi,
1239 1323 1279 1344 ex
1293 1313 1346 1343 illo
1361 1316 1453 1344 antea
1476 1314 1623 1344 clemente
1645 1315 1676 1342 et
1697 1311 1770 1342 mici

310 1364 414 1401 patre,
427 1362 578 1390 mutatum
593 1368 656 1390 esse
670 1368 750 1389 nunc
772 1367 826 1388 suo
842 1358 952 1388 merito
965 1357 999 1387 in
1013 1356 1226 1396 asperrimum.
1273 1356 1343 1386 ΡΗ.
1371 1355 1578 1386 Veruntamen
1591 1353 1771 1392 nihilfecit,

313 1404 392 1443 quod
407 1403 447 1434 ad
461 1402 541 1433 iram
555 1405 586 1433 te
603 1410 770 1442 provocare
792 1399 911 1432 debeat.
956 1399 1026 1432 DE.
1049 1399 1130 1430 Ecce
1143 1407 1235 1439 quam
1249 1397 1366 1429 similes
1379 1407 1481 1429 omnes
1495 1397 1684 1429 unanimiter
1698 1405 1768 1427 con·

927 1503 1164 1517 eeeeeeeeeeee

315 1582 405 1612 hunc
418 1582 527 1613 locum
543 1586 594 1614 est
607 1582 777 1624 Guyetus,
794 1581 911 1614 delens
927 1582 964 1613 τὸ
980 1583 1064 1615 Hoc.
1107 1581 1231 1623 Neque
1248 1579 1436 1613 audiendus
1450 1580 1619 1617 Donatus,
1634 1576 1707 1609 Hoc
1720 1575 1770 1608 in-

316 1628 413 1656 certa
428 1624 651 1656 distinctione
668 1626 882 1666 pronuntiari
900 1626 1038 1664 dicens3
1056 1625 1151 1666 quasi
1168 1633 1233 1655 non
1252 1622 1393 1658 referat,
1412 1623 1562 1663 legasne,
1581 1620 1682 1651 Credo
1696 1619 1769 1650 hoc.-

315 1668 462 1706 responde
477 1668 578 1704 mihi;
603 1677 657 1706 an,
676 1669 797 1699 Credo.-
821 1668 875 1699 hoc
889 1669 1036 1708 responde
1049 1667 1137 1698 milii.
1173 1666 1218 1698 G.
1243 1667 1408 1707 Responde
1422 1666 1477 1696 hoc
1492 1664 1579 1695 mihi.
1601 1662 1656 1694 Id.
1673 1662 1771 1693 Bem.

317 1709 443 1740 Salvom
457 1710 572 1741 venire.
596 1711 656 1741 Fa.
703 1710 821 1741 Nostri
837 1720 953 1742 omnes
972 1711 1136 1746 adcenire;
1159 1708 1233 1748 sed,
1250 1719 1311 1750 pro
1325 1708 1381 1739 hoc
1399 1708 1547 1748 responde
1562 1704 1650 1744 mihi,
1665 1703 1773 1736 nostri

317 1752 472 1792 plerique
496 1754 641 1792 responde
663 1753 719 1783 hoc
738 1753 826 1784 milti.
870 1754 994 1792 Recte,
1015 1758 1052 1784 ut
1068 1752 1124 1782 hoc
1150 1756 1304 1782 acuatur.
1349 1750 1528 1781 Donatus:
1553 1749 1563 1766 ‘
1581 1747 1697 1779 Salve:
1718 1746 1774 1777 sed

317 1793 369 1824 ubi
393 1797 439 1825 est
467 1795 628 1834 Antipho?
662 1796 756 1826 Bene
783 1796 952 1835 expressit
983 1799 1152 1835 promtum
1178 1793 1325 1824 animum
1353 1793 1395 1824 ad
1422 1790 1636 1832 litigandum,
1657 1789 1773 1828 raptim

316 1835 433 1867 addita
449 1837 570 1875 salute,
585 1843 620 1868 et
642 1839 784 1877 protinus
799 1838 1003 1878 adjurgium
1028 1836 1292 1877 praevertendo.'
1336 1835 1402 1866 Ubi
1420 1839 1534 1865 tamen
1551 1832 1653 1872 vulgo
1669 1831 1772 1862 liabe-

318 1882 375 1909 tur
387 1879 507 1918 parlim
519 1885 553 1910 et
568 1879 683 1919 polius.
730 1880 761 1912 Ο
781 1880 901 1910 bonum
925 1880 1126 1919 scriptorem
1146 1888 1164 1909 a
1180 1879 1278 1910 malis
1302 1877 1466 1908 Librariis
1487 1874 1674 1906 foedissime
1698 1882 1773 1913 pas-

317 1921 379 1951 sim
397 1923 595 1961 acceptum!
622 1923 719 1953 Benl.
765 1922 849 1953 GM.
867 1922 955 1953 Solo.
981 1926 1010 1953 te
1025 1924 1096 1952 adv.
1111 1922 1243 1960 gaudeo.
1288 1919 1356 1950 Sed
1379 1919 1425 1951 id.
1446 1919 1565 1957 gaudeo
1587 1917 1620 1947 in
1635 1916 1696 1946 ΒΓ.
1713 1924 1774 1954 pro

319 1963 429 2002 glossa
445 1968 553 1995 extat.
600 1964 642 1995 Te
656 1965 776 1996 evenire
793 1964 912 1996 Guelf.
929 1968 959 1996 2.
987 1965 1071 1995 Perl.
1115 1963 1201 1994 Salv.
1227 1967 1256 1994 te
1271 1961 1417 1993 advenire
1432 1966 1467 1992 et
1481 1959 1628 2000 responde
1641 1958 1696 1989 hoc
1713 1958 1774 1988 ΒΓ.

323 2005 436 2036 Venire
459 2007 535 2046 Bip.
568 2007 754 2038 notu—27
778 2008 876 2038 Bona
901 2007 1061 2037 librorum
1090 2015 1167 2045 pars
1197 2005 1237 2040 Q.
1263 2005 1287 2036 i.
1313 2002 1384 2035 est?
1407 2004 1517 2034 West.
1564 2001 1648 2037 Quid
1677 1999 1773 2039 istuc]

319 2046 419 2078 Adde
435 2049 575 2079 verbum
602 2052 647 2079 est
663 2059 705 2080 ex
723 2058 754 2079 0.
771 2050 792 2080 l.
809 2059 834 2080 s.
853 2054 888 2080 et
913 2050 1069 2086 Donat03
1094 2053 1128 2078 et
1150 2048 1182 2078 in
1211 2045 1423 2078 dimetiendo
1439 2054 1537 2076 versu
1552 2045 1573 2075 d
1589 2042 1691 2074 elide.
1717 2043 1775 2072 Fa.

319 2090 441 2121 Nostri
457 2094 501 2121 est
526 2091 665 2122 addunt.
691 2092 787 2123 Bent.
835 2092 874 2127 Q.
889 2092 911 2122 i.
928 2095 972 2122 est
990 2092 1029 2122 R.
1047 2095 1083 2122 et
1100 2094 1183 2121 vett.
1208 2089 1308 2121 codd.
1331 2089 1426 2120 Lind.
1474 2088 1534 2118 Es't
1558 2085 1656 2117 addit
1672 2085 1776 2116 Bent.

320 2132 472 2173 Equidem
490 2134 547 2164 dat
564 2143 625 2172 pro
642 2133 764 2173 quidem
779 2134 960 2165 Perl.——28
984 2134 1102 2171 Bonas,
1114 2142 1161 2163 me
1176 2131 1299 2163 absente
1310 2132 1393 2170 hinc,
1409 2129 1586 2168 confecistis
1600 2127 1649 2167 n.]
1671 2127 1774 2166 Vulg.

319 2174 381 2214 hic,
397 2176 506 2206 minus
522 2186 563 2206 ex
582 2186 643 2206 usu
660 2176 790 2207 Nostri.
814 2176 999 2207 Both.-29
1023 2177 1074 2206 An
1087 2179 1122 2205 tu
1138 2175 1171 2206 id
1188 2173 1324 2215 quidam
1343 2173 1441 2204 codd.
1462 2173 1557 2202 West.
1583 2171 1775 2201 Pronomen

322 2220 357 2250 tu
375 2228 435 2249 nec
463 2218 565 2248 habet
592 2219 688 2249 Rem.
715 2228 777 2249 nec
794 2219 967 2256 Donatus;
991 2228 1054 2248 nec
1071 2218 1178 2258 exigit
1196 2226 1325 2247 versus-
1352 2216 1410 2247 Fa.
1457 2215 1568 2245 Deest
1590 2216 1624 2243 iu
1650 2212 1683 2242 in
1711 2220 1778 2242 uno

320 2272 363 2293 ox
381 2260 509 2299 Regiis.
533 2261 627 2292 Bent.
676 2261 722 2291 Tu
741 2271 806 2291 non
836 2262 919 2292 satis
935 2261 1093 2291 blandum
1120 2262 1151 2290 h.
1170 2260 1191 2289 Ι.
1209 2259 1266 2290 sit.
1290 2258 1367 2298 Rip.
1412 2256 1481 2288 Eho
1504 2266 1545 2287 an
1560 2258 1596 2286 lu
1610 2255 1643 2285 id
1656 2263 1777 2285 suscen-

318 2315 367 2336 ses
391 2303 440 2333 illi
460 2303 519 2334 ΒΓ.
547 2304 576 2333 O
598 2303 726 2334 omittit
753 2304 961 2343 Delpli.——30
985 2302 1025 2333 In
1049 2303 1121 2333 aliis
1150 2301 1245 2332 libris
1274 2306 1338 2336 est,
1364 2299 1411 2330 illi
1429 2300 1646 2330 succenseam?
1667 2296 1776 2327 West.

321 2348 430 2385 Egone
446 2345 508 2384 illi]
531 2345 570 2376 Iu
587 2346 707 2376 eodem
725 2346 812 2377 libro
829 2351 865 2377 et
878 2347 959 2376 Bas.
975 2351 1039 2382 est,
1058 2346 1172 2383 Egon,·
1195 2343 1283 2385 quod
1301 2342 1395 2383 parvi
1412 2340 1530 2372 refert.
1555 2340 1614 2371 Fa.
1658 2338 1777 2370 Nostri

322 2391 442 2427 Egone.
479 2388 581 2419 Bent.
630 2389 719 2426 Egon
736 2389 795 2419 Br.
820 2389 921 2420 Bent.
939 2393 972 2418 et
989 2396 1200 2421 suscenseam,·
1224 2396 1289 2424 quo
1317 2384 1415 2416 modo
1432 2384 1587 2414 scribunt
1603 2390 1701 2412 versu
1722 2382 1776 2411 29.

322 2437 357 2462 et
375 2429 553 2461 infra—31
582 2429 652 2468 Me]
676 2429 784 2461 Abest
801 2431 871 2461 lraec
888 2440 951 2461 vox
970 2441 988 2461 a
1005 2429 1205 2470 quibusdam
1225 2429 1306 2459 Mss.
1323 2432 1358 2458 et
1374 2426 1476 2457 editis
1492 2428 1570 2465 post
1582 2424 1654 2455 ΕΡ.
1682 2423 1780 2453 Wesl.

323 2473 472 2504 Verbum
489 2473 559 2503 dari
575 2482 616 2502 ex
630 2473 725 2504 Beni.
743 2477 776 2504 et
793 2473 963 2514 aliquibus
981 2472 1147 2503 aliislibb.
1165 2480 1229 2501 non
1247 2471 1322 2501 huic
1339 2468 1464 2506 versui,
1480 2468 1543 2508 [sc.
1562 2476 1610 2497 vs.
1622 2465 1693 2504 31.]
1717 2464 1777 2495 sed

323 2515 539 2554 subsequenti
557 2515 778 2554 applicamus.
805 2515 863 2546 Fa.
909 2514 1114 2546 Conciuuius
1131 2514 1222 2551 legas
1244 2523 1323 2543 nunc
1338 2522 1395 2543 sua
1410 2514 1443 2540 ut
1459 2511 1548 2549 culpa
1561 2508 1650 2540 sciat.
1675 2507 1779 2538 Bent-

324 2559 410 2588 Dari
427 2558 458 2587 in
473 2557 590 2597 consp]
614 2558 726 2596 Vulgo
743 2559 773 2587 li.
790 2558 812 2588 l.
829 2557 990 2588 inseritur
1013 2557 1109 2587 mihi.-
1134 2565 1199 2595 quo
1216 2560 1359 2585 metrum
1376 2551 1592 2584 interficitur.
1636 2550 1681 2580 Et
1701 2549 1776 2589 quis

324 2601 470 2638 glossam
497 2599 691 2629 desideret?
714 2600 789 2639 Bip.
836 2600 876 2630 Id
902 2599 994 2630 delet
1020 2603 1054 2629 et
1070 2598 1258 2628 Boiu—32
1283 2596 1392 2627 Abest
1406 2605 1453 2625 me
1469 2604 1487 2624 a
1503 2590 1665 2626 Guelf.3.
1689 2591 1777 2622 Per-l.

325 2641 393 2680 Illi]
417 2641 517 2679 Vulg.
534 2642 634 2679 illum,
649 2641 842 2679 κακοφώνως.
866 2642 962 2672 Both.
1008 2641 1064 2671 Me
1078 2640 1205 2671 omittit
1225 2643 1260 2670 et
1278 2640 1423 2670 Br.-33
1450 2636 1534 2672 Quid
1549 2635 1602 2666 ille
1615 2633 1708 2672 fecit,
1721 2643 1778 2674 pa·-

325 2683 408 2722 true]
431 2684 529 2722 Vulg.
554 2684 651 2722 Atqui
667 2684 821 2721 nz'lseclt:
845 2683 904 2714 sed
928 2684 986 2720 nil,
1003 2684 1028 2713 si
1055 2683 1234 2721 genuinum
1259 2686 1362 2719 esset,
1381 2679 1487 2711 totius
1507 2675 1687 2708 sententiae
1705 2685 1780 2715 gra—

327 2726 461 2757 vissima
488 2735 552 2755 vox
578 2730 613 2755 ut
640 2726 671 2755 in
697 2726 781 2756 thesi
805 2727 944 2764 lateret,
961 2730 995 2757 et
1020 2725 1201 2756 leviculum
1229 2723 1326 2762 Atqui
1351 2727 1387 2752 ut
1414 2720 1587 2762 praecipuo
1615 2717 1781 2759 gauderet

326 2768 491 2800 accentu?
505 2768 688 2799 Βοιὼ-34
709 2768 835 2806 Omnia,
851 2777 917 2800 non
929 2777 1044 2807 omnes,
1058 2767 1175 2799 Guelf.
1191 2769 1222 2798 3.
1240 2766 1325 2798 Perl.
1354 2766 1409 2796 Ec.
1433 2763 1534 2794 omnia
1547 2765 1650 2794 autem
1664 2760 1780 2792 similia
