1966 3302
332 230 416 273 992
821 242 861 271 P.
895 241 1135 271 TERENTH
1173 242 1289 273 ΛΜΗ

333 336 423 378 GE.
457 335 610 387 Quid?
642 335 850 387 nimium3
884 340 1096 389 quantum
1128 335 1270 378 libuit.
1333 335 1422 378 (tn,
1456 337 1555 379 Dic.
1617 337 1706 379 GE.
1737 338 1786 379 Si

506 404 604 457 quis
626 402 749 444 daret

332 472 571 514 Talentum
592 484 816 524 magnum.
876 470 949 512 CH
960 482 1034 512 RE.
1058 471 1198 512 Immo
1218 472 1397 523 malum,
1417 473 1589 514 hercle:
1611 452 1660 515 ut
1679 471 1790 514 nihil

661 538 670 567 i

337 598 429 639 GE.
462 538 719 647 Qliiggegixi
740 594 851 636 adeo
873 594 934 636 ei:
967 608 1138 649 quaeso,
1161 595 1265 649 quid
1287 596 1325 637 si
1344 595 1484 637 filiam
1734 597 1791 638 40

334 666 472 706 Suam
492 663 671 705 unicam
692 663 889 705 locaret?
923 663 1051 717 parvi
1074 664 1222 705 retulit

336 733 440 776 Non
462 731 713 785 suscepisse
731 744 741 772 ε
773 731 952 772 inventa
973 737 1058 781 est,
1082 744 1182 785 quae
1205 731 1354 772 dotem
1376 734 1513 785 petat.

334 799 408 842 Ad
429 812 580 853 pauca
598 802 646 839 ut
664 797 855 845 redeam,
876 812 929 840 ac
949 799 1122 839 mittam
1142 798 1263 840 illius
1282 799 1493 853 ineptias,

336 868 454 910 Haec
473 866 666 920 denique
687 865 784 919 ejus
805 856 902 907 suit
911 871 1137 919 postrema
1159 867 1327 908 oratio:

335 936 448 990 Ego,
467 934 622 988 inquit,
635 932 730 987 jam
753 946 780 974 a
801 933 1019 988 principio
1042 933 1175 974 amici
1196 933 1347 982 filiam,
1735 935 1793 975 45

336 1004 410 1047 Ita
429 1006 476 1044 ut
497 1012 673 1054 aequom
691 1000 847 1051 fuerat,
867 1000 991 1042 volui
1009 1013 1196 1042 uxorem
1217 1001 1400 1044 ducere:

337 1072 458 1114 Nam
477 1069 584 1112 mihi
605 1069 806 1111 veniebat
824 1069 868 1110 in
888 1072 1076 1110 mentem
1095 1068 1192 1123 ejus
1211 1070 1553 1121 incommodum,

337 1183 466 1215 nimium
478 1196 488 1215 .-
511 1188 659 1226 quantum
674 1194 714 1217 ex
728 1185 857 1217 libidine
871 1195 928 1216 sua
943 1183 1051 1215 voluit.
1097 1183 1168 1215 Cri.
1193 1183 1269 1215 Dic.
1315 1184 1380 1216 GE.
1431 1184 1529 1216 Velim
1543 1181 1680 1225 (aiebat)
1695 1182 1793 1214 talen-

336 1231 403 1259 tum
419 1238 564 1267 magnum
579 1229 657 1259 mihi
672 1230 773 1260 detur.
820 1229 888 1259 CH.
914 1228 999 1264 Quin
1012 1226 1118 1268 potius
1137 1237 1285 1266 magnum
1300 1229 1414 1258 malum
1428 1228 1518 1258 detur
1532 1227 1574 1258 ei.
1619 1226 1723 1262 Quam
1734 1225 1793 1256 im-

333 1272 452 1311 pudens
477 1272 564 1302 homo
588 1271 666 1303 z'lle!
711 1271 778 1303 GE,
803 1272 883 1302 Hoec
906 1280 1021 1311 quoque
1043 1270 1072 1300 ei
1089 1270 1232 1310 respondi
1245 1280 1257 1307 ;
1279 1279 1366 1309 rogo,
1391 1271 1420 1301 si
1441 1270 1565 1302 unicam
1585 1277 1674 1300 suam
1686 1268 1795 1310 filium

335 1313 431 1344 alicui
447 1315 480 1344 in
496 1314 727 1346 matrimonium
740 1316 911 1354 collocaret,
925 1324 966 1344 an
980 1314 1049 1353 plus
1063 1312 1092 1343 ei
1116 1314 1217 1351 daret,
1233 1323 1323 1353 quam
1336 1313 1441 1353 petis?
1462 1322 1522 1344 non
1545 1311 1638 1344 multi
1648 1311 1794 1349 interfuit

337 1366 406 1394 sua,
421 1358 537 1388 nullam
549 1358 706 1397 genuisse,
722 1361 756 1388 ut
774 1357 859 1388 video
873 1368 884 1393 ;
906 1357 1058 1397 siquidem
1072 1356 1198 1386 inventa
1211 1365 1293 1386 nunc
1307 1359 1355 1387 est
1374 1356 1477 1396 aliqua
1490 1354 1564 1397 ipsi,
1577 1365 1644 1396 quoe
1657 1364 1744 1395 <eque
1759 1364 1796 1385 ac

335 1400 462 1439 propria
476 1410 534 1431 non
550 1400 699 1432 minorem
713 1402 815 1431 dotem
827 1403 926 1440 petat.
976 1400 1019 1430 Ut
1034 1400 1074 1429 ad
1085 1408 1185 1438 pauca
1200 1399 1292 1430 verba
1306 1400 1471 1439 redigatur
1496 1398 1597 1429 oratio
1611 1408 1691 1435 mea,
1705 1400 1736 1428 et
1751 1397 1794 1427 si-

337 1443 433 1473 tentio
446 1446 631 1482 praeteream
644 1443 709 1483 ejus
723 1443 843 1484 ineptas
857 1452 978 1482 nugam
1002 1442 1082 1473 hunc
1097 1441 1206 1472 habuit
1224 1441 1368 1472 ultimum
1380 1451 1569 1479 sermonem;
1591 1450 1661 1480 ego,
1679 1439 1798 1481 inquit,

339 1485 418 1516 hanc
441 1486 574 1526 puellam
598 1487 699 1526 primo
722 1487 756 1517 in
777 1496 905 1517 uxorem
927 1484 1008 1516 volui
1029 1484 1180 1524 accipere,
1202 1485 1281 1524 quod
1307 1488 1385 1516 esset
1404 1485 1497 1515 amici
1517 1484 1580 1515 mei
1592 1483 1680 1524 filiu,
1693 1487 1724 1514 et
1740 1483 1796 1513 hoe

338 1528 517 1569 <equitatem
531 1530 608 1561 velle
622 1529 820 1567 arbitrabar;
842 1539 914 1561 nam
927 1528 1029 1560 animo
1049 1538 1115 1559 meo
1139 1527 1329 1568 occurrebat,
1351 1532 1468 1569 quanta
1489 1527 1611 1566 infelici
1631 1526 1795 1558 incommo-

947 1623 1185 1637 eeeeeeeeeeee

339 1684 414 1720 haec
431 1689 532 1720 verba
548 1689 638 1721 inter
653 1699 822 1731 personas.
866 1690 953 1721 Mihi
969 1689 1097 1722 rectius
1114 1689 1250 1721 videtur
1265 1689 1368 1721 tribui
1394 1692 1504 1730 quant.
1519 1687 1573 1720 lib.
1608 1687 1797 1728 Chremeti,

340 1732 466 1774 quippe
493 1733 550 1773 qui
575 1733 703 1764 nullum
728 1733 890 1764 abhorret
908 1734 1064 1773 pretium,
1085 1733 1183 1764 modo
1201 1743 1242 1764 ne
1258 1733 1494 1764 rescindantur
1510 1732 1652 1772 nuptiae.
1697 1731 1798 1765 Quod

340 1776 389 1807 ita
405 1785 479 1807 esse
495 1785 539 1807 ex
555 1775 655 1807 infer.
672 1786 738 1807 VSS.
754 1779 807 1807 59.
825 1780 877 1808 65.
895 1782 931 1807 et
947 1779 999 1808 72.
1018 1775 1244 1816 probabitur.’
1301 1776 1380 1814 Bip.
1398 1775 1580 1806 lectionem
1606 1775 1708 1806 Bent.
1727 1784 1797 1805 om-

340 1819 420 1850 nino
437 1818 506 1850 dat.
553 1820 620 1850 DE.
647 1820 817 1855 Quantum.
851 1819 918 1851 GE.
943 1820 1054 1850 Libuit
1070 1818 1188 1851 Guelf.
1204 1822 1236 1850 2.
1283 1819 1371 1854 Quid
1393 1827 1453 1858 pro
1477 1818 1545 1858 quis
1558 1820 1678 1849 3.—39
1699 1818 1798 1848 Immo

341 1862 465 1898 malum,
479 1861 593 1902 hercle]
618 1862 823 1903 Demiphoni
848 1862 920 1892 haec
936 1863 1137 1901 tribuenda;
1163 1862 1325 1893 Chremes
1342 1861 1430 1892 enim
1452 1861 1514 1891 hac
1530 1861 1602 1900 ipsa
1619 1860 1730 1892 Scena
1746 1859 1798 1890 fa—

343 1905 443 1935 cilem
467 1914 503 1935 se
527 1905 670 1945 praebet,
686 1910 722 1936 et
745 1911 783 1936 ut
798 1905 993 1936 absolvatur
1009 1906 1180 1941 Phormio,
1197 1905 1239 1935 de
1266 1914 1326 1934 sno
1352 1904 1494 1934 (laturus
1510 1908 1563 1934 est
1581 1903 1797 1944 Demiphoni.

341 1947 414 1980 ΕΡ.
430 1952 466 1979 et
483 1948 567 1978 Mss.
585 1948 628 1980 G.
645 1948 767 1979 Boend.
785 1949 865 1978 Wit.
883 1953 919 1978 et
933 1949 981 1979 M.
1007 1953 1101 1979 recte
1123 1946 1332 1987 Demiphoni
1351 1947 1514 1977 tribuunt.
1553 1947 1648 1978 West.
1700 1946 1799 1976 Immo

341 1991 456 2021 malum
471 1991 580 2022 hercle.
616 1991 692 2021 Hoc
716 2001 790 2022 cum
809 1990 902 2021 libris
918 1991 1043 2022 nostris
1061 1990 1265 2030 Demiphoni
1283 1989 1407 2027 tribue,
1421 1994 1459 2020 nt
1481 1995 1516 2020 et
1531 1989 1613 2020 illud
1629 1989 1800 2029 superius,

342 2034 352 2050 ‘
369 2033 464 2064 Cedo
480 2033 562 2074 quid
579 2034 729 2074 postulat
741 2034 760 2065 ?'
786 2034 955 2064 Convenit
972 2034 1067 2064 illum
1084 2034 1286 2070 exclanmre,
1301 2033 1428 2073 quippe
1445 2031 1502 2072 qni
1526 2031 1570 2062 de
1586 2041 1647 2062 suo
1668 2032 1800 2062 solven-

343 2075 423 2107 dum
441 2075 514 2107 fore
530 2076 708 2108 credebat.
732 2077 828 2107 Bene.
875 2076 1079 2116 Demiphoni
1096 2077 1250 2107 tribuunt
1269 2075 1327 2106 Br.
1345 2076 1449 2106 Both.
1464 2075 1558 2106 Perl.
1572 2075 1739 2115 Rip—40
1758 2075 1800 2104 Ei

342 2129 454 2159 quaeso,
468 2118 543 2160 quid
558 2120 617 2150 ΒΓ.
666 2119 708 2149 Ei
723 2121 817 2150 adeo.-
840 2129 940 2160 quoeso
956 2120 1141 2150 Botli.-—4l
1168 2117 1196 2148 A
1215 2117 1329 2150 Guelf.
1344 2121 1375 2148 2.
1398 2118 1496 2148 abest
1511 2117 1618 2154 Suam,
1638 2117 1741 2157 >cujus
1766 2117 1800 2148 in

342 2162 421 2193 loco
442 2167 496 2193 est
513 2162 626 2197 Quam.
655 2162 750 2193 Tunc
766 2167 919 2193 mutatur
935 2163 1104 2202 periodus.
1132 2162 1303 2192 Per-l.—42
1327 2161 1409 2192 Wit.
1425 2160 1497 2201 quia
1511 2161 1637 2191 inventa
1650 2164 1707 2190 est.
1730 2161 1740 2176 ‘
1753 2159 1799 2190 11-

340 2204 402 2235 ·lud
418 2205 586 2245 quiarante
602 2205 740 2243 inventa,
756 2205 846 2246 quod
862 2206 896 2235 in
912 2205 1110 2247 quibusdam
1127 2205 1221 2235 libris
1236 2203 1420 2244 reperitur,
1440 2208 1493 2234 est
1518 2203 1696 2242 glossema,
1711 2203 1800 2243 quod

344 2257 365 2278 a
379 2257 478 2278 versu
495 2245 687 2287 damnatur,
698 2258 759 2280 nec
775 2259 793 2278 a
809 2258 909 2279 sensu
925 2258 1132 2289 magnopere
1150 2247 1349 2287 requiritur.
1395 2247 1484 2277 Nam
1499 2246 1628 2286 ellipsis
1645 2255 1800 2286 personae

344 2291 516 2321 narrantis
533 2291 639 2331 magis
656 2291 828 2322 convenit.
862 2291 960 2322 Zeun.
1016 2292 1147 2322 Inventa
1174 2293 1232 2327 est,
1249 2299 1318 2330 quoe
1342 2290 1442 2320 dotem
1465 2292 1563 2329 petat.
1610 2289 1697 2319 Haec
1722 2289 1801 2329 Bip.

345 2343 422 2364 cum
449 2334 538 2371 Eug.
563 2334 767 2375 Demiphoni
796 2333 1013 2366 tribum—43
1036 2335 1122 2365 Wit.
1143 2334 1185 2364 Ut
1211 2334 1251 2364 az!
1270 2342 1369 2373 pauca
1383 2333 1516 2363 redeam.
1559 2332 1632 2362 ΕΡ.
1649 2334 1801 2362 omnium.

345 2376 456 2407 West.
505 2377 549 2407 Ut
563 2378 603 2408 ad
633 2387 662 2416 p.
675 2376 718 2416 r.]
751 2377 785 2408 Si
804 2377 897 2417 legas
914 2377 965 2408 Ad
985 2387 1016 2416 p.
1034 2380 1068 2408 ut
1083 2388 1111 2408 r.
1128 2380 1261 2407 constat
1278 2385 1405 2406 versus.
1450 2375 1554 2405 Forte
1570 2375 1603 2405 in
1625 2375 1634 2391 ‘
1652 2374 1694 2405 ad
1708 2373 1716 2386 '
1741 2374 1801 2405 eli-

347 2418 440 2449 ditur
455 2420 487 2450 d.
512 2420 570 2450 Er.
622 2420 665 2450 Ut
680 2421 720 2450 ud
732 2430 830 2460 pauca
841 2430 868 2450 r.
886 2421 945 2450 ΒΓ.
963 2421 1066 2451 Bent.
1084 2420 1123 2451 Ζ.
1143 2419 1219 2457 Bip.
1237 2419 1364 2457 Delph.
1410 2417 1490 2456 EJ'us
1509 2426 1569 2457 pro
1583 2417 1670 2448 illius
1685 2416 1800 2448 Guelf.

347 2464 464 2493 3.-44
479 2461 520 2492 Τὸ
536 2462 601 2500 ejus
617 2462 714 2494 abest
726 2463 785 2494 Br.
811 2464 879 2494 Nec
893 2463 1035 2504 denique,
1046 2463 1170 2494 omisso
1183 2462 1277 2499 Hoec,
1293 2459 1408 2493 Guelf.
1420 2463 1536 2498 2.-,47
1555 2460 1800 2501 chonendum

1012 2545 1151 2579 NOTAE

393 2624 434 2651 30
460 2622 622 2652 Talentum
662 2621 824 2663 magnum]
870 2623 1049 2653 Talentum
1106 2620 1181 2659 bus,
1205 2620 1319 2652 decies
1337 2620 1443 2651 octies
1468 2624 1604 2651 centum
1627 2619 1721 2650 libris
1737 2620 1803 2651 Tn-

352 2670 507 2701 Atticum
531 2672 638 2702 miuus
661 2677 734 2703 erat
751 2672 930 2712 sexaginta
947 2675 1050 2703 mina·
1106 2681 1248 2701 ronum:
1281 2670 1389 2711 majus
1421 2679 1501 2701 vero
1533 2671 1696 2702 talentum
1729 2674 1804 2701 erat

352 2729 438 2758 rum,
458 2720 659 2761 valebatque
684 2722 856 2753 sexcentis
874 2722 1052 2752 coronatis
1105 2721 1280 2761 octoginta
1297 2722 1476 2762 minarum,
1502 2720 1535 2752 id
1552 2725 1616 2760 est,
1642 2723 1738 2753 2400.
1765 2721 1804 2752 li-

353 2770 507 2809 Galhcis,
529 2771 597 2802 sive
618 2774 708 2803 1500.
738 2772 833 2803 libris
847 2772 1049 2804 'l‘nronensi-
1107 2773 1176 2805 bris
1193 2774 1319 2805 Τιιιόῐι.
