1966 3302
479 228 825 260 ADELPHORUM
862 228 972 257 ACT.
1006 227 1070 256 ιν.
1103 226 1171 257 sc.
1205 226 1290 255 vu.
1524 217 1608 258 761

157 329 261 380 Quo
281 327 399 369 non?
419 339 561 380 neque
580 325 671 367 illic
692 324 862 367 fabrica
881 325 975 366 ulla
995 329 1101 374 erat,
1120 336 1262 377 neque
1281 323 1457 365 fratrem
1478 323 1609 364 homo

155 396 337 437 Vidisse
358 408 407 438 se
427 395 573 435 aiebat
594 392 855 446 quisquam:
887 405 1001 433 nunc
1023 404 1128 432 vero
1150 391 1272 432 domi
1582 392 1610 431 5

157 462 339 505 Certum
359 461 565 505 obsidere
585 465 650 502 est
669 473 828 514 usque,
850 460 992 501 donec
1013 459 1209 500 redierit.

156 590 268 622 πρᾶο,-
291 582 332 612 ad
359 584 491 622 portum,
515 581 555 611 ad
585 580 694 618 lacum,
724 582 754 609 et
778 586 836 618 quo
861 586 920 608 non
941 576 1092 617 perveni?
1114 585 1209 616 neque
1235 575 1301 606 illic
1320 575 1383 606 ulla
1402 575 1492 612 fabri
1514 575 1614 606 taber-

155 633 216 655 na:
236 634 331 665 neque
337 624 476 661 fratrem
497 623 664 654 Micionem
686 621 767 652 ullus
781 620 937 651 hominum
952 629 985 650 se
998 619 1112 650 vidisse
1128 618 1267 651 dicebat:
1288 629 1368 650 nunc
1377 628 1448 650 vero
1463 618 1614 650 constitui

157 667 240 698 domi
254 667 377 699 assidue
388 676 581 709 permanere,
597 667 692 697 donec
706 673 848 696 reversus
854 662 972 701 fuerit.

770 756 1011 769 enaemmee

200 831 218 860 3
247 829 350 869 Usque
362 827 434 859 inde
452 826 525 858 ΕΑ.
554 826 716 858 West.—4
740 823 781 855 In
799 823 957 865 plusculis
972 821 1083 855 Codd.
1099 820 1283 863 utrobique
1300 825 1351 852 est
1366 831 1432 852 nec.
1471 821 1515 852 G.
1532 821 1615 854 EM.

156 871 343 909 necsobrica
358 871 424 902 illic
438 871 500 901 ulla
515 873 594 900 erat.
613 869 664 900 Id.
698 867 815 908 Aliqui
831 867 922 905 libri,
938 867 971 898 iu
987 865 1109 907 quibus
1125 871 1177 896 est
1193 865 1290 896 Bem.
1306 874 1360 895 nec
1368 864 1506 902 fratrem
1518 865 1615 896 homo.

157 916 240 947 Bas.
256 914 438 954 utrobique
456 912 558 943 habet
573 921 648 943 nec.-
670 921 725 942 nec
743 911 806 942 illic
812 910 952 949 fabrica,
978 919 1033 940 nec
1047 909 1197 947 fratrem.
1220 908 1280 939 Fa.
1325 907 1394 943 Quo
1409 905 1497 938 non?
1520 918 1616 948 neque

156 958 222 989 illic
239 957 367 996 fabrica
389 956 452 987 ulla
476 957 563 986 erat:
586 964 682 994 neque
699 952 838 992 fratrem
863 952 966 993 homo]
988 952 1046 983 Sic
1062 951 1161 982 dedit
1177 950 1350 981 Faernus:
1377 950 1435 981 sed
1454 959 1495 981 eo
1512 956 1617 990 pacto

157 1004 167 1018 ‘
181 1001 336 1041 fabrica‚'
358 998 448 1040 quod
465 998 640 1039 emphasin
657 997 770 1036 habet,
785 997 817 1028 in
832 996 932 1027 Thesi
949 995 1151 1026 occultatur.
1201 993 1319 1025 Nostri
1335 1002 1452 1024 omnes
1465 1003 1475 1032 3
1489 993 1619 1030 fabrica

156 1043 223 1075 illic
237 1044 311 1074 ulla.
357 1043 512 1082 Repone,
529 1041 597 1077 Quo
613 1043 692 1071 non?
713 1050 767 1071 nec
784 1039 911 1079 fabrica
934 1038 982 1070 illi
998 1039 1063 1069 ulla
1078 1041 1168 1068 erat:
1189 1046 1245 1067 ‘nec
1263 1035 1402 1074 fratrem
1417 1035 1515 1067 homo.
1562 1037 1620 1068 Illi

159 1096 235 1128 pro,
250 1086 335 1123 illic,
358 1085 485 1125 passim
501 1084 591 1125 apud
615 1084 778 1114 Nostrum
795 1088 832 1114 et
848 1083 1019 1114 Plautum.
1066 1081 1133 1112 Nec
1147 1089 1203 1111 nec
1218 1079 1327 1110 nostri
1344 1089 1444 1120 quam
1470 1079 1622 1119 plurimi.

158 1130 257 1161 Bent.
303 1128 386 1160 GM.
402 1127 521 1159 colloc.
538 1126 665 1166 fabrica
679 1127 744 1158 illic
759 1127 834 1157 ulla.
859 1125 955 1157 Peri.
993 1124 1106 1164 Vulgo
1122 1124 1188 1154 illic
1204 1123 1280 1162 ulla,
1295 1123 1384 1153 mala
1401 1122 1482 1153 lect.
1515 1122 1620 1156 Bent.

158 1173 208 1204 illi
221 1173 305 1208 uum
327 1171 357 1202 B
373 1171 418 1202 ibi
433 1171 511 1202 ulla.
560 1168 747 1211 Videsjam
766 1169 966 1200 adverbium
983 1177 1059 1198 esse
1076 1167 1118 1197 ab
1135 1167 1336 1206 interprete.
1364 1165 1457 1196 Both.
1482 1165 1538 1205 qui
1556 1166 1617 1197 dat

159 1224 256 1256 neque
269 1216 333 1246 ullo
350 1214 440 1251 fabr.
466 1216 534 1245 erat
559 1222 615 1244 nec
632 1213 664 1251 f.
692 1212 722 1243 h.
757 1211 966 1243 Adverbium
982 1210 1111 1241 omittit
1124 1209 1252 1250 Deiph.
1285 1208 1342 1240 Sic
1359 1213 1394 1238 et
1411 1209 1470 1240 ΒΓ.
1487 1208 1544 1247 qui
1560 1209 1620 1240 dat

158 1269 214 1289 nec
221 1258 310 1295 fabr.
322 1257 384 1288 ulla
399 1259 465 1288 erat
481 1266 546 1288 nec.
593 1255 693 1295 Legit
710 1255 802 1286 Pes-1.
814 1265 909 1296 neque
923 1255 987 1285 ulla
994 1253 1083 1291 fabr.
1105 1252 1172 1283 illic
1187 1255 1268 1289 erat,
1284 1261 1350 1282 nec.
1375 1251 1453 1291 Bip.
1468 1261 1522 1281 nec
1530 1251 1620 1289 fabr.

159 1301 226 1332 illic
240 1301 303 1331 ulla
318 1303 399 1336 erat,
414 1304 544 1330 nem—5
562 1298 632 1329 Aut
647 1308 680 1329 se
696 1298 897 1338 delendum3
919 1301 955 1328 et
971 1306 1051 1328 sane
1067 1295 1187 1327 librum
1206 1294 1364 1333 vidimus,
1380 1295 1437 1334 qui
1453 1303 1527 1324 eam
1544 1304 1621 1334 par-

162 1344 302 1374 ticulam
318 1352 384 1374 non
398 1342 567 1381 habebat3
590 1346 648 1372 aut
671 1342 680 1357 ‘
696 1341 829 1372 aiebat'
852 1342 885 1372 in
903 1341 988 1371 duas
1002 1338 1151 1380 syllabas
1165 1337 1433 1369 contrahendum
1452 1345 1512 1378 per
1529 1337 1621 1377 syni-

162 1387 268 1425 zesin,
293 1390 331 1417 ut
357 1395 460 1426 saepe.
483 1385 542 1417 Fa.
588 1384 696 1415 Immo
713 1394 848 1425 semper
866 1383 1068 1423 Disyllabon
1085 1381 1176 1421 apud
1202 1382 1367 1413 Nostrum
1383 1384 1449 1421 est,
1474 1384 1510 1411 et
1538 1380 1621 1412 scri·

162 1429 311 1461 bendum
326 1429 422 1461 aibat.
443 1428 548 1461 Bent.
593 1428 640 1459 Et
653 1427 702 1459 sic
719 1427 802 1458 daut
819 1427 896 1468 Bip.
912 1426 1015 1458 Both.
1033 1426 1126 1457 Perl.

532 1691 735 1735 ACTUS
769 1690 852 1733 IV.
904 1688 1111 1733 SCENA
1141 1690 1254 1733 VII.

687 1817 843 1847 Mlclo.
905 1815 1008 1845 DEM
1020 1815 1096 1846 EA.

167 1889 254 1931 M1.
285 1888 390 1938 ΙΒΟ,
411 1887 504 1929 illis
526 1885 686 1935 dicam,
707 1884 871 1925 nullam
892 1896 993 1924 esse
1014 1883 1060 1924 in
1079 1882 1209 1924 nobis
1231 1895 1413 1923 moram.

167 1957 259 2000 DE.
290 1956 377 1998 Sed
396 1968 549 1997 eccum
568 1952 739 2008 ipsum!
773 1955 815 1993 te
828 1951 1094 2005 jamdudum
1117 1964 1283 2008 quaero,
1306 1950 1464 1992 Micio.

168 2024 254 2065 M1.
284 2023 508 2074 Quidnam
525 2023 545 2064 ’ἔ
606 2022 697 2063 ΒΕ.
730 2019 843 2061 Fero
866 2019 955 2061 alia
975 2018 1144 2072 flagitia
1166 2007 1227 2060 ad¹
1242 2023 1302 2069 te,
1332 2017 1540 2070 ingentia,

169 2092 286 2134 Boni
306 2091 425 2133 illius
445 2089 753 2131 adolescentis.
815 2088 902 2130 M1.
934 2087 1055 2129 Ecce
1077 2087 1253 2128 autem!
1314 2086 1405 2127 DE.
1438 2085 1597 2137 Nova3

170 2159 409 2214 Capitalia.
470 2158 555 2199 M1.
579 2157 701 2198 Ohe!
727 2156 840 2212 jam.
900 2157 990 2198 DE.
1017 2156 1195 2206 Nescis,
1219 2156 1297 2210 qui
1319 2155 1384 2197 vir
1405 2154 1478 2197 sit.
1539 2153 1628 2195 Ml.

342 2226 464 2268 Scio.
1598 2222 1628 2261 5

212 2327 279 2358 M1.
302 2325 371 2365 Ibo,
386 2328 416 2357 et
432 2322 740 2364 Sostratoe,filiaeque
755 2321 819 2361 ejus
831 2321 1007 2362 Pamphizoe
1021 2321 1169 2353 nuntiabo
1180 2332 1236 2353 nos
1250 2322 1284 2352 in
1299 2330 1383 2353 mora
1398 2332 1460 2353 non
1473 2331 1537 2352 esse
1552 2331 1629 2361 nup-

169 2371 226 2402 tiis
247 2369 448 2401 celebrandis.
494 2369 562 2399 Da.
588 2367 652 2398 Sed
667 2376 734 2397 ecce
758 2366 859 2406 ipsum
877 2364 1027 2403 fratrem.
1074 2366 1115 2396 Te
1130 2365 1201 2403 jam
1213 2365 1335 2405 pridem
1347 2365 1505 2405 perquiro,
1520 2364 1630 2394 Mitio.

170 2415 236 2445 Mi.
261 2411 417 2448 Quidnam
446 2411 545 2453 affers
569 2410 659 2441 novi?
703 2409 770 2440 DE.
795 2409 876 2440 Fero
903 2409 967 2438 alia
984 2407 1152 2448 flagitiosa
1171 2408 1318 2446 facinora
1343 2409 1383 2438 ad
1407 2412 1438 2439 te
1461 2408 1530 2438 lumi
1545 2408 1631 2437 illins

169 2456 379 2488 adolescentis.
424 2455 492 2486 Μι.
518 2454 598 2485 Ecce
612 2455 716 2484 autem
737 2462 785 2492 ea,
799 2461 868 2492 quoe
882 2452 971 2491 solet,
987 2451 1102 2490 objicit.
1148 2451 1215 2482 DE.
1240 2451 1403 2487 Rea-entia,
1418 2451 1530 2491 cupitis
1543 2460 1632 2491 poena

171 2500 279 2540 digna.
324 2499 394 2531 M1.
419 2497 498 2539 ohe,
517 2496 587 2537 ,iam
611 2495 688 2527 satis
706 2498 766 2527 est.
810 2495 878 2526 DE.
901 2494 1033 2534 Ignoras
1057 2495 1158 2536 qualis
1183 2494 1231 2525 vir
1253 2494 1308 2526 sit.
1352 2494 1418 2525 M1.
1442 2493 1545 2525 Probe
1568 2493 1631 2524 scio

771 2590 1011 2604 eeeeeeeeeeee

214 2665 235 2694 2
259 2662 352 2701 Lege
367 2671 408 2693 ex
423 2659 548 2692 nostris
565 2659 739 2701 plerisque
754 2670 771 2691 o
786 2659 898 2691 Micio.
919 2659 1021 2690 Bent.
1064 2657 1122 2689 Sic
1138 2656 1198 2688 dat
1221 2656 1384 2688 perh—4
1407 2656 1635 2687 Adolescentuli

176 2704 292 2737 Guelf.
308 2708 403 2736 3.-5
429 2705 515 2735 Mss.
532 2709 568 2735 et
584 2703 739 2743 impressi
765 2702 915 2743 quidam,
934 2701 1026 2732 Ohe!
1039 2700 1109 2740 jum
1126 2701 1253 2731 desine:
1278 2699 1368 2740 quod
1386 2700 1571 2739 repetitum
1588 2700 1634 2729 vi-

175 2748 278 2778 detur
293 2758 335 2778 ex
354 2748 531 2779 Heaut.v.
548 2749 577 2777 l.
593 2749 625 2776 6.
655 2747 754 2778 West.
800 2746 889 2784 Lege
916 2754 959 2775 ex
985 2745 1108 2775 nostris
1134 2744 1305 2783 plerisque
1328 2742 1380 2772 Ah
1395 2742 1504 2772 nescis.
1529 2743 1635 2773 Bent.

176 2790 244 2831 Ah]
267 2791 352 2822 GM.
380 2791 448 2830 Ha,
472 2789 575 2831 idque
592 2795 738 2821 correct.
754 2793 945 2820 atramento
964 2787 1086 2818 alieno.
1111 2787 1196 2818 Per-t.
1240 2785 1293 2817 Ah
1308 2785 1392 2816 dant
1419 2785 1479 2816 ΒΓ.
1497 2785 1535 2816 Z.
1555 2785 1635 2825 Bip.
