1966 3302
558 195 869 227 PHORMloNis
902 194 1010 226 Ac'r.
1034 194 1062 224 ι.
1096 193 1240 225 sc.11.
1539 181 1624 224 923

181 291 428 334 Advorsum
451 289 675 331 stimulum
698 289 877 331 calces?
938 289 1028 331 GE.
1059 287 1192 343 Coepi
1214 288 1269 329 iis
1291 286 1440 329 omnia

181 360 362 409 Facere,
384 359 570 412 obsequi
590 371 690 411 quae
710 357 885 398 vellent.
945 357 1039 399 DA.
1073 355 1209 397 Scisti
1232 356 1294 396 uti
1313 355 1427 397 foro.

177 427 268 468 GE.
300 427 466 468 Noster
485 426 590 467 mali
611 425 720 465 nihil
742 425 978 478 quicquam
999 424 1157 477 primo,
1218 423 1310 464 Hic
1329 421 1538 464 Phaedria
1566 422 1626 463 30

177 493 400 535 Continuo
423 494 642 547 quandam
664 498 823 533 nactus
844 498 913 532 est
930 492 1169 545 puellulam

180 561 500 603 Citharistriam
519 575 529 602 :
560 560 670 601 hanc
691 572 835 601 amare
857 560 999 612 coepit
1018 559 1202 613 perdite.

178 629 246 670 Ea
268 631 486 671 serviebat
504 628 651 670 lenoni
673 628 1000 681 impurissimo;

178 696 341 750 Neque
363 697 479 751 quod
502 697 675 737 daretur
696 697 946 749 quicquain,
967 695 1011 736 id
1033 699 1232 736 curarant
1253 698 1415 750 patreS.

179 764 398 806 Restabat
419 765 540 805 aliud
560 764 688 814 nihil,
717 764 802 804 nisi
825 763 981 804 oculos
1002 775 1201 817 pascere,
1571 762 1629 803 35

177 833 362 883 Sectari,
383 834 428 873 in
449 832 598 874 ludum
620 832 797 882 ducere,
821 837 864 873 et
886 832 1105 873 reducere.

178 899 277 942 Nos
299 901 431 941 otiosi
451 912 632 954 operam
652 899 866 940 dabamus
888 899 1123 940 Phaedriae.

179 968 232 1010 In
253 982 342 1024 quo
361 968 459 1009 haec
482 968 681 1009 discebat
701 967 818 1018 ludo,
837 980 896 1009 ex
919 966 1155 1009 advorsum
1178 966 1218 1008 ei
1238 967 1339 1008 loco

177 1112 391 1140 occurrerunt:
421 1118 494 1139 nam
505 1118 573 1148 quoe
586 1108 743 1139 stoliditas
759 1111 805 1139 est
818 1109 964 1139 adversus
977 1108 1137 1139 stimulum
1151 1108 1248 1139 calces
1253 1105 1405 1146 jactare?
1449 1107 1517 1138 GE.
1543 1107 1631 1147 Coepa'

175 1153 277 1183 omnia
297 1153 406 1189 facere
434 1161 537 1182 eorum
565 1151 707 1189 arbitrio,
731 1161 844 1182 morem
864 1161 953 1191 quem
976 1152 1089 1182 vellent
1116 1160 1236 1190 gerere.
1283 1151 1353 1181 DA.
1377 1150 1473 1181 Scisti
1498 1153 1631 1190 tempori

177 1195 337 1226 inserrirc.
373 1195 438 1225 GE.
461 1195 580 1226 Noster
598 1194 742 1234 Ctesipho
755 1195 792 1224 ab
808 1195 900 1225 initio
913 1194 990 1225 nihil
1001 1195 1061 1224 nisi
1075 1197 1157 1224 recte
1171 1194 1302 1232 agebat.-
1318 1193 1368 1224 Ιιὶε
1386 1193 1536 1224 ΡΙιιεάνία
1547 1193 1631 1224 illico

176 1240 329 1278 quandam
342 1237 472 1278 puellam
479 1237 645 1278 fidicinam
660 1240 769 1268 nactas
784 1240 848 1268 est:
871 1238 949 1268 hanc
969 1241 1084 1277 proeter
1107 1238 1227 1267 modum
1249 1246 1350 1267 amore
1370 1237 1512 1277 prosequi
1530 1237 1634 1277 coepit.

178 1281 229 1312 Ea
244 1281 300 1311 sub
313 1283 462 1320 potestate
478 1283 544 1311 erat
559 1279 732 1320 turpissimi
747 1280 862 1310 lenonis
874 1291 885 1316 ;
908 1290 1000 1319 neque
1018 1284 1124 1320 patres
1138 1280 1362 1311 adolescentum
1380 1281 1580 1319 providerant
1596 1283 1631 1310 ut

176 1327 295 1355 sumtus
316 1323 364 1354 his
376 1323 693 1354 subministrarentur.
740 1322 832 1353 Nihil
847 1323 931 1353 aliud
951 1323 1130 1362 Ctesiphoni
1150 1325 1319 1362 supererat,
1335 1332 1425 1362 quam
1440 1323 1506 1353 risu
1523 1323 1632 1362 puelloe

179 1367 281 1397 oculos
295 1376 364 1397 suos
379 1366 541 1401 oblectare,
556 1375 674 1406 semper
690 1376 756 1397 eam
771 1367 867 1406 sequi,
882 1366 914 1397 in
931 1365 1065 1397 scholam
1079 1367 1198 1403 ducere,
1212 1368 1242 1396 et
1254 1366 1375 1396 domum
1389 1365 1461 1396 inde
1476 1367 1630 1396 reducere.

181 1408 249 1440 Nos
259 1419 316 1450 per
330 1409 428 1440 olium
445 1409 604 1440 Phaedriae
617 1408 863 1450 obsequebamur.
907 1409 938 1440 Ε
953 1409 1080 1448 regione
1096 1408 1154 1440 loci
1169 1409 1200 1439 in
1218 1418 1276 1449 quo
1292 1408 1428 1440 discebat
1440 1409 1554 1450 puella,
1567 1409 1630 1439 sita

784 1514 1022 1526 ”meeeuo

179 1599 235 1627 tur
255 1595 366 1632 Davo,
388 1593 484 1635 quasi
511 1592 764 1634 interloquenti.
809 1593 882 1624 Nos
911 1592 1009 1624 Getae
1039 1591 1210 1623 reddimus
1238 1601 1311 1630 sua,
1334 1592 1367 1623 in
1397 1591 1532 1632 quibus,
1553 1602 1629 1623 cnm

178 1638 280 1669 Davo
307 1637 511 1673 tribuantur,
534 1646 611 1667 mox
636 1637 769 1667 haerent
794 1635 946 1676 interpp.
992 1635 1060 1666 Alii
1086 1635 1173 1665 enini
1203 1645 1273 1666 nam
1298 1645 1365 1675 quoe
1391 1640 1569 1666 verterunt
1595 1636 1628 1666 iu

177 1691 318 1721 namque,
339 1681 372 1710 in
401 1689 465 1720 quo
486 1679 697 1710 Priscianum
715 1682 904 1720 sequuntur
920 1678 1038 1718 magiS‚
1060 1687 1158 1719 quani
1178 1678 1239 1708 Do.
1257 1683 1326 1709 tuni
1343 1678 1540 1709 desiderant
1558 1679 1631 1709 infi-

177 1725 318 1755 nitivum
338 1729 414 1762 post
439 1722 594 1753 ‘inscitia
621 1721 697 1753 est.‘
723 1722 881 1762 Rip—28
904 1722 1063 1751 Adi-ersus
1089 1720 1205 1752 Guelf.
1224 1724 1254 1751 l.
1272 1724 1303 1752 2.
1329 1721 1432 1752 Both.
1480 1721 1545 1751 His
1568 1731 1630 1762 pro

176 1766 218 1798 iis
234 1767 293 1797 Br.
307 1765 471 1806 Bip.-3l
498 1765 638 1796 Puellam
653 1764 770 1796 Guelf.
790 1766 907 1794 1.—32
930 1764 1025 1794 Hanc
1040 1773 1144 1794 amare
1156 1764 1246 1803 coepit
1260 1765 1391 1804 perdite.
1436 1764 1528 1794 Citat
1546 1763 1632 1795 Cha-

176 1810 275 1840 risius
291 1809 349 1840 lib.
367 1817 407 1839 ιι.
423 1817 491 1839 eam-
501 1817 605 1839 amare
620 1809 711 1846 coepit
724 1808 846 1848 perdite
859 1818 869 1838 .·
893 1809 952 1837 sed
970 1807 1096 1846 legisse
1112 1814 1146 1837 et
1163 1807 1354 1846 scripsisse,
1370 1817 1435 1838 eam
1451 1808 1558 1838 ardere
1573 1817 1630 1838 οω-

172 1853 224 1893 pit
242 1852 377 1893 perdite,
399 1852 592 1891 suspicatur
609 1851 647 1881 F.
666 1851 703 1882 F.
719 1861 760 1881 ex
779 1850 944 1890 subjectis
962 1849 1104 1880 Charisii
1121 1849 1250 1881 verbis:
1277 1851 1285 1865 ‘
1298 1850 1386 1880 Nam
1405 1850 1452 1880 ita
1468 1849 1630 1882 Aruntius

175 1895 307 1926 Celsus.
332 1895 376 1926 Et
386 1894 500 1926 addit:
515 1893 654 1933 Antiqui
670 1894 757 1924 euim
772 1893 936 1924 dicebant
950 1893 1105 1923 ‘ardere'
1123 1902 1183 1932 pro
1197 1895 1206 1910 ‘
1217 1892 1352 1923 auiare.'
1364 1892 1373 1905 '
1397 1894 1463 1923 Do.
1478 1894 1630 1933 perditus.

178 1938 324 1969 Codices
342 1937 501 1978 quidam:
525 1937 651 1977 occepit.
676 1937 868 1971 West.—35
893 1936 953 1966 Br.
979 1935 1058 1966 nihil
1082 1937 1179 1968 aliud.
1225 1936 1284 1966 Nil
1312 1936 1414 1966 Beni.
1438 1936 1536 1967 Both.
1551 1937 1631 1976 Bip.

176 1981 359 2012 Perr—so
382 1981 581 2011 Priscianus
601 1979 711 2010 instit.
730 1980 919 2010 Grammat.
937 1979 1031 2019 legit,
1045 1982 1136 2018 atque
1151 1979 1325 2010 redducere.
1345 1979 1452 2010 West.
1488 1979 1548 2010 ΒΓ.
1565 1980 1630 2010 dis-

178 2024 317 2064 tinguit,
341 2023 465 2054 Sectari
490 2023 524 2053 in
545 2023 661 2061 ludum,
675 2023 785 2053 ducere
801 2025 873 2053 etr.
907 2022 1009 2052 Bent.
1034 2022 1111 2061 Bip.
1134 2022 1174 2053 Z.
1199 2023 1460 2053 redducere—37
1486 2021 1630 2053 Bothius

175 2067 261 2106 legit
284 2067 351 2096 Nos
378 2067 440 2096 otio
462 2066 706 2096 dabamus—38
730 2065 773 2096 G.
789 2063 912 2095 Boend.
929 2069 964 2095 et
982 2065 1048 2095 Ms.
1067 2065 1160 2104 Lips.
1177 2074 1252 2095 cum
1270 2065 1342 2095 ΕΡ.
1357 2074 1397 2094 ex
1411 2065 1561 2096 advorso:
1582 2065 1630 2096 ita

175 2114 213 2141 et
227 2110 436 2141 Pulmannus
449 2109 534 2139 citat
547 2118 588 2139 ex
604 2108 689 2140 Mss.
706 2108 833 2139 Xanth.
850 2113 884 2138 et
897 2107 1081 2138 Uratislav.
1107 2108 1186 2138 Par.
1203 2106 1325 2145 edidit,
1339 2117 1379 2138 ex
1393 2108 1522 2138 advorso
1536 2108 1630 2140 illico.

177 2153 286 2184 West.
330 2153 383 2183 Ex
398 2153 561 2182 adt-orsum
584 2150 613 2182 ei
636 2152 710 2182 loco.
744 2151 840 2181 Bem.
856 2155 891 2180 et
908 2151 1004 2181 multi
1020 2150 1075 2180 alii
1092 2160 1131 2180 ac
1146 2151 1214 2181 Do.
1229 2160 1269 2181 ex
1284 2151 1432 2186 adrerso‚·
1457 2151 1515 2180 sed
1534 2151 1630 2183 Bem.

174 2195 240 2227 hoc.
257 2195 415 2235 amplius,
430 2194 519 2235 quod
537 2204 608 2235 pro,
623 2195 652 2224 ei
674 2194 749 2230 loco,
764 2193 834 2224 ilico
851 2192 989 2223 habuit:
1013 2192 1104 2232 quod
1121 2193 1244 2223 deinde
1261 2199 1427 2223 mutatum
1444 2193 1545 2223 estin
1564 2194 1631 2225 lec-

177 2238 306 2269 tionem
332 2239 523 2277 vulgatam:
548 2243 584 2268 et
609 2246 690 2267 sane
715 2236 781 2266 Do.
798 2236 899 2266 etiam
915 2236 987 2266 ilico
1008 2235 1075 2275 legi
1097 2234 1263 2266 affirmat:
1289 2245 1431 2276 esseque
1445 2235 1629 2267 dictionem

175 2291 218 2312 ex
243 2280 429 2312 abundanti
454 2279 618 2318 additam,
644 2284 680 2310 ut
708 2279 814 2309 multa
840 2279 928 2319 apud
946 2279 1113 2309 Veteres:
1138 2288 1198 2308 nos
1215 2279 1299 2309 hanc
1314 2280 1419 2318 ipsam
1438 2288 1555 2310 vocem
1571 2279 1630 2310 ob·

177 2324 387 2355 servavimus
408 2324 441 2354 in
458 2322 637 2363 Adelphis,
659 2322 803 2362 positam
832 2331 894 2361 pro
920 2320 1155 2351 additamento
1179 2322 1258 2361 loci,
1280 2322 1330 2352 ita
1345 2331 1418 2352 eam
1435 2328 1630 2363 exponente

175 2367 329 2405 Donato,
349 2368 358 2382 ‘
372 2366 490 2397 Otiose
507 2375 594 2396 nunc
618 2365 688 2405 jam
706 2365 781 2396 ilico
803 2364 857 2394 hic
874 2365 1020 2395 consiste
1035 2363 1056 2395 :'
1080 2374 1177 2405 quam
1195 2365 1260 2394 vim
1277 2372 1310 2395 et
1328 2364 1381 2395 liic
1398 2364 1525 2395 habere
1541 2366 1629 2395 arbi·

176 2416 315 2441 tramur.
344 2409 400 2441 Fu.
447 2410 627 2440 Exadverso
642 2409 713 2438 ilico
732 2407 898 2438 Tonstrina
914 2411 981 2437 erat
997 2408 1146 2447 quoedam.
1191 2407 1248 2438 Sic
1266 2408 1360 2438 dedit
1377 2408 1434 2439 Fa.
1460 2408 1628 2439 Bembino

175 2463 237 2485 suo
252 2452 384 2483 favens.
430 2452 611 2482 Exadrerso
629 2457 697 2481 tres
722 2460 763 2481 ex
789 2450 914 2481 nostris
940 2450 1091 2488 liabent3
1116 2460 1230 2481 omnes
1254 2450 1282 2480 ei
1308 2452 1382 2482 Ioco.
1430 2450 1627 2482 Priscianus

177 2506 211 2536 p.
226 2498 299 2526 977.
322 2497 330 2512 ‘
345 2494 488 2527 Quando
513 2496 522 2510 ‘
535 2493 732 2524 adversum'
755 2492 793 2523 τὸ
820 2491 957 2523 ἐναντίον
972 2492 1152 2529 significat,
1175 2493 1282 2532 magis
1299 2494 1495 2524 adverbium
1513 2498 1627 2524 osten-

176 2539 290 2577 ditur3
313 2543 351 2569 ut
377 2538 456 2568 Ter.
483 2537 514 2567 in
546 2537 681 2567 Phorm.
706 2537 767 2567 ‘Ei
794 2537 869 2567 loco
896 2536 1118 2566 exadversum
1143 2536 1321 2566 Tonstrina
1337 2541 1410 2566 erat
1426 2536 1627 2576 quaedam.'’

174 2582 272 2612 Idem
290 2592 323 2621 p.
342 2583 433 2611 1037.
456 2582 464 2596 ‘
480 2579 711 2611 Exadversnm
726 2579 756 2609 ei
773 2579 847 2609 loco
859 2578 866 2590 ’
892 2588 950 2617 pro
968 2580 976 2595 ‘
989 2578 1188 2609 adversum!
1223 2579 1354 2609 Gellius
1372 2588 1439 2610 vu.
1457 2582 1487 2609 7.
1506 2584 1513 2596 ‘
1529 2579 1569 2609 In
1586 2589 1627 2610 eo

177 2625 266 2666 quod
284 2634 344 2654 nos
368 2630 376 2641 ⁸
391 2623 613 2653 exadversum
627 2621 635 2634 '
659 2622 816 2660 dicimus,
833 2621 1026 2662 (Annianus
1050 2620 1170 2661 poeta)
1186 2623 1368 2652 secundam
1391 2622 1553 2663 syllabam
1570 2622 1628 2652 de-

175 2667 257 2698 bere
274 2667 349 2697 acui
365 2665 583 2696 existimabat
598 2676 607 2703 ;
624 2665 780 2705 quoniam
798 2674 865 2694 una
879 2673 943 2694 non
960 2664 1037 2694 duae
1052 2670 1166 2695 essent
1181 2664 1346 2695 orationis
1364 2671 1500 2704 partes:
1525 2671 1628 2706 atque

176 2709 226 2740 ita
238 2714 398 2749 oportere
415 2708 504 2749 apud
521 2708 718 2739 Terentium
734 2707 815 2746 legi,
832 2706 980 2746 dicebat,
996 2707 1026 2737 in
1039 2706 1089 2737 his
1104 2706 1272 2738 versibus:
1289 2707 1347 2738 ‘Iu
1359 2718 1424 2748 quo
1437 2708 1510 2739 haec
1523 2708 1629 2738 disce-

177 2752 238 2784 bat
253 2751 333 2784 ludo
349 2752 570 2783 exadversum
587 2751 661 2782 loco
675 2751 858 2782 Tonstrina
884 2754 956 2781 erat
978 2749 1157 2791 quaedam.’
1169 2749 1179 2764 ’
1222 2750 1331 2782 Recte
1351 2751 1487 2792 quidem
1501 2749 1628 2782 Annia-
