<?xml version="1.0" encoding="UTF-8"?>
<!DOCTYPE html PUBLIC "-//W3C//DTD XHTML 1.0 Transitional//EN"
    "http://www.w3.org/TR/xhtml1/DTD/xhtml1-transitional.dtd">
<html xmlns="http://www.w3.org/1999/xhtml" xml:lang="en" lang="en">
 <head>
  <title>
</title>
<meta http-equiv="Content-Type" content="text/html;charset=utf-8" />
  <meta name='ocr-system' content='tesseract 3.04.00' />
  <meta name='ocr-capabilities' content='ocr_page ocr_carea ocr_par ocr_line ocrx_word'/>
</head>
<body>
  <div class='ocr_page' id='page_1' title='image "./pubterentiiafric02tereuoft/pubterentiiafric02tereuoft_0033.png"; bbox 0 0 1966 3302; ppageno 0'>
   <div class='ocr_carea' id='block_1_1' title="bbox 537 200 1588 254">
    <p class='ocr_par' dir='ltr' id='par_1_1' title="bbox 537 200 1588 254">
     <span class='ocr_line' id='line_1_1' title="bbox 537 200 1588 254; baseline -0.012 1"><span class='ocrx_word' id='word_1_1' title='bbox 537 221 763 254; x_wconf 79' lang='lat' dir='ltr'><strong>EUNUcffl</strong></span> <span class='ocrx_word' id='word_1_2' title='bbox 798 219 906 250; x_wconf 78' lang='lat' dir='ltr'><strong>Acr.</strong></span> <span class='ocrx_word' id='word_1_3' title='bbox 938 218 983 248; x_wconf 88' lang='lat' dir='ltr'><strong>v.</strong></span> <span class='ocrx_word' id='word_1_4' title='bbox 1016 217 1085 248; x_wconf 86' lang='lat' dir='ltr'><strong>sc.</strong></span> <span class='ocrx_word' id='word_1_5' title='bbox 1119 215 1205 246; x_wconf 83' lang='lat' dir='ltr'><strong>vn.</strong></span> <span class='ocrx_word' id='word_1_6' title='bbox 1504 200 1588 242; x_wconf 72' lang='lat'><strong>5223</strong></span> 
     </span>
    </p>
   </div>
   <div class='ocr_carea' id='block_1_2' title="bbox 136 305 1587 708">
    <p class='ocr_par' dir='ltr' id='par_1_2' title="bbox 138 305 1587 442">
     <span class='ocr_line' id='line_1_2' title="bbox 138 305 1587 374; baseline -0.014 -8"><span class='ocrx_word' id='word_1_7' title='bbox 138 325 202 367; x_wconf 85' lang='lat' dir='ltr'><strong>At</strong></span> <span class='ocrx_word' id='word_1_8' title='bbox 221 323 356 365; x_wconf 85' lang='lat' dir='ltr'><strong>etiam</strong></span> <span class='ocrx_word' id='word_1_9' title='bbox 376 320 518 374; x_wconf 90' lang='lat' dir='ltr'><strong>primo</strong></span> <span class='ocrx_word' id='word_1_10' title='bbox 539 317 744 360; x_wconf 85' lang='lat' dir='ltr'><strong>callidum</strong></span> <span class='ocrx_word' id='word_1_11' title='bbox 764 320 810 356; x_wconf 85' lang='lat' dir='ltr'><strong>et</strong></span> <span class='ocrx_word' id='word_1_12' title='bbox 829 314 1042 355; x_wconf 82' lang='lat' dir='ltr'><strong>disertum</strong></span> <span class='ocrx_word' id='word_1_13' title='bbox 1062 309 1227 352; x_wconf 87' lang='lat' dir='ltr'><strong>credidi</strong></span> <span class='ocrx_word' id='word_1_14' title='bbox 1243 307 1481 349; x_wconf 89' lang='lat' dir='ltr'><strong>hominem.</strong></span> <span class='ocrx_word' id='word_1_15' title='bbox 1532 305 1587 345; x_wconf 89' lang='grc'><strong>10</strong></span> 
     </span>
     <span class='ocr_line' id='line_1_3' title="bbox 139 375 1346 442; baseline -0.015 -9"><span class='ocrx_word' id='word_1_16' title='bbox 139 391 292 442; x_wconf 69' lang='lat' dir='ltr'><strong>Quid?</strong></span> <span class='ocrx_word' id='word_1_17' title='bbox 323 389 498 430; x_wconf 86' lang='lat' dir='ltr'><strong>illicone</strong></span> <span class='ocrx_word' id='word_1_18' title='bbox 518 385 692 427; x_wconf 86' lang='lat' dir='ltr'><strong>credere</strong></span> <span class='ocrx_word' id='word_1_19' title='bbox 713 397 780 433; x_wconf 83' lang='lat' dir='ltr'><strong>ea,</strong></span> <span class='ocrx_word' id='word_1_20' title='bbox 803 395 904 436; x_wconf 86' lang='lat' dir='ltr'><strong>quae</strong></span> <span class='ocrx_word' id='word_1_21' title='bbox 927 380 1037 428; x_wconf 86' lang='lat' dir='ltr'><strong>dixi,</strong></span> <span class='ocrx_word' id='word_1_22' title='bbox 1059 377 1255 432; x_wconf 84' lang='lat' dir='ltr'><strong>oportuit</strong></span> <span class='ocrx_word' id='word_1_23' title='bbox 1274 375 1346 416; x_wconf 71' lang='lat' dir='ltr'><strong>te&#39;l</strong></span> 
     </span>
    </p>

    <p class='ocr_par' dir='ltr' id='par_1_3' title="bbox 137 446 1275 512">
     <span class='ocr_line' id='line_1_4' title="bbox 137 446 1275 512; baseline -0.014 -12"><span class='ocrx_word' id='word_1_24' title='bbox 137 460 212 501; x_wconf 90' lang='lat' dir='ltr'><strong>An</strong></span> <span class='ocrx_word' id='word_1_25' title='bbox 232 456 477 512; x_wconf 84' lang='lat' dir='ltr'><strong>poenitebat</strong></span> <span class='ocrx_word' id='word_1_26' title='bbox 497 453 666 506; x_wconf 86' lang='lat' dir='ltr'><strong>flagitii,</strong></span> <span class='ocrx_word' id='word_1_27' title='bbox 685 456 727 493; x_wconf 89' lang='lat' dir='ltr'><strong>te</strong></span> <span class='ocrx_word' id='word_1_28' title='bbox 749 456 931 492; x_wconf 81' lang='lat' dir='ltr'><strong>auctore</strong></span> <span class='ocrx_word' id='word_1_29' title='bbox 949 447 1069 502; x_wconf 91' lang='lat' dir='ltr'><strong>quod</strong></span> <span class='ocrx_word' id='word_1_30' title='bbox 1091 446 1275 486; x_wconf 83' lang='lat' dir='ltr'><strong>fecisset</strong></span> 
     </span>
    </p>

    <p class='ocr_par' dir='ltr' id='par_1_4' title="bbox 136 511 1587 708">
     <span class='ocr_line' id='line_1_5' title="bbox 136 511 1479 572; baseline -0.013 -5"><span class='ocrx_word' id='word_1_31' title='bbox 136 524 426 572; x_wconf 83' lang='lat' dir='ltr'><strong>Adolescens,</strong></span> <span class='ocrx_word' id='word_1_32' title='bbox 446 522 490 562; x_wconf 90' lang='lat' dir='ltr'><strong>ni</strong></span> <span class='ocrx_word' id='word_1_33' title='bbox 510 522 715 562; x_wconf 87' lang='lat' dir='ltr'><strong>miserum</strong></span> <span class='ocrx_word' id='word_1_34' title='bbox 736 521 916 571; x_wconf 85' lang='lat' dir='ltr'>insuper</span> <span class='ocrx_word' id='word_1_35' title='bbox 936 517 1069 557; x_wconf 82' lang='lat' dir='ltr'><strong>etiam</strong></span> <span class='ocrx_word' id='word_1_36' title='bbox 1090 514 1205 568; x_wconf 84' lang='lat' dir='ltr'><strong>patri</strong></span> <span class='ocrx_word' id='word_1_37' title='bbox 1226 512 1444 553; x_wconf 79' lang='lat' dir='ltr'><strong>indicares</strong></span> <span class='ocrx_word' id='word_1_38' title='bbox 1461 511 1479 550; x_wconf 70' lang='grc' dir='ltr'><strong>’ἒ</strong></span> 
     </span>
     <span class='ocr_line' id='line_1_6' title="bbox 139 577 1505 645; baseline -0.012 -11"><span class='ocrx_word' id='word_1_39' title='bbox 139 593 257 634; x_wconf 85' lang='lat' dir='ltr'><strong>Nam</strong></span> <span class='ocrx_word' id='word_1_40' title='bbox 278 591 386 645; x_wconf 92' lang='lat' dir='ltr'><strong>quid</strong></span> <span class='ocrx_word' id='word_1_41' title='bbox 406 590 473 631; x_wconf 90' lang='lat' dir='ltr'><strong>illi</strong></span> <span class='ocrx_word' id='word_1_42' title='bbox 494 588 636 630; x_wconf 87' lang='lat' dir='ltr'><strong>credis</strong></span> <span class='ocrx_word' id='word_1_43' title='bbox 660 587 794 628; x_wconf 84' lang='lat' dir='ltr'><strong>animi</strong></span> <span class='ocrx_word' id='word_1_44' title='bbox 817 590 910 627; x_wconf 88' lang='lat' dir='ltr'><strong>tum</strong></span> <span class='ocrx_word' id='word_1_45' title='bbox 929 583 1088 630; x_wconf 88' lang='lat' dir='ltr'><strong>fuisse,</strong></span> <span class='ocrx_word' id='word_1_46' title='bbox 1110 581 1186 621; x_wconf 89' lang='lat' dir='ltr'><strong>ubi</strong></span> <span class='ocrx_word' id='word_1_47' title='bbox 1205 584 1372 620; x_wconf 86' lang='lat' dir='ltr'><strong>vestem</strong></span> <span class='ocrx_word' id='word_1_48' title='bbox 1392 577 1505 619; x_wconf 86' lang='lat' dir='ltr'><strong>vidit</strong></span> 
     </span>
     <span class='ocr_line' id='line_1_7' title="bbox 139 645 1587 708; baseline -0.012 -6"><span class='ocrx_word' id='word_1_49' title='bbox 139 660 272 702; x_wconf 85' lang='lat' dir='ltr'><strong>Illam</strong></span> <span class='ocrx_word' id='word_1_50' title='bbox 303 672 405 700; x_wconf 87' lang='lat' dir='ltr'><strong>esse</strong></span> <span class='ocrx_word' id='word_1_51' title='bbox 441 671 544 698; x_wconf 89' lang='lat' dir='ltr'><strong>eum</strong></span> <span class='ocrx_word' id='word_1_52' title='bbox 577 655 783 698; x_wconf 83' lang='lat' dir='ltr'><strong>indutum</strong></span> <span class='ocrx_word' id='word_1_53' title='bbox 804 653 960 708; x_wconf 69' lang='lat' dir='ltr'><strong>pater?</strong></span> <span class='ocrx_word' id='word_1_54' title='bbox 1008 649 1115 704; x_wconf 89' lang='lat' dir='ltr'><strong>quid</strong></span> <span class='ocrx_word' id='word_1_55' title='bbox 1148 648 1249 690; x_wconf 71' lang='lat' dir='ltr'><strong>est?</strong></span> <span class='ocrx_word' id='word_1_56' title='bbox 1288 647 1382 702; x_wconf 81' lang='lat' dir='ltr'><strong>jam</strong></span> <span class='ocrx_word' id='word_1_57' title='bbox 1417 645 1507 687; x_wconf 86' lang='lat' dir='ltr'><strong>scis</strong></span> <span class='ocrx_word' id='word_1_58' title='bbox 1542 650 1587 686; x_wconf 88' lang='lat' dir='ltr'><strong>te</strong></span> 
     </span>
    </p>
   </div>
   <div class='ocr_carea' id='block_1_3' title="bbox 139 713 1592 1036">
    <p class='ocr_par' dir='ltr' id='par_1_5' title="bbox 139 713 1592 1036">
     <span class='ocr_line' id='line_1_8' title="bbox 309 713 1592 779; baseline -0.012 -12"><span class='ocrx_word' id='word_1_59' title='bbox 309 725 524 779; x_wconf 65' lang='lat' dir='ltr'><strong>periisse?</strong></span> <span class='ocrx_word' id='word_1_60' title='bbox 1508 713 1535 753; x_wconf 87' lang='lat'>1</span> <span class='ocrx_word' id='word_1_61' title='bbox 1564 713 1592 752; x_wconf 89' lang='grc'><em>5</em></span> 
     </span>
     <span class='ocr_line' id='line_1_9' title="bbox 139 781 1589 846; baseline -0.011 -10"><span class='ocrx_word' id='word_1_62' title='bbox 139 794 227 837; x_wconf 78' lang='grc' dir='ltr'><strong>ΡΑ.</strong></span> <span class='ocrx_word' id='word_1_63' title='bbox 257 793 400 835; x_wconf 89' lang='lat' dir='ltr'><strong>Hem!</strong></span> <span class='ocrx_word' id='word_1_64' title='bbox 447 791 553 846; x_wconf 92' lang='lat' dir='ltr'><strong>quid</strong></span> <span class='ocrx_word' id='word_1_65' title='bbox 575 790 704 840; x_wconf 80' lang='lat' dir='ltr'><strong>dixti,</strong></span> <span class='ocrx_word' id='word_1_66' title='bbox 739 787 983 843; x_wconf 66' lang='lat' dir='ltr'><strong>pessuma?</strong></span> <span class='ocrx_word' id='word_1_67' title='bbox 1029 797 1084 825; x_wconf 83' lang='lat' dir='ltr'><strong>an</strong></span> <span class='ocrx_word' id='word_1_68' title='bbox 1116 782 1298 824; x_wconf 80' lang='lat' dir='ltr'><strong>mentita</strong></span> <span class='ocrx_word' id='word_1_69' title='bbox 1322 782 1407 823; x_wconf 82' lang='lat' dir='ltr'><strong>es&#39;?</strong></span> <span class='ocrx_word' id='word_1_70' title='bbox 1454 781 1589 822; x_wconf 85' lang='lat' dir='ltr'><strong>etiam</strong></span> 
     </span>
     <span class='ocr_line' id='line_1_10' title="bbox 309 860 464 901; baseline -0.006 0"><span class='ocrx_word' id='word_1_71' title='bbox 309 860 464 901; x_wconf 68' lang='lat' dir='ltr'><strong>rides?</strong></span> 
     </span>
     <span class='ocr_line' id='line_1_11' title="bbox 139 914 1586 981; baseline -0.012 -9"><span class='ocrx_word' id='word_1_72' title='bbox 139 928 252 972; x_wconf 85' lang='lat' dir='ltr'><strong>Itan&#39;</strong></span> <span class='ocrx_word' id='word_1_73' title='bbox 285 927 482 981; x_wconf 84' lang='lat' dir='ltr'><strong>lepidum</strong></span> <span class='ocrx_word' id='word_1_74' title='bbox 513 926 595 968; x_wconf 87' lang='lat' dir='ltr'><strong>tibi</strong></span> <span class='ocrx_word' id='word_1_75' title='bbox 627 925 772 967; x_wconf 87' lang='lat' dir='ltr'><strong>visum</strong></span> <span class='ocrx_word' id='word_1_76' title='bbox 808 926 889 973; x_wconf 82' lang='lat' dir='ltr'><strong>est,</strong></span> <span class='ocrx_word' id='word_1_77' title='bbox 923 921 1083 970; x_wconf 77' lang='lat' dir='ltr'><strong>scelus,</strong></span> <span class='ocrx_word' id='word_1_78' title='bbox 1104 931 1187 960; x_wconf 81' lang='lat' dir='ltr'><strong>nos</strong></span> <span class='ocrx_word' id='word_1_79' title='bbox 1219 915 1435 958; x_wconf 74' lang='lat' dir='ltr'><strong>irridere&#39;?</strong></span> <span class='ocrx_word' id='word_1_80' title='bbox 1496 914 1586 955; x_wconf 82' lang='grc' dir='ltr'><strong>ΡΥ.</strong></span> 
     </span>
     <span class='ocr_line' id='line_1_12' title="bbox 312 994 529 1036; baseline -0.009 0"><span class='ocrx_word' id='word_1_81' title='bbox 312 994 529 1036; x_wconf 89' lang='lat' dir='ltr'><strong>Nimium.</strong></span> 
     </span>
    </p>
   </div>
   <div class='ocr_carea' id='block_1_4' title="bbox 130 1128 1595 1482">
    <p class='ocr_par' dir='ltr' id='par_1_6' title="bbox 130 1128 1595 1482">
     <span class='ocr_line' id='line_1_13' title="bbox 141 1128 1595 1180; baseline -0.01 -7"><span class='ocrx_word' id='word_1_82' title='bbox 141 1145 275 1180; x_wconf 80' lang='lat' dir='ltr'><strong>cautum,</strong></span> <span class='ocrx_word' id='word_1_83' title='bbox 290 1140 527 1180; x_wconf 79' lang='lat' dir='ltr'><strong>intelligentem,</strong></span> <span class='ocrx_word' id='word_1_84' title='bbox 541 1142 572 1169; x_wconf 86' lang='lat' dir='ltr'><strong>et</strong></span> <span class='ocrx_word' id='word_1_85' title='bbox 586 1137 760 1176; x_wconf 79' lang='lat' dir='ltr'><strong>facundum</strong></span> <span class='ocrx_word' id='word_1_86' title='bbox 774 1145 837 1167; x_wconf 86' lang='lat' dir='ltr'><strong>esse</strong></span> <span class='ocrx_word' id='word_1_87' title='bbox 853 1134 1040 1166; x_wconf 76' lang='lat' dir='ltr'><strong>existimavi.</strong></span> <span class='ocrx_word' id='word_1_88' title='bbox 1086 1133 1153 1164; x_wconf 82' lang='grc' dir='ltr'><strong>ΡΑ.</strong></span> <span class='ocrx_word' id='word_1_89' title='bbox 1179 1131 1285 1166; x_wconf 76' lang='lat' dir='ltr'><strong>Quid?</strong></span> <span class='ocrx_word' id='word_1_90' title='bbox 1327 1129 1396 1161; x_wconf 78' lang='grc' dir='ltr'><strong>ΡΥ.</strong></span> <span class='ocrx_word' id='word_1_91' title='bbox 1419 1128 1473 1160; x_wconf 84' lang='lat' dir='ltr'><strong>An</strong></span> <span class='ocrx_word' id='word_1_92' title='bbox 1486 1128 1595 1160; x_wconf 77' lang='lat' dir='ltr'><strong>statim</strong></span> 
     </span>
     <span class='ocr_line' id='line_1_14' title="bbox 130 1172 1595 1225; baseline -0.01 -9"><span class='ocrx_word' id='word_1_93' title='bbox 130 1185 231 1225; x_wconf 86' lang='lat' dir='ltr'><strong>fidem</strong></span> <span class='ocrx_word' id='word_1_94' title='bbox 253 1184 397 1215; x_wconf 81' lang='lat' dir='ltr'><strong>adhibere</strong></span> <span class='ocrx_word' id='word_1_95' title='bbox 421 1183 514 1213; x_wconf 80' lang='lat' dir='ltr'><strong>dictis</strong></span> <span class='ocrx_word' id='word_1_96' title='bbox 537 1181 612 1212; x_wconf 74' lang='lat' dir='ltr'><strong>meis</strong></span> <span class='ocrx_word' id='word_1_97' title='bbox 633 1178 790 1212; x_wconf 81' lang='lat' dir='ltr'><strong><em>debuisti?</em></strong></span> <span class='ocrx_word' id='word_1_98' title='bbox 812 1179 865 1210; x_wconf 91' lang='lat' dir='ltr'><strong>An</strong></span> <span class='ocrx_word' id='word_1_99' title='bbox 880 1181 910 1208; x_wconf 83' lang='lat' dir='ltr'><strong>te</strong></span> <span class='ocrx_word' id='word_1_100' title='bbox 927 1175 1278 1217; x_wconf 71' lang='lat' dir='ltr'><strong>poenitebatflagitium,</strong></span> <span class='ocrx_word' id='word_1_101' title='bbox 1295 1174 1374 1214; x_wconf 82' lang='lat' dir='ltr'><strong>quod</strong></span> <span class='ocrx_word' id='word_1_102' title='bbox 1387 1176 1418 1203; x_wconf 83' lang='lat' dir='ltr'><strong>te</strong></span> <span class='ocrx_word' id='word_1_103' title='bbox 1432 1172 1595 1213; x_wconf 77' lang='lat' dir='ltr'><strong>impulsore</strong></span> 
     </span>
     <span class='ocr_line' id='line_1_15' title="bbox 139 1215 1594 1262; baseline -0.01 -3"><span class='ocrx_word' id='word_1_104' title='bbox 139 1227 340 1258; x_wconf 71' lang='lat' dir='ltr'><em>commisisset</em></span> <span class='ocrx_word' id='word_1_105' title='bbox 353 1226 525 1257; x_wconf 80' lang='lat' dir='ltr'><strong>adolescens</strong></span> <span class='ocrx_word' id='word_1_106' title='bbox 543 1225 682 1262; x_wconf 67' lang='lat' dir='ltr'><strong>cmm,</strong></span> <span class='ocrx_word' id='word_1_107' title='bbox 698 1223 791 1253; x_wconf 83' lang='lat' dir='ltr'><strong>nimis</strong></span> <span class='ocrx_word' id='word_1_108' title='bbox 806 1222 869 1252; x_wconf 80' lang='lat' dir='ltr'><strong>leve</strong></span> <span class='ocrx_word' id='word_1_109' title='bbox 882 1221 998 1259; x_wconf 80' lang='lat' dir='ltr'><strong>fuisse,</strong></span> <span class='ocrx_word' id='word_1_110' title='bbox 1020 1219 1082 1250; x_wconf 78' lang='lat' dir='ltr'><strong>nisi</strong></span> <span class='ocrx_word' id='word_1_111' title='bbox 1102 1218 1232 1259; x_wconf 79' lang='lat' dir='ltr'><strong>amplius</strong></span> <span class='ocrx_word' id='word_1_112' title='bbox 1247 1217 1392 1248; x_wconf 83' lang='lat' dir='ltr'><strong>miserum</strong></span> <span class='ocrx_word' id='word_1_113' title='bbox 1407 1215 1494 1246; x_wconf 78' lang='lat' dir='ltr'><strong>illum</strong></span> <span class='ocrx_word' id='word_1_114' title='bbox 1508 1215 1594 1254; x_wconf 78' lang='lat' dir='ltr'><strong>patri</strong></span> 
     </span>
     <span class='ocr_line' id='line_1_16' title="bbox 136 1258 1594 1311; baseline -0.01 -9"><span class='ocrx_word' id='word_1_115' title='bbox 136 1272 284 1311; x_wconf 74' lang='lat' dir='ltr'><strong>proderes</strong></span> <span class='ocrx_word' id='word_1_116' title='bbox 298 1273 328 1300; x_wconf 85' lang='lat' dir='ltr'><strong>et</strong></span> <span class='ocrx_word' id='word_1_117' title='bbox 344 1269 500 1307; x_wconf 81' lang='lat' dir='ltr'><strong>deferres?</strong></span> <span class='ocrx_word' id='word_1_118' title='bbox 523 1268 609 1298; x_wconf 84' lang='lat' dir='ltr'><strong>Nam</strong></span> <span class='ocrx_word' id='word_1_119' title='bbox 624 1267 769 1306; x_wconf 79' lang='lat' dir='ltr'><strong>quomodo</strong></span> <span class='ocrx_word' id='word_1_120' title='bbox 793 1275 861 1295; x_wconf 82' lang='lat' dir='ltr'><strong>eum</strong></span> <span class='ocrx_word' id='word_1_121' title='bbox 882 1263 1028 1304; x_wconf 76' lang='lat' dir='ltr'><strong>affectum</strong></span> <span class='ocrx_word' id='word_1_122' title='bbox 1035 1262 1138 1300; x_wconf 78' lang='lat' dir='ltr'><strong>fuisse</strong></span> <span class='ocrx_word' id='word_1_123' title='bbox 1150 1264 1254 1301; x_wconf 77' lang='lat' dir='ltr'><strong>putas,</strong></span> <span class='ocrx_word' id='word_1_124' title='bbox 1266 1260 1319 1291; x_wconf 82' lang='lat' dir='ltr'><strong>ubi</strong></span> <span class='ocrx_word' id='word_1_125' title='bbox 1332 1269 1364 1289; x_wconf 86' lang='lat' dir='ltr'><strong>se</strong></span> <span class='ocrx_word' id='word_1_126' title='bbox 1378 1258 1457 1289; x_wconf 75' lang='lat' dir='ltr'><strong>vidit</strong></span> <span class='ocrx_word' id='word_1_127' title='bbox 1472 1268 1491 1288; x_wconf 86' lang='grc' dir='ltr'><em>α</em></span> <span class='ocrx_word' id='word_1_128' title='bbox 1504 1260 1594 1297; x_wconf 79' lang='lat' dir='ltr'><strong>patre</strong></span> 
     </span>
     <span class='ocr_line' id='line_1_17' title="bbox 141 1298 1593 1354; baseline -0.01 -9"><span class='ocrx_word' id='word_1_129' title='bbox 141 1313 358 1354; x_wconf 80' lang='lat' dir='ltr'><strong>deprehensum</strong></span> <span class='ocrx_word' id='word_1_130' title='bbox 381 1321 458 1350; x_wconf 86' lang='lat' dir='ltr'><strong>esse,</strong></span> <span class='ocrx_word' id='word_1_131' title='bbox 478 1311 513 1341; x_wconf 80' lang='lat' dir='ltr'><strong>in</strong></span> <span class='ocrx_word' id='word_1_132' title='bbox 537 1311 591 1340; x_wconf 83' lang='lat' dir='ltr'><strong>illa</strong></span> <span class='ocrx_word' id='word_1_133' title='bbox 606 1312 688 1340; x_wconf 80' lang='lat' dir='ltr'><strong>veste</strong></span> <span class='ocrx_word' id='word_1_134' title='bbox 704 1308 870 1339; x_wconf 75' lang='lat' dir='ltr'><strong>Eunuchi?</strong></span> <span class='ocrx_word' id='word_1_135' title='bbox 892 1306 963 1346; x_wconf 76' lang='lat' dir='ltr'><strong>quid</strong></span> <span class='ocrx_word' id='word_1_136' title='bbox 979 1309 1046 1336; x_wconf 82' lang='lat' dir='ltr'><strong>est?</strong></span> <span class='ocrx_word' id='word_1_137' title='bbox 1067 1305 1165 1335; x_wconf 77' lang='lat' dir='ltr'><strong>scisne</strong></span> <span class='ocrx_word' id='word_1_138' title='bbox 1189 1305 1226 1334; x_wconf 84' lang='lat' dir='ltr'><strong>de</strong></span> <span class='ocrx_word' id='word_1_139' title='bbox 1251 1307 1280 1334; x_wconf 82' lang='lat' dir='ltr'><strong>te</strong></span> <span class='ocrx_word' id='word_1_140' title='bbox 1294 1303 1365 1341; x_wconf 78' lang='lat' dir='ltr'><strong>jam</strong></span> <span class='ocrx_word' id='word_1_141' title='bbox 1386 1305 1487 1332; x_wconf 81' lang='lat' dir='ltr'><strong>actum</strong></span> <span class='ocrx_word' id='word_1_142' title='bbox 1503 1298 1593 1331; x_wconf 77' lang='lat' dir='ltr'><strong>esse?</strong></span> 
     </span>
     <span class='ocr_line' id='line_1_18' title="bbox 141 1344 1595 1395; baseline -0.01 -9"><span class='ocrx_word' id='word_1_143' title='bbox 141 1355 209 1387; x_wconf 76' lang='grc' dir='ltr'><strong>ΡΑ.</strong></span> <span class='ocrx_word' id='word_1_144' title='bbox 231 1355 341 1387; x_wconf 85' lang='lat' dir='ltr'><strong>Hem!</strong></span> <span class='ocrx_word' id='word_1_145' title='bbox 364 1356 436 1395; x_wconf 84' lang='lat' dir='ltr'><strong>quid</strong></span> <span class='ocrx_word' id='word_1_146' title='bbox 451 1353 576 1390; x_wconf 75' lang='lat' dir='ltr'><strong>dixisti,</strong></span> <span class='ocrx_word' id='word_1_147' title='bbox 600 1352 791 1383; x_wconf 80' lang='lat' dir='ltr'><strong>deterrima?</strong></span> <span class='ocrx_word' id='word_1_148' title='bbox 812 1350 866 1381; x_wconf 86' lang='lat' dir='ltr'><strong>An</strong></span> <span class='ocrx_word' id='word_1_149' title='bbox 880 1349 1010 1380; x_wconf 80' lang='lat' dir='ltr'><strong>mentita</strong></span> <span class='ocrx_word' id='word_1_150' title='bbox 1026 1358 1072 1386; x_wconf 89' lang='lat' dir='ltr'><strong>es,</strong></span> <span class='ocrx_word' id='word_1_151' title='bbox 1085 1358 1152 1378; x_wconf 83' lang='lat' dir='ltr'><strong>cum</strong></span> <span class='ocrx_word' id='word_1_152' title='bbox 1169 1346 1245 1377; x_wconf 79' lang='lat' dir='ltr'><strong>mihi</strong></span> <span class='ocrx_word' id='word_1_153' title='bbox 1270 1345 1382 1376; x_wconf 69' lang='lat' dir='ltr'><strong>dixisti</strong></span> <span class='ocrx_word' id='word_1_154' title='bbox 1400 1344 1560 1375; x_wconf 77' lang='lat' dir='ltr'><strong>Chaeream</strong></span> <span class='ocrx_word' id='word_1_155' title='bbox 1575 1353 1595 1373; x_wconf 84' lang='grc' dir='ltr'><strong>ιι</strong></span> 
     </span>
     <span class='ocr_line' id='line_1_19' title="bbox 143 1386 1595 1436; baseline -0.009 -8"><span class='ocrx_word' id='word_1_156' title='bbox 143 1398 305 1430; x_wconf 84' lang='lat' dir='ltr'><strong>Chremete</strong></span> <span class='ocrx_word' id='word_1_157' title='bbox 319 1398 498 1436; x_wconf 82' lang='lat' dir='ltr'><strong>colligatum</strong></span> <span class='ocrx_word' id='word_1_158' title='bbox 504 1396 629 1434; x_wconf 75' lang='lat' dir='ltr'><strong>fuisse?</strong></span> <span class='ocrx_word' id='word_1_159' title='bbox 650 1394 744 1425; x_wconf 79' lang='lat' dir='ltr'><strong>etiam</strong></span> <span class='ocrx_word' id='word_1_160' title='bbox 756 1393 863 1434; x_wconf 81' lang='lat' dir='ltr'><em>pergis</em></span> <span class='ocrx_word' id='word_1_161' title='bbox 878 1393 1000 1423; x_wconf 79' lang='lat' dir='ltr'><strong>ridere?</strong></span> <span class='ocrx_word' id='word_1_162' title='bbox 1023 1392 1112 1421; x_wconf 81' lang='lat' dir='ltr'><strong>Itane</strong></span> <span class='ocrx_word' id='word_1_163' title='bbox 1128 1390 1245 1420; x_wconf 79' lang='lat' dir='ltr'><strong>urbana</strong></span> <span class='ocrx_word' id='word_1_164' title='bbox 1260 1392 1290 1419; x_wconf 77' lang='lat' dir='ltr'><strong>et</strong></span> <span class='ocrx_word' id='word_1_165' title='bbox 1304 1387 1403 1428; x_wconf 77' lang='lat' dir='ltr'><strong>lepida</strong></span> <span class='ocrx_word' id='word_1_166' title='bbox 1419 1386 1595 1417; x_wconf 76' lang='lat' dir='ltr'><strong>existimari</strong></span> 
     </span>
     <span class='ocr_line' id='line_1_20' title="bbox 141 1430 1592 1482; baseline -0.008 -11"><span class='ocrx_word' id='word_1_167' title='bbox 141 1441 281 1482; x_wconf 49' lang='lat' dir='ltr'><strong>voluisti,</strong></span> <span class='ocrx_word' id='word_1_168' title='bbox 301 1441 442 1481; x_wconf 81' lang='lat' dir='ltr'><strong>scelesta,</strong></span> <span class='ocrx_word' id='word_1_169' title='bbox 462 1440 491 1471; x_wconf 82' lang='lat' dir='ltr'><strong>si</strong></span> <span class='ocrx_word' id='word_1_170' title='bbox 505 1449 559 1470; x_wconf 83' lang='lat' dir='ltr'><strong>nos</strong></span> <span class='ocrx_word' id='word_1_171' title='bbox 573 1437 705 1470; x_wconf 77' lang='lat' dir='ltr'><strong>ludibrio</strong></span> <span class='ocrx_word' id='word_1_172' title='bbox 720 1437 866 1468; x_wconf 75' lang='lat' dir='ltr'><strong>haberes?</strong></span> <span class='ocrx_word' id='word_1_173' title='bbox 910 1436 978 1466; x_wconf 76' lang='grc' dir='ltr'><strong>ΡΥ.</strong></span> <span class='ocrx_word' id='word_1_174' title='bbox 1007 1434 1103 1466; x_wconf 75' lang='lat' dir='ltr'><strong>Valde</strong></span> <span class='ocrx_word' id='word_1_175' title='bbox 1118 1434 1172 1464; x_wconf 84' lang='lat' dir='ltr'><strong>hoc</strong></span> <span class='ocrx_word' id='word_1_176' title='bbox 1185 1432 1284 1463; x_wconf 68' lang='lat' dir='ltr'><strong>visum</strong></span> <span class='ocrx_word' id='word_1_177' title='bbox 1300 1434 1346 1462; x_wconf 84' lang='lat' dir='ltr'><strong>est</strong></span> <span class='ocrx_word' id='word_1_178' title='bbox 1361 1430 1437 1461; x_wconf 67' lang='lat' dir='ltr'><strong>mihi</strong></span> <span class='ocrx_word' id='word_1_179' title='bbox 1451 1430 1592 1470; x_wconf 83' lang='lat' dir='ltr'><strong>lepidum.</strong></span> 
     </span>
    </p>
   </div>
   <div class='ocr_carea' id='block_1_5' title="bbox 746 1541 986 1557">
    <p class='ocr_par' dir='ltr' id='par_1_7' title="bbox 746 1541 986 1557">
     <span class='ocr_line' id='line_1_21' title="bbox 746 1541 986 1557; baseline -0.004 -3"><span class='ocrx_word' id='word_1_180' title='bbox 746 1543 763 1557; x_wconf 54' lang='grc' dir='ltr'><em>Ο</em></span> <span class='ocrx_word' id='word_1_181' title='bbox 769 1541 986 1554; x_wconf 55' lang='lat' dir='ltr'><strong>”COOWO‘O</strong></span> 
     </span>
    </p>
   </div>
   <div class='ocr_carea' id='block_1_6' title="bbox 139 1611 1599 2818">
    <p class='ocr_par' dir='ltr' id='par_1_8' title="bbox 139 1611 1599 2818">
     <span class='ocr_line' id='line_1_22' title="bbox 142 1611 1593 1664; baseline -0.011 -8"><span class='ocrx_word' id='word_1_182' title='bbox 142 1624 171 1657; x_wconf 80' lang='lat' dir='ltr'><strong>si</strong></span> <span class='ocrx_word' id='word_1_183' title='bbox 184 1625 270 1656; x_wconf 82' lang='lat' dir='ltr'><strong>hanc</strong></span> <span class='ocrx_word' id='word_1_184' title='bbox 286 1623 450 1664; x_wconf 81' lang='lat' dir='ltr'><strong>loquendi</strong></span> <span class='ocrx_word' id='word_1_185' title='bbox 465 1622 609 1653; x_wconf 82' lang='lat' dir='ltr'><strong>formam</strong></span> <span class='ocrx_word' id='word_1_186' title='bbox 625 1619 833 1662; x_wconf 83' lang='lat' dir='ltr'><strong>praetuleris,</strong></span> <span class='ocrx_word' id='word_1_187' title='bbox 847 1619 896 1650; x_wconf 84' lang='lat' dir='ltr'><strong>sic</strong></span> <span class='ocrx_word' id='word_1_188' title='bbox 918 1616 1033 1648; x_wconf 84' lang='lat' dir='ltr'><strong>versui</strong></span> <span class='ocrx_word' id='word_1_189' title='bbox 1050 1614 1179 1646; x_wconf 87' lang='lat' dir='ltr'><strong>mederi</strong></span> <span class='ocrx_word' id='word_1_190' title='bbox 1197 1612 1317 1654; x_wconf 84' lang='lat' dir='ltr'><strong>possis,</strong></span> <span class='ocrx_word' id='word_1_191' title='bbox 1338 1612 1413 1642; x_wconf 79' lang='lat' dir='ltr'><strong>Non</strong></span> <span class='ocrx_word' id='word_1_192' title='bbox 1435 1611 1515 1642; x_wconf 78' lang='lat' dir='ltr'><strong>satis</strong></span> <span class='ocrx_word' id='word_1_193' title='bbox 1537 1621 1593 1652; x_wconf 85' lang='lat' dir='ltr'><strong>po-</strong></span> 
     </span>
     <span class='ocr_line' id='line_1_23' title="bbox 144 1655 1593 1706; baseline -0.011 -7"><span class='ocrx_word' id='word_1_194' title='bbox 144 1671 205 1700; x_wconf 82' lang='lat' dir='ltr'><strong>test</strong></span> <span class='ocrx_word' id='word_1_195' title='bbox 219 1667 391 1704; x_wconf 57' lang='lat' dir='ltr'><strong>narrat-ier,</strong></span> <span class='ocrx_word' id='word_1_196' title='bbox 405 1675 477 1706; x_wconf 83' lang='lat' dir='ltr'><em>quos</em></span> <span class='ocrx_word' id='word_1_197' title='bbox 492 1665 613 1696; x_wconf 78' lang='lat' dir='ltr'><strong>dederis</strong></span> <span class='ocrx_word' id='word_1_198' title='bbox 636 1665 723 1694; x_wconf 80' lang='lat' dir='ltr'><strong>ludos</strong></span> <span class='ocrx_word' id='word_1_199' title='bbox 745 1663 840 1694; x_wconf 80' lang='lat' dir='ltr'><strong>intus.</strong></span> <span class='ocrx_word' id='word_1_200' title='bbox 885 1661 952 1692; x_wconf 87' lang='lat' dir='ltr'><strong>Sed</strong></span> <span class='ocrx_word' id='word_1_201' title='bbox 970 1660 1063 1701; x_wconf 86' lang='lat' dir='ltr'><strong>prior</strong></span> <span class='ocrx_word' id='word_1_202' title='bbox 1079 1659 1137 1689; x_wconf 91' lang='lat' dir='ltr'><strong>illa</strong></span> <span class='ocrx_word' id='word_1_203' title='bbox 1153 1656 1255 1688; x_wconf 87' lang='lat' dir='ltr'><strong>lectio</strong></span> <span class='ocrx_word' id='word_1_204' title='bbox 1271 1655 1353 1686; x_wconf 83' lang='lat' dir='ltr'><strong>satis</strong></span> <span class='ocrx_word' id='word_1_205' title='bbox 1370 1664 1406 1685; x_wconf 86' lang='lat' dir='ltr'><strong>se</strong></span> <span class='ocrx_word' id='word_1_206' title='bbox 1423 1664 1593 1685; x_wconf 86' lang='lat' dir='ltr'><strong>commen-</strong></span> 
     </span>
     <span class='ocr_line' id='line_1_24' title="bbox 144 1697 1595 1749; baseline -0.011 -7"><span class='ocrx_word' id='word_1_207' title='bbox 144 1711 216 1742; x_wconf 89' lang='lat' dir='ltr'><strong>dat.</strong></span> <span class='ocrx_word' id='word_1_208' title='bbox 239 1711 335 1741; x_wconf 81' lang='lat' dir='ltr'><strong>Bent.</strong></span> <span class='ocrx_word' id='word_1_209' title='bbox 365 1710 439 1739; x_wconf 89' lang='lat' dir='ltr'><strong>Non</strong></span> <span class='ocrx_word' id='word_1_210' title='bbox 457 1712 529 1749; x_wconf 77' lang='lat' dir='ltr'><strong>pote</strong></span> <span class='ocrx_word' id='word_1_211' title='bbox 541 1707 620 1739; x_wconf 81' lang='lat' dir='ltr'><strong>satis</strong></span> <span class='ocrx_word' id='word_1_212' title='bbox 634 1707 759 1738; x_wconf 78' lang='lat' dir='ltr'><strong>narrari.</strong></span> <span class='ocrx_word' id='word_1_213' title='bbox 777 1705 819 1736; x_wconf 82' lang='lat' dir='ltr'><strong>R.</strong></span> <span class='ocrx_word' id='word_1_214' title='bbox 836 1704 929 1736; x_wconf 84' lang='lat' dir='ltr'><strong>Lz&#39;nd.</strong></span> <span class='ocrx_word' id='word_1_215' title='bbox 976 1703 1017 1738; x_wconf 85' lang='lat' dir='ltr'><strong>Q.</strong></span> <span class='ocrx_word' id='word_1_216' title='bbox 1031 1701 1126 1742; x_wconf 79' lang='lat' dir='ltr'><strong>praeb.</strong></span> <span class='ocrx_word' id='word_1_217' title='bbox 1144 1700 1182 1740; x_wconf 90' lang='lat' dir='ltr'><strong>l.]</strong></span> <span class='ocrx_word' id='word_1_218' title='bbox 1212 1699 1296 1730; x_wconf 85' lang='lat' dir='ltr'><strong>GM.</strong></span> <span class='ocrx_word' id='word_1_219' title='bbox 1312 1707 1385 1738; x_wconf 86' lang='lat' dir='ltr'><strong>sup.</strong></span> <span class='ocrx_word' id='word_1_220' title='bbox 1411 1697 1530 1737; x_wconf 81' lang='lat' dir='ltr'>script.</span> <span class='ocrx_word' id='word_1_221' title='bbox 1557 1698 1595 1728; x_wconf 87' lang='lat' dir='ltr'><strong>de</strong></span> 
     </span>
     <span class='ocr_line' id='line_1_25' title="bbox 141 1740 1593 1794; baseline -0.011 -9"><span class='ocrx_word' id='word_1_222' title='bbox 141 1763 213 1785; x_wconf 82' lang='lat' dir='ltr'><strong>sene</strong></span> <span class='ocrx_word' id='word_1_223' title='bbox 227 1763 315 1794; x_wconf 82' lang='lat' dir='ltr'><strong>quem</strong></span> <span class='ocrx_word' id='word_1_224' title='bbox 330 1751 441 1790; x_wconf 79' lang='lat' dir='ltr'><strong>fecisti</strong></span> <span class='ocrx_word' id='word_1_225' title='bbox 456 1753 577 1782; x_wconf 84' lang='lat' dir='ltr'><strong>domum</strong></span> <span class='ocrx_word' id='word_1_226' title='bbox 599 1749 734 1789; x_wconf 81' lang='lat' dir='ltr'><strong>ingredi.</strong></span> <span class='ocrx_word' id='word_1_227' title='bbox 760 1748 850 1779; x_wconf 88' lang='lat' dir='ltr'><strong>Huic</strong></span> <span class='ocrx_word' id='word_1_228' title='bbox 878 1748 999 1788; x_wconf 83' lang='lat' dir='ltr'><strong>glossae</strong></span> <span class='ocrx_word' id='word_1_229' title='bbox 1027 1745 1131 1776; x_wconf 76' lang='lat' dir='ltr'><strong>etiam</strong></span> <span class='ocrx_word' id='word_1_230' title='bbox 1155 1744 1188 1774; x_wconf 90' lang='lat' dir='ltr'><strong>in</strong></span> <span class='ocrx_word' id='word_1_231' title='bbox 1215 1743 1274 1773; x_wconf 85' lang='lat' dir='ltr'><strong>Br.</strong></span> <span class='ocrx_word' id='word_1_232' title='bbox 1297 1740 1469 1771; x_wconf 82' lang='lat' dir='ltr'><strong>adduntur</strong></span> <span class='ocrx_word' id='word_1_233' title='bbox 1495 1740 1593 1771; x_wconf 83' lang='lat' dir='ltr'><strong>haec:</strong></span> 
     </span>
     <span class='ocr_line' id='line_1_26' title="bbox 139 1786 1593 1838; baseline -0.01 -11"><span class='ocrx_word' id='word_1_234' title='bbox 139 1797 313 1838; x_wconf 78' lang='lat' dir='ltr'><em>pulsantem</em></span> <span class='ocrx_word' id='word_1_235' title='bbox 327 1798 362 1826; x_wconf 80' lang='lat' dir='ltr'><strong>ut</strong></span> <span class='ocrx_word' id='word_1_236' title='bbox 376 1804 461 1825; x_wconf 86' lang='lat' dir='ltr'><strong>senes</strong></span> <span class='ocrx_word' id='word_1_237' title='bbox 475 1795 583 1825; x_wconf 81' lang='lat' dir='ltr'><strong>solent.</strong></span> <span class='ocrx_word' id='word_1_238' title='bbox 605 1793 697 1823; x_wconf 86' lang='lat' dir='ltr'><strong>Perl.</strong></span> <span class='ocrx_word' id='word_1_239' title='bbox 743 1791 830 1822; x_wconf 78' lang='lat' dir='ltr'><strong>Haec</strong></span> <span class='ocrx_word' id='word_1_240' title='bbox 847 1795 921 1821; x_wconf 88' lang='lat' dir='ltr'><strong>tota</strong></span> <span class='ocrx_word' id='word_1_241' title='bbox 937 1790 1049 1829; x_wconf 80' lang='lat' dir='ltr'><strong>glossa</strong></span> <span class='ocrx_word' id='word_1_242' title='bbox 1065 1791 1116 1818; x_wconf 87' lang='lat' dir='ltr'><strong>est</strong></span> <span class='ocrx_word' id='word_1_243' title='bbox 1132 1786 1164 1816; x_wconf 86' lang='lat' dir='ltr'><strong>in</strong></span> <span class='ocrx_word' id='word_1_244' title='bbox 1181 1786 1241 1817; x_wconf 71' lang='grc' dir='ltr'><strong>ΒΓ.</strong></span> <span class='ocrx_word' id='word_1_245' title='bbox 1259 1793 1432 1824; x_wconf 87' lang='lat' dir='ltr'><strong>unumque</strong></span> <span class='ocrx_word' id='word_1_246' title='bbox 1458 1792 1593 1813; x_wconf 85' lang='lat' dir='ltr'><strong>versum</strong></span> 
     </span>
     <span class='ocr_line' id='line_1_27' title="bbox 142 1826 1595 1877; baseline -0.009 -7"><span class='ocrx_word' id='word_1_247' title='bbox 142 1839 293 1877; x_wconf 86' lang='lat' dir='ltr'><strong>conficit,</strong></span> <span class='ocrx_word' id='word_1_248' title='bbox 316 1837 359 1868; x_wconf 89' lang='lat' dir='ltr'><strong>de</strong></span> <span class='ocrx_word' id='word_1_249' title='bbox 390 1847 455 1877; x_wconf 85' lang='lat' dir='ltr'><strong>quo</strong></span> <span class='ocrx_word' id='word_1_250' title='bbox 483 1838 532 1867; x_wconf 79' lang='lat' dir='ltr'><strong>ita</strong></span> <span class='ocrx_word' id='word_1_251' title='bbox 555 1837 691 1866; x_wconf 85' lang='lat' dir='ltr'><strong>Bruns:</strong></span> <span class='ocrx_word' id='word_1_252' title='bbox 716 1839 725 1852; x_wconf 90' lang='lat'>‘</span> <span class='ocrx_word' id='word_1_253' title='bbox 741 1835 848 1865; x_wconf 81' lang='lat' dir='ltr'><strong>Totus</strong></span> <span class='ocrx_word' id='word_1_254' title='bbox 872 1842 987 1863; x_wconf 84' lang='lat' dir='ltr'><strong>versus</strong></span> <span class='ocrx_word' id='word_1_255' title='bbox 1010 1831 1108 1862; x_wconf 86' lang='lat' dir='ltr'><strong>abest</strong></span> <span class='ocrx_word' id='word_1_256' title='bbox 1125 1828 1268 1860; x_wconf 84' lang='lat' dir='ltr'><strong>edition.</strong></span> <span class='ocrx_word' id='word_1_257' title='bbox 1285 1836 1394 1867; x_wconf 86' lang='lat' dir='ltr'><strong>neque</strong></span> <span class='ocrx_word' id='word_1_258' title='bbox 1412 1826 1502 1857; x_wconf 84' lang='lat' dir='ltr'><strong>inter</strong></span> <span class='ocrx_word' id='word_1_259' title='bbox 1518 1826 1595 1857; x_wconf 82' lang='lat' dir='ltr'><strong>VV.</strong></span> 
     </span>
     <span class='ocr_line' id='line_1_28' title="bbox 141 1868 1595 1921; baseline -0.011 -8"><span class='ocrx_word' id='word_1_260' title='bbox 141 1882 212 1914; x_wconf 84' lang='lat' dir='ltr'><strong>LL.</strong></span> <span class='ocrx_word' id='word_1_261' title='bbox 229 1891 306 1912; x_wconf 88' lang='lat' dir='ltr'><strong>eum</strong></span> <span class='ocrx_word' id='word_1_262' title='bbox 329 1879 466 1921; x_wconf 67' lang='lat' dir='ltr'><strong>reperi!</strong></span> <span class='ocrx_word' id='word_1_263' title='bbox 498 1880 571 1910; x_wconf 85' lang='lat' dir='ltr'><strong>Non</strong></span> <span class='ocrx_word' id='word_1_264' title='bbox 583 1881 656 1919; x_wconf 81' lang='lat' dir='ltr'><strong>pote</strong></span> <span class='ocrx_word' id='word_1_265' title='bbox 670 1878 749 1909; x_wconf 81' lang='lat' dir='ltr'><strong>satis</strong></span> <span class='ocrx_word' id='word_1_266' title='bbox 761 1877 887 1908; x_wconf 76' lang='lat' dir='ltr'><strong>narrari</strong></span> <span class='ocrx_word' id='word_1_267' title='bbox 904 1875 1005 1906; x_wconf 88' lang='lat' dir='ltr'><strong>Both.</strong></span> <span class='ocrx_word' id='word_1_268' title='bbox 1025 1873 1150 1913; x_wconf 87' lang='lat' dir='ltr'><strong>Delph.</strong></span> <span class='ocrx_word' id='word_1_269' title='bbox 1176 1872 1249 1902; x_wconf 86' lang='lat' dir='ltr'><strong>Non</strong></span> <span class='ocrx_word' id='word_1_270' title='bbox 1260 1870 1338 1901; x_wconf 76' lang='lat' dir='ltr'><strong>satis</strong></span> <span class='ocrx_word' id='word_1_271' title='bbox 1351 1872 1451 1910; x_wconf 85' lang='lat' dir='ltr'><strong>potest</strong></span> <span class='ocrx_word' id='word_1_272' title='bbox 1466 1868 1595 1899; x_wconf 80' lang='lat' dir='ltr'><strong>narrari</strong></span> 
     </span>
     <span class='ocr_line' id='line_1_29' title="bbox 143 1912 1592 1964; baseline -0.011 -8"><span class='ocrx_word' id='word_1_273' title='bbox 143 1925 204 1956; x_wconf 72' lang='grc' dir='ltr'><strong>ΒΓ.</strong></span> <span class='ocrx_word' id='word_1_274' title='bbox 233 1925 307 1955; x_wconf 84' lang='lat' dir='ltr'><strong>Non</strong></span> <span class='ocrx_word' id='word_1_275' title='bbox 321 1926 420 1964; x_wconf 81' lang='lat' dir='ltr'><strong>potest</strong></span> <span class='ocrx_word' id='word_1_276' title='bbox 435 1922 512 1953; x_wconf 83' lang='lat' dir='ltr'><strong>satis</strong></span> <span class='ocrx_word' id='word_1_277' title='bbox 528 1922 655 1952; x_wconf 80' lang='lat' dir='ltr'><strong>narrari</strong></span> <span class='ocrx_word' id='word_1_278' title='bbox 676 1921 776 1951; x_wconf 82' lang='lat' dir='ltr'><strong>Both.</strong></span> <span class='ocrx_word' id='word_1_279' title='bbox 793 1920 849 1960; x_wconf 89' lang='lat' dir='ltr'><strong>qui</strong></span> <span class='ocrx_word' id='word_1_280' title='bbox 867 1924 961 1949; x_wconf 83' lang='lat' dir='ltr'><strong>notat</strong></span> <span class='ocrx_word' id='word_1_281' title='bbox 979 1929 987 1949; x_wconf 89' lang='lat'><strong>:</strong></span> <span class='ocrx_word' id='word_1_282' title='bbox 1012 1918 1021 1934; x_wconf 87' lang='lat'>‘</span> <span class='ocrx_word' id='word_1_283' title='bbox 1037 1916 1093 1947; x_wconf 89' lang='lat' dir='ltr'><strong>Al.</strong></span> <span class='ocrx_word' id='word_1_284' title='bbox 1122 1915 1191 1946; x_wconf 87' lang='lat' dir='ltr'><strong>Non</strong></span> <span class='ocrx_word' id='word_1_285' title='bbox 1205 1923 1327 1953; x_wconf 85' lang='lat' dir='ltr'><strong>possum</strong></span> <span class='ocrx_word' id='word_1_286' title='bbox 1341 1912 1418 1942; x_wconf 75' lang='lat' dir='ltr'><strong>satis</strong></span> <span class='ocrx_word' id='word_1_287' title='bbox 1441 1921 1592 1942; x_wconf 78' lang='lat' dir='ltr'><strong>narrare.-</strong></span> 
     </span>
     <span class='ocr_line' id='line_1_30' title="bbox 143 1954 1594 2008; baseline -0.01 -9"><span class='ocrx_word' id='word_1_288' title='bbox 143 1967 234 2008; x_wconf 88' lang='lat' dir='ltr'><strong>quod</strong></span> <span class='ocrx_word' id='word_1_289' title='bbox 249 1968 353 1998; x_wconf 90' lang='lat' dir='ltr'><strong>Bent.</strong></span> <span class='ocrx_word' id='word_1_290' title='bbox 371 1965 521 2007; x_wconf 81' lang='lat' dir='ltr'><strong>praefert.</strong></span> <span class='ocrx_word' id='word_1_291' title='bbox 559 1964 614 1996; x_wconf 89' lang='lat' dir='ltr'><strong>Al.</strong></span> <span class='ocrx_word' id='word_1_292' title='bbox 644 1964 717 1994; x_wconf 84' lang='lat' dir='ltr'><strong>Non</strong></span> <span class='ocrx_word' id='word_1_293' title='bbox 732 1963 811 1994; x_wconf 81' lang='lat' dir='ltr'><strong>satis</strong></span> <span class='ocrx_word' id='word_1_294' title='bbox 824 1961 918 2002; x_wconf 59' lang='lat' dir='ltr'><strong>pote?</strong></span> <span class='ocrx_word' id='word_1_295' title='bbox 947 1959 1050 1992; x_wconf 76' lang='lat' dir='ltr'><strong>Proeb.</strong></span> <span class='ocrx_word' id='word_1_296' title='bbox 1066 1959 1151 1990; x_wconf 83' lang='lat' dir='ltr'><strong>ludos</strong></span> <span class='ocrx_word' id='word_1_297' title='bbox 1178 1957 1356 1987; x_wconf 63' lang='lat' dir='ltr'><strong>Peri—10</strong></span> <span class='ocrx_word' id='word_1_298' title='bbox 1375 1954 1531 1986; x_wconf 80' lang='lat' dir='ltr'><strong>Callidum</strong></span> <span class='ocrx_word' id='word_1_299' title='bbox 1547 1954 1594 1994; x_wconf 84' lang='lat' dir='ltr'><strong>et]</strong></span> 
     </span>
     <span class='ocr_line' id='line_1_31' title="bbox 143 1997 1594 2049; baseline -0.01 -8"><span class='ocrx_word' id='word_1_300' title='bbox 143 2010 262 2042; x_wconf 77' lang='lat' dir='ltr'>Nostri</span> <span class='ocrx_word' id='word_1_301' title='bbox 293 2018 413 2049; x_wconf 84' lang='lat' dir='ltr'><strong>magno</strong></span> <span class='ocrx_word' id='word_1_302' title='bbox 439 2017 581 2038; x_wconf 85' lang='lat' dir='ltr'><strong>numero</strong></span> <span class='ocrx_word' id='word_1_303' title='bbox 610 2018 659 2045; x_wconf 79' lang='lat' dir='ltr'><strong>ac,</strong></span> <span class='ocrx_word' id='word_1_304' title='bbox 690 2010 726 2037; x_wconf 89' lang='lat' dir='ltr'><strong>et</strong></span> <span class='ocrx_word' id='word_1_305' title='bbox 757 2006 842 2037; x_wconf 84' lang='lat' dir='ltr'><strong>Edd.</strong></span> <span class='ocrx_word' id='word_1_306' title='bbox 866 2009 951 2036; x_wconf 89' lang='lat' dir='ltr'><strong>vett.</strong></span> <span class='ocrx_word' id='word_1_307' title='bbox 977 2005 1074 2035; x_wconf 85' lang='lat' dir='ltr'><strong>Bent.</strong></span> <span class='ocrx_word' id='word_1_308' title='bbox 1120 2000 1174 2031; x_wconf 85' lang='lat' dir='ltr'><strong>Sic</strong></span> <span class='ocrx_word' id='word_1_309' title='bbox 1201 1999 1260 2030; x_wconf 87' lang='lat' dir='ltr'><strong>dat</strong></span> <span class='ocrx_word' id='word_1_310' title='bbox 1277 2008 1353 2030; x_wconf 89' lang='lat' dir='ltr'><strong>cum</strong></span> <span class='ocrx_word' id='word_1_311' title='bbox 1371 1998 1483 2028; x_wconf 81' lang='lat' dir='ltr'><strong>Br.et</strong></span> <span class='ocrx_word' id='word_1_312' title='bbox 1499 1997 1594 2028; x_wconf 85' lang='lat' dir='ltr'><strong>Perl.</strong></span> 
     </span>
     <span class='ocr_line' id='line_1_32' title="bbox 148 2041 1593 2089; baseline -0.01 -5"><span class='ocrx_word' id='word_1_313' title='bbox 148 2052 277 2084; x_wconf 83' lang='lat' dir='ltr'><strong>Credidi</strong></span> <span class='ocrx_word' id='word_1_314' title='bbox 292 2056 322 2083; x_wconf 76' lang='lat' dir='ltr'><strong>te</strong></span> <span class='ocrx_word' id='word_1_315' title='bbox 338 2049 456 2083; x_wconf 80' lang='lat' dir='ltr'><strong>Guelf.</strong></span> <span class='ocrx_word' id='word_1_316' title='bbox 473 2054 503 2082; x_wconf 80' lang='lat'><strong>3.</strong></span> <span class='ocrx_word' id='word_1_317' title='bbox 533 2050 579 2081; x_wconf 83' lang='lat' dir='ltr'><strong>At</strong></span> <span class='ocrx_word' id='word_1_318' title='bbox 591 2053 622 2080; x_wconf 83' lang='lat' dir='ltr'><strong>te</strong></span> <span class='ocrx_word' id='word_1_319' title='bbox 637 2049 733 2080; x_wconf 82' lang='lat' dir='ltr'><strong>etiam</strong></span> <span class='ocrx_word' id='word_1_320' title='bbox 744 2048 848 2080; x_wconf 86' lang='lat' dir='ltr'><strong>Both.</strong></span> <span class='ocrx_word' id='word_1_321' title='bbox 864 2048 920 2089; x_wconf 88' lang='lat' dir='ltr'><strong>qui</strong></span> <span class='ocrx_word' id='word_1_322' title='bbox 938 2050 967 2078; x_wconf 83' lang='lat' dir='ltr'><strong>te</strong></span> <span class='ocrx_word' id='word_1_323' title='bbox 981 2048 1081 2085; x_wconf 82' lang='lat' dir='ltr'><strong>vulgo</strong></span> <span class='ocrx_word' id='word_1_324' title='bbox 1094 2044 1203 2074; x_wconf 81' lang='lat' dir='ltr'><strong>minus</strong></span> <span class='ocrx_word' id='word_1_325' title='bbox 1219 2046 1315 2073; x_wconf 86' lang='lat' dir='ltr'><strong>recte</strong></span> <span class='ocrx_word' id='word_1_326' title='bbox 1328 2041 1446 2072; x_wconf 87' lang='lat' dir='ltr'><strong>abesse</strong></span> <span class='ocrx_word' id='word_1_327' title='bbox 1461 2045 1593 2071; x_wconf 82' lang='lat' dir='ltr'><strong>censet.</strong></span> 
     </span>
     <span class='ocr_line' id='line_1_33' title="bbox 142 2083 1595 2132; baseline -0.01 -5"><span class='ocrx_word' id='word_1_328' title='bbox 142 2098 225 2126; x_wconf 88' lang='lat' dir='ltr'><strong>—ll</strong></span> <span class='ocrx_word' id='word_1_329' title='bbox 250 2096 319 2126; x_wconf 73' lang='grc' dir='ltr'><strong>ΡΑ.</strong></span> <span class='ocrx_word' id='word_1_330' title='bbox 344 2092 452 2129; x_wconf 76' lang='lat' dir='ltr'><strong>Quid?</strong></span> <span class='ocrx_word' id='word_1_331' title='bbox 479 2094 548 2124; x_wconf 77' lang='grc' dir='ltr'><strong>ΡΥ.</strong></span> <span class='ocrx_word' id='word_1_332' title='bbox 574 2092 718 2132; x_wconf 80' lang='lat' dir='ltr'><strong>Illicone]</strong></span> <span class='ocrx_word' id='word_1_333' title='bbox 747 2092 788 2122; x_wconf 89' lang='lat' dir='ltr'><strong>In</strong></span> <span class='ocrx_word' id='word_1_334' title='bbox 806 2091 954 2132; x_wconf 84' lang='lat' dir='ltr'><strong>antiquis</strong></span> <span class='ocrx_word' id='word_1_335' title='bbox 973 2089 1067 2120; x_wconf 85' lang='lat' dir='ltr'><strong>libris</strong></span> <span class='ocrx_word' id='word_1_336' title='bbox 1080 2092 1116 2118; x_wconf 85' lang='lat' dir='ltr'><strong>et</strong></span> <span class='ocrx_word' id='word_1_337' title='bbox 1135 2086 1288 2117; x_wconf 83' lang='lat' dir='ltr'><strong>omnibus</strong></span> <span class='ocrx_word' id='word_1_338' title='bbox 1304 2083 1378 2131; x_wconf 57' lang='lat' dir='ltr'><strong>fiere</strong></span> <span class='ocrx_word' id='word_1_339' title='bbox 1395 2083 1470 2114; x_wconf 83' lang='lat' dir='ltr'><strong>aliis</strong></span> <span class='ocrx_word' id='word_1_340' title='bbox 1488 2083 1595 2114; x_wconf 83' lang='lat' dir='ltr'><strong>etiam</strong></span> 
     </span>
     <span class='ocr_line' id='line_1_34' title="bbox 146 2125 1593 2177; baseline -0.009 -9"><span class='ocrx_word' id='word_1_341' title='bbox 146 2137 253 2169; x_wconf 83' lang='lat' dir='ltr'><strong>dictio</strong></span> <span class='ocrx_word' id='word_1_342' title='bbox 275 2136 386 2170; x_wconf 78' lang='lat' dir='ltr'><strong>‘Quid</strong></span> <span class='ocrx_word' id='word_1_343' title='bbox 399 2140 406 2151; x_wconf 88' lang='lat'>‘</span> <span class='ocrx_word' id='word_1_344' title='bbox 433 2136 568 2177; x_wconf 81' lang='lat' dir='ltr'><strong>Pythiae</strong></span> <span class='ocrx_word' id='word_1_345' title='bbox 597 2135 771 2166; x_wconf 74' lang='lat' dir='ltr'>tribuitur.</span> <span class='ocrx_word' id='word_1_346' title='bbox 803 2134 864 2165; x_wconf 81' lang='lat' dir='ltr'><strong>Fa.</strong></span> <span class='ocrx_word' id='word_1_347' title='bbox 909 2133 964 2164; x_wconf 86' lang='lat' dir='ltr'><strong>Ita</strong></span> <span class='ocrx_word' id='word_1_348' title='bbox 991 2132 1091 2163; x_wconf 81' lang='lat' dir='ltr'><strong>etiam</strong></span> <span class='ocrx_word' id='word_1_349' title='bbox 1109 2128 1228 2159; x_wconf 81' lang='lat' dir='ltr'><strong>nostri.</strong></span> <span class='ocrx_word' id='word_1_350' title='bbox 1259 2128 1357 2158; x_wconf 79' lang='lat' dir='ltr'><strong>Bent.</strong></span> <span class='ocrx_word' id='word_1_351' title='bbox 1404 2125 1593 2157; x_wconf 81' lang='lat' dir='ltr'><strong>Reddimus</strong></span> 
     </span>
     <span class='ocr_line' id='line_1_35' title="bbox 142 2169 1595 2220; baseline -0.009 -9"><span class='ocrx_word' id='word_1_352' title='bbox 142 2181 182 2211; x_wconf 80' lang='grc' dir='ltr'><strong>τὸ</strong></span> <span class='ocrx_word' id='word_1_353' title='bbox 203 2183 212 2198; x_wconf 94' lang='lat'>‘</span> <span class='ocrx_word' id='word_1_354' title='bbox 227 2180 318 2212; x_wconf 82' lang='lat' dir='ltr'><strong>Quid</strong></span> <span class='ocrx_word' id='word_1_355' title='bbox 333 2179 341 2192; x_wconf 92' lang='lat'>’</span> <span class='ocrx_word' id='word_1_356' title='bbox 371 2179 518 2220; x_wconf 77' lang='lat' dir='ltr'><strong>Pynnae.</strong></span> <span class='ocrx_word' id='word_1_357' title='bbox 544 2178 618 2218; x_wconf 74' lang='lat' dir='ltr'><strong>Rip.</strong></span> <span class='ocrx_word' id='word_1_358' title='bbox 663 2178 754 2208; x_wconf 83' lang='lat' dir='ltr'><strong>Illico</strong></span> <span class='ocrx_word' id='word_1_359' title='bbox 769 2187 822 2207; x_wconf 86' lang='lat' dir='ltr'><strong>nec</strong></span> <span class='ocrx_word' id='word_1_360' title='bbox 840 2177 968 2207; x_wconf 83' lang='lat' dir='ltr'><strong>reddere</strong></span> <span class='ocrx_word' id='word_1_361' title='bbox 985 2172 1102 2206; x_wconf 88' lang='lat' dir='ltr'><strong>Guelf.</strong></span> <span class='ocrx_word' id='word_1_362' title='bbox 1119 2175 1150 2203; x_wconf 83' lang='lat'><strong>3.</strong></span> <span class='ocrx_word' id='word_1_363' title='bbox 1198 2171 1266 2201; x_wconf 87' lang='lat' dir='ltr'><strong>Dat</strong></span> <span class='ocrx_word' id='word_1_364' title='bbox 1289 2171 1298 2186; x_wconf 90' lang='lat'>‘</span> <span class='ocrx_word' id='word_1_365' title='bbox 1313 2169 1425 2202; x_wconf 81' lang='lat' dir='ltr'><strong>Quid’</strong></span> <span class='ocrx_word' id='word_1_366' title='bbox 1458 2169 1595 2209; x_wconf 85' lang='lat' dir='ltr'><strong>Pythiae</strong></span> 
     </span>
     <span class='ocr_line' id='line_1_36' title="bbox 143 2212 1596 2261; baseline -0.01 -6"><span class='ocrx_word' id='word_1_367' title='bbox 143 2222 262 2255; x_wconf 87' lang='lat' dir='ltr'><strong>Guelf.</strong></span> <span class='ocrx_word' id='word_1_368' title='bbox 287 2225 404 2254; x_wconf 87' lang='grc'><strong>1.-13</strong></span> <span class='ocrx_word' id='word_1_369' title='bbox 428 2222 584 2253; x_wconf 71' lang='lat' dir='ltr'><strong>Miserum</strong></span> <span class='ocrx_word' id='word_1_370' title='bbox 607 2221 694 2261; x_wconf 76' lang='lat' dir='ltr'><strong>putri</strong></span> <span class='ocrx_word' id='word_1_371' title='bbox 725 2220 757 2251; x_wconf 81' lang='lat' dir='ltr'><strong>ni</strong></span> <span class='ocrx_word' id='word_1_372' title='bbox 781 2220 906 2259; x_wconf 82' lang='lat' dir='ltr'><strong>insuper</strong></span> <span class='ocrx_word' id='word_1_373' title='bbox 931 2218 1026 2249; x_wconf 77' lang='lat' dir='ltr'><strong>etiam</strong></span> <span class='ocrx_word' id='word_1_374' title='bbox 1050 2216 1240 2247; x_wconf 58' lang='lat' dir='ltr'><strong>Boiu—14</strong></span> <span class='ocrx_word' id='word_1_375' title='bbox 1265 2213 1396 2244; x_wconf 87' lang='lat' dir='ltr'><strong>Iterum</strong></span> <span class='ocrx_word' id='word_1_376' title='bbox 1416 2212 1596 2252; x_wconf 79' lang='lat' dir='ltr'><strong>jugulatur</strong></span> 
     </span>
     <span class='ocr_line' id='line_1_37' title="bbox 143 2255 1596 2305; baseline -0.01 -7"><span class='ocrx_word' id='word_1_377' title='bbox 143 2276 272 2298; x_wconf 83' lang='lat' dir='ltr'><strong>versus.</strong></span> <span class='ocrx_word' id='word_1_378' title='bbox 319 2266 472 2305; x_wconf 81' lang='lat' dir='ltr'><strong>Repone,</strong></span> <span class='ocrx_word' id='word_1_379' title='bbox 495 2264 579 2295; x_wconf 86' lang='lat' dir='ltr'><strong>Nam</strong></span> <span class='ocrx_word' id='word_1_380' title='bbox 595 2263 669 2303; x_wconf 83' lang='lat' dir='ltr'><strong>quid</strong></span> <span class='ocrx_word' id='word_1_381' title='bbox 684 2264 732 2294; x_wconf 79' lang='lat' dir='ltr'><strong>illi</strong></span> <span class='ocrx_word' id='word_1_382' title='bbox 754 2263 852 2293; x_wconf 81' lang='lat' dir='ltr'><strong>credis</strong></span> <span class='ocrx_word' id='word_1_383' title='bbox 877 2265 942 2291; x_wconf 80' lang='lat' dir='ltr'><strong>tum</strong></span> <span class='ocrx_word' id='word_1_384' title='bbox 962 2260 1068 2292; x_wconf 76' lang='lat' dir='ltr'><strong>animi.</strong></span> <span class='ocrx_word' id='word_1_385' title='bbox 1092 2259 1195 2288; x_wconf 82' lang='lat' dir='ltr'><strong>Bent.</strong></span> <span class='ocrx_word' id='word_1_386' title='bbox 1240 2255 1402 2297; x_wconf 85' lang='lat' dir='ltr'><strong>Sequitur</strong></span> <span class='ocrx_word' id='word_1_387' title='bbox 1418 2255 1596 2285; x_wconf 87' lang='lat' dir='ltr'><strong>Perl.—l5</strong></span> 
     </span>
     <span class='ocr_line' id='line_1_38' title="bbox 144 2297 1596 2347; baseline -0.01 -7"><span class='ocrx_word' id='word_1_388' title='bbox 144 2310 196 2341; x_wconf 88' lang='lat' dir='ltr'><strong>M.</strong></span> <span class='ocrx_word' id='word_1_389' title='bbox 213 2314 249 2340; x_wconf 87' lang='lat' dir='ltr'><strong>et</strong></span> <span class='ocrx_word' id='word_1_390' title='bbox 264 2308 387 2339; x_wconf 85' lang='lat' dir='ltr'><strong>Boend.</strong></span> <span class='ocrx_word' id='word_1_391' title='bbox 405 2308 463 2339; x_wconf 86' lang='lat' dir='ltr'><strong>sed</strong></span> <span class='ocrx_word' id='word_1_392' title='bbox 481 2312 517 2337; x_wconf 89' lang='lat' dir='ltr'><strong>et</strong></span> <span class='ocrx_word' id='word_1_393' title='bbox 532 2306 669 2347; x_wconf 81' lang='lat' dir='ltr'><strong>quidam</strong></span> <span class='ocrx_word' id='word_1_394' title='bbox 685 2306 769 2336; x_wconf 85' lang='lat' dir='ltr'><strong>editi</strong></span> <span class='ocrx_word' id='word_1_395' title='bbox 785 2304 931 2336; x_wconf 84' lang='lat' dir='ltr'><strong>vetusti:</strong></span> <span class='ocrx_word' id='word_1_396' title='bbox 969 2305 1035 2335; x_wconf 76' lang='grc' dir='ltr'><strong>ΡΑ.</strong></span> <span class='ocrx_word' id='word_1_397' title='bbox 1062 2301 1146 2337; x_wconf 79' lang='lat' dir='ltr'><strong>Quid</strong></span> <span class='ocrx_word' id='word_1_398' title='bbox 1170 2297 1243 2331; x_wconf 77' lang='lat' dir='ltr'><strong>est?</strong></span> <span class='ocrx_word' id='word_1_399' title='bbox 1288 2299 1361 2330; x_wconf 75' lang='grc' dir='ltr'><strong>ΡΥ.</strong></span> <span class='ocrx_word' id='word_1_400' title='bbox 1382 2298 1457 2328; x_wconf 83' lang='lat' dir='ltr'><strong>Jam</strong></span> <span class='ocrx_word' id='word_1_401' title='bbox 1478 2298 1539 2328; x_wconf 79' lang='lat' dir='ltr'><em>scis</em></span> <span class='ocrx_word' id='word_1_402' title='bbox 1565 2301 1596 2328; x_wconf 80' lang='lat' dir='ltr'><strong>te</strong></span> 
     </span>
     <span class='ocr_line' id='line_1_39' title="bbox 139 2340 1597 2393; baseline -0.01 -10"><span class='ocrx_word' id='word_1_403' title='bbox 139 2349 297 2393; x_wconf 77' lang='lat' dir='ltr'><strong>periisse?</strong></span> <span class='ocrx_word' id='word_1_404' title='bbox 340 2351 492 2382; x_wconf 86' lang='lat' dir='ltr'><strong>Praestat</strong></span> <span class='ocrx_word' id='word_1_405' title='bbox 505 2354 618 2380; x_wconf 84' lang='lat' dir='ltr'><strong>autem</strong></span> <span class='ocrx_word' id='word_1_406' title='bbox 632 2353 812 2389; x_wconf 85' lang='lat' dir='ltr'><strong>utrumque</strong></span> <span class='ocrx_word' id='word_1_407' title='bbox 831 2347 980 2377; x_wconf 80' lang='lat' dir='ltr'><strong>tribuere</strong></span> <span class='ocrx_word' id='word_1_408' title='bbox 999 2345 1146 2386; x_wconf 75' lang='lat' dir='ltr'><strong>Pythiae,</strong></span> <span class='ocrx_word' id='word_1_409' title='bbox 1170 2347 1207 2374; x_wconf 89' lang='lat' dir='ltr'><strong>et</strong></span> <span class='ocrx_word' id='word_1_410' title='bbox 1229 2341 1359 2373; x_wconf 87' lang='lat' dir='ltr'><strong>inferre</strong></span> <span class='ocrx_word' id='word_1_411' title='bbox 1387 2340 1428 2371; x_wconf 90' lang='lat' dir='ltr'><strong>ad</strong></span> <span class='ocrx_word' id='word_1_412' title='bbox 1445 2346 1597 2371; x_wconf 82' lang='lat' dir='ltr'><strong>conster-</strong></span> 
     </span>
     <span class='ocr_line' id='line_1_40' title="bbox 141 2382 1598 2427; baseline -0.009 0"><span class='ocrx_word' id='word_1_413' title='bbox 141 2400 261 2426; x_wconf 83' lang='lat' dir='ltr'><strong>natum</strong></span> <span class='ocrx_word' id='word_1_414' title='bbox 276 2393 500 2425; x_wconf 84' lang='lat' dir='ltr'><strong>Parmenonis</strong></span> <span class='ocrx_word' id='word_1_415' title='bbox 511 2393 651 2423; x_wconf 89' lang='lat' dir='ltr'><strong>vultum.</strong></span> <span class='ocrx_word' id='word_1_416' title='bbox 680 2392 781 2423; x_wconf 87' lang='lat' dir='ltr'><strong>West.</strong></span> <span class='ocrx_word' id='word_1_417' title='bbox 830 2390 915 2426; x_wconf 73' lang='lat' dir='ltr'><strong>Quid</strong></span> <span class='ocrx_word' id='word_1_418' title='bbox 929 2392 998 2420; x_wconf 82' lang='lat' dir='ltr'><strong>est?</strong></span> <span class='ocrx_word' id='word_1_419' title='bbox 1012 2389 1082 2427; x_wconf 80' lang='lat' dir='ltr'><strong>jam</strong></span> <span class='ocrx_word' id='word_1_420' title='bbox 1096 2386 1169 2427; x_wconf 83' lang='lat' dir='ltr'><strong>scis]</strong></span> <span class='ocrx_word' id='word_1_421' title='bbox 1207 2385 1300 2425; x_wconf 85' lang='lat' dir='ltr'><strong>Lege</strong></span> <span class='ocrx_word' id='word_1_422' title='bbox 1318 2383 1402 2420; x_wconf 76' lang='lat' dir='ltr'><strong>Quid</strong></span> <span class='ocrx_word' id='word_1_423' title='bbox 1413 2382 1428 2416; x_wconf 69' lang='grc' dir='ltr'><strong>ἰ)</strong></span> <span class='ocrx_word' id='word_1_424' title='bbox 1441 2383 1511 2422; x_wconf 74' lang='lat' dir='ltr'><strong>jam</strong></span> <span class='ocrx_word' id='word_1_425' title='bbox 1526 2383 1598 2414; x_wconf 79' lang='lat' dir='ltr'><strong>scis.</strong></span> 
     </span>
     <span class='ocr_line' id='line_1_41' title="bbox 144 2426 1597 2476; baseline -0.01 -7"><span class='ocrx_word' id='word_1_426' title='bbox 144 2438 248 2469; x_wconf 87' lang='lat' dir='ltr'><strong>Bent.</strong></span> <span class='ocrx_word' id='word_1_427' title='bbox 295 2436 394 2476; x_wconf 83' lang='lat' dir='ltr'><strong>Quid]</strong></span> <span class='ocrx_word' id='word_1_428' title='bbox 416 2435 528 2475; x_wconf 79' lang='lat' dir='ltr'><strong>Vulgo</strong></span> <span class='ocrx_word' id='word_1_429' title='bbox 542 2435 616 2475; x_wconf 80' lang='lat' dir='ltr'><strong>qnid</strong></span> <span class='ocrx_word' id='word_1_430' title='bbox 631 2433 704 2466; x_wconf 80' lang='lat' dir='ltr'><strong>est?</strong></span> <span class='ocrx_word' id='word_1_431' title='bbox 724 2432 952 2474; x_wconf 82' lang='lat' dir='ltr'><strong>asperioribus</strong></span> <span class='ocrx_word' id='word_1_432' title='bbox 967 2431 1129 2462; x_wconf 85' lang='lat' dir='ltr'><strong>numeris.</strong></span> <span class='ocrx_word' id='word_1_433' title='bbox 1172 2429 1273 2459; x_wconf 83' lang='lat' dir='ltr'><strong>Bent.</strong></span> <span class='ocrx_word' id='word_1_434' title='bbox 1289 2431 1336 2458; x_wconf 86' lang='lat' dir='ltr'><strong>est</strong></span> <span class='ocrx_word' id='word_1_435' title='bbox 1350 2426 1474 2464; x_wconf 79' lang='lat' dir='ltr'><strong>omisit,</strong></span> <span class='ocrx_word' id='word_1_436' title='bbox 1498 2431 1533 2457; x_wconf 88' lang='lat' dir='ltr'><strong>et</strong></span> <span class='ocrx_word' id='word_1_437' title='bbox 1548 2426 1597 2457; x_wconf 86' lang='lat' dir='ltr'><strong>sic</strong></span> 
     </span>
     <span class='ocr_line' id='line_1_42' title="bbox 143 2469 1597 2517; baseline -0.009 -5"><span class='ocrx_word' id='word_1_438' title='bbox 143 2480 186 2512; x_wconf 88' lang='lat' dir='ltr'><strong>B.</strong></span> <span class='ocrx_word' id='word_1_439' title='bbox 208 2480 306 2512; x_wconf 82' lang='lat' dir='ltr'><strong>Both.</strong></span> <span class='ocrx_word' id='word_1_440' title='bbox 351 2480 478 2510; x_wconf 76' lang='lat' dir='ltr'><strong>Perisse</strong></span> <span class='ocrx_word' id='word_1_441' title='bbox 498 2479 552 2508; x_wconf 81' lang='lat' dir='ltr'><strong>ssr.</strong></span> <span class='ocrx_word' id='word_1_442' title='bbox 569 2479 672 2509; x_wconf 79' lang='lat' dir='ltr'><strong>Bent.</strong></span> <span class='ocrx_word' id='word_1_443' title='bbox 688 2477 766 2517; x_wconf 87' lang='lat' dir='ltr'><strong>Bip.</strong></span> <span class='ocrx_word' id='word_1_444' title='bbox 781 2477 883 2507; x_wconf 76' lang='lat' dir='ltr'><strong>Both.</strong></span> <span class='ocrx_word' id='word_1_445' title='bbox 929 2476 1017 2506; x_wconf 84' lang='lat' dir='ltr'><strong>Post</strong></span> <span class='ocrx_word' id='word_1_446' title='bbox 1038 2474 1167 2514; x_wconf 84' lang='lat' dir='ltr'><strong>periisse</strong></span> <span class='ocrx_word' id='word_1_447' title='bbox 1183 2480 1248 2501; x_wconf 88' lang='lat' dir='ltr'><strong>uon</strong></span> <span class='ocrx_word' id='word_1_448' title='bbox 1263 2471 1454 2509; x_wconf 83' lang='lat' dir='ltr'><strong>interrogat</strong></span> <span class='ocrx_word' id='word_1_449' title='bbox 1468 2469 1597 2500; x_wconf 87' lang='grc' dir='ltr'><strong>Ζ.-16</strong></span> 
     </span>
     <span class='ocr_line' id='line_1_43' title="bbox 145 2511 1598 2564; baseline -0.01 -10"><span class='ocrx_word' id='word_1_450' title='bbox 145 2523 273 2564; x_wconf 74' lang='lat' dir='ltr'><strong>scripti</strong></span> <span class='ocrx_word' id='word_1_451' title='bbox 290 2526 324 2553; x_wconf 87' lang='lat' dir='ltr'><strong>et</strong></span> <span class='ocrx_word' id='word_1_452' title='bbox 336 2522 420 2553; x_wconf 88' lang='lat' dir='ltr'><strong>editi</strong></span> <span class='ocrx_word' id='word_1_453' title='bbox 435 2521 571 2562; x_wconf 85' lang='lat' dir='ltr'><strong>quidam</strong></span> <span class='ocrx_word' id='word_1_454' title='bbox 587 2521 677 2558; x_wconf 81' lang='lat' dir='ltr'><strong>iibri,</strong></span> <span class='ocrx_word' id='word_1_455' title='bbox 691 2520 816 2550; x_wconf 77' lang='lat' dir='ltr'><strong>dixisti.</strong></span> <span class='ocrx_word' id='word_1_456' title='bbox 832 2520 941 2549; x_wconf 85' lang='lat' dir='ltr'><strong>West.</strong></span> <span class='ocrx_word' id='word_1_457' title='bbox 987 2517 1065 2548; x_wconf 91' lang='lat' dir='ltr'><strong>Non</strong></span> <span class='ocrx_word' id='word_1_458' title='bbox 1082 2519 1198 2556; x_wconf 83' lang='lat' dir='ltr'><strong>potest</strong></span> <span class='ocrx_word' id='word_1_459' title='bbox 1213 2514 1268 2544; x_wconf 88' lang='lat' dir='ltr'><strong>hic</strong></span> <span class='ocrx_word' id='word_1_460' title='bbox 1285 2521 1400 2543; x_wconf 87' lang='lat' dir='ltr'><strong>versus</strong></span> <span class='ocrx_word' id='word_1_461' title='bbox 1417 2512 1485 2542; x_wconf 86' lang='lat' dir='ltr'><strong>ullo</strong></span> <span class='ocrx_word' id='word_1_462' title='bbox 1498 2511 1598 2542; x_wconf 85' lang='lat' dir='ltr'><strong>modo</strong></span> 
     </span>
     <span class='ocr_line' id='line_1_44' title="bbox 146 2555 1599 2606; baseline -0.009 -9"><span class='ocrx_word' id='word_1_463' title='bbox 146 2571 251 2606; x_wconf 86' lang='lat' dir='ltr'><strong>stare,</strong></span> <span class='ocrx_word' id='word_1_464' title='bbox 275 2565 340 2596; x_wconf 84' lang='lat' dir='ltr'><strong>nisi</strong></span> <span class='ocrx_word' id='word_1_465' title='bbox 353 2565 466 2596; x_wconf 76' lang='lat' dir='ltr'><strong>dixisti</strong></span> <span class='ocrx_word' id='word_1_466' title='bbox 481 2564 595 2603; x_wconf 83' lang='lat' dir='ltr'><strong>legas;</strong></span> <span class='ocrx_word' id='word_1_467' title='bbox 618 2568 656 2593; x_wconf 85' lang='lat' dir='ltr'><strong>ut</strong></span> <span class='ocrx_word' id='word_1_468' title='bbox 673 2563 752 2593; x_wconf 84' lang='lat' dir='ltr'><strong>etin</strong></span> <span class='ocrx_word' id='word_1_469' title='bbox 771 2562 938 2602; x_wconf 85' lang='lat' dir='ltr'><strong>aliquibus</strong></span> <span class='ocrx_word' id='word_1_470' title='bbox 953 2560 1048 2591; x_wconf 85' lang='lat' dir='ltr'><strong>libris</strong></span> <span class='ocrx_word' id='word_1_471' title='bbox 1073 2557 1210 2598; x_wconf 82' lang='lat' dir='ltr'><strong>scriptis</strong></span> <span class='ocrx_word' id='word_1_472' title='bbox 1233 2555 1384 2587; x_wconf 88' lang='lat' dir='ltr'><strong>Terentii</strong></span> <span class='ocrx_word' id='word_1_473' title='bbox 1407 2559 1442 2585; x_wconf 84' lang='lat' dir='ltr'><strong>et</strong></span> <span class='ocrx_word' id='word_1_474' title='bbox 1468 2555 1599 2585; x_wconf 81' lang='lat' dir='ltr'><strong>Donati</strong></span> 
     </span>
     <span class='ocr_line' id='line_1_45' title="bbox 145 2596 1596 2640; baseline -0.008 -1"><span class='ocrx_word' id='word_1_475' title='bbox 145 2609 293 2640; x_wconf 86' lang='lat' dir='ltr'><strong>invenio.</strong></span> <span class='ocrx_word' id='word_1_476' title='bbox 318 2608 376 2639; x_wconf 85' lang='lat' dir='ltr'><strong>Fa.</strong></span> <span class='ocrx_word' id='word_1_477' title='bbox 412 2608 488 2637; x_wconf 91' lang='lat' dir='ltr'><strong>Duo</strong></span> <span class='ocrx_word' id='word_1_478' title='bbox 505 2617 547 2637; x_wconf 81' lang='lat' dir='ltr'><strong>ex</strong></span> <span class='ocrx_word' id='word_1_479' title='bbox 564 2605 688 2637; x_wconf 84' lang='lat' dir='ltr'><strong>nostris</strong></span> <span class='ocrx_word' id='word_1_480' title='bbox 703 2605 835 2635; x_wconf 78' lang='lat' dir='ltr'><strong>dixisti:</strong></span> <span class='ocrx_word' id='word_1_481' title='bbox 860 2604 968 2635; x_wconf 82' lang='lat' dir='ltr'><strong>ceteri</strong></span> <span class='ocrx_word' id='word_1_482' title='bbox 981 2602 1076 2634; x_wconf 73' lang='lat' dir='ltr'><strong>dixti.</strong></span> <span class='ocrx_word' id='word_1_483' title='bbox 1120 2602 1165 2632; x_wconf 91' lang='lat' dir='ltr'><strong>Et</strong></span> <span class='ocrx_word' id='word_1_484' title='bbox 1182 2598 1327 2630; x_wconf 83' lang='lat' dir='ltr'><strong>fortasse</strong></span> <span class='ocrx_word' id='word_1_485' title='bbox 1343 2599 1352 2614; x_wconf 92' lang='lat'>‘</span> <span class='ocrx_word' id='word_1_486' title='bbox 1368 2596 1474 2629; x_wconf 81' lang='lat' dir='ltr'><strong>Hem&#39;</strong></span> <span class='ocrx_word' id='word_1_487' title='bbox 1492 2597 1596 2636; x_wconf 85' lang='lat' dir='ltr'><strong>priori</strong></span> 
     </span>
     <span class='ocr_line' id='line_1_46' title="bbox 146 2640 1598 2690; baseline -0.009 -8"><span class='ocrx_word' id='word_1_488' title='bbox 146 2652 259 2682; x_wconf 87' lang='lat' dir='ltr'><strong>versui</strong></span> <span class='ocrx_word' id='word_1_489' title='bbox 273 2649 528 2690; x_wconf 60' lang='lat' dir='ltr'><strong>apponendum</strong></span> <span class='ocrx_word' id='word_1_490' title='bbox 554 2654 587 2679; x_wconf 82' lang='lat' dir='ltr'><strong>et</strong></span> <span class='ocrx_word' id='word_1_491' title='bbox 605 2654 676 2679; x_wconf 86' lang='lat' dir='ltr'><strong>tum</strong></span> <span class='ocrx_word' id='word_1_492' title='bbox 692 2648 796 2688; x_wconf 81' lang='lat' dir='ltr'><strong>legas,</strong></span> <span class='ocrx_word' id='word_1_493' title='bbox 823 2648 907 2682; x_wconf 75' lang='lat' dir='ltr'><strong>Quid</strong></span> <span class='ocrx_word' id='word_1_494' title='bbox 926 2647 1022 2681; x_wconf 76' lang='lat' dir='ltr'><strong>dixti,</strong></span> <span class='ocrx_word' id='word_1_495' title='bbox 1042 2646 1204 2685; x_wconf 78' lang='lat' dir='ltr'><strong>pessuma?</strong></span> <span class='ocrx_word' id='word_1_496' title='bbox 1226 2652 1266 2672; x_wconf 82' lang='lat' dir='ltr'><strong>an</strong></span> <span class='ocrx_word' id='word_1_497' title='bbox 1291 2641 1368 2671; x_wconf 80' lang='lat' dir='ltr'><strong>mihi</strong></span> <span class='ocrx_word' id='word_1_498' title='bbox 1392 2640 1524 2671; x_wconf 74' lang='lat' dir='ltr'><strong>mentita</strong></span> <span class='ocrx_word' id='word_1_499' title='bbox 1545 2643 1598 2670; x_wconf 75' lang='lat' dir='ltr'><strong>es?</strong></span> 
     </span>
     <span class='ocr_line' id='line_1_47' title="bbox 145 2683 1597 2730; baseline -0.008 -6"><span class='ocrx_word' id='word_1_500' title='bbox 145 2694 241 2725; x_wconf 81' lang='lat' dir='ltr'><strong>etiam</strong></span> <span class='ocrx_word' id='word_1_501' title='bbox 254 2693 355 2724; x_wconf 82' lang='lat' dir='ltr'><strong>rides?</strong></span> <span class='ocrx_word' id='word_1_502' title='bbox 379 2693 482 2724; x_wconf 86' lang='lat' dir='ltr'><strong>Bent.</strong></span> <span class='ocrx_word' id='word_1_503' title='bbox 526 2692 624 2722; x_wconf 83' lang='lat' dir='ltr'><strong>Ehem</strong></span> <span class='ocrx_word' id='word_1_504' title='bbox 642 2691 767 2730; x_wconf 86' lang='lat' dir='ltr'><strong>Delph.</strong></span> <span class='ocrx_word' id='word_1_505' title='bbox 787 2691 862 2730; x_wconf 81' lang='lat' dir='ltr'><strong>Bip.</strong></span> <span class='ocrx_word' id='word_1_506' title='bbox 882 2689 983 2720; x_wconf 73' lang='lat' dir='ltr'><strong>Both.</strong></span> <span class='ocrx_word' id='word_1_507' title='bbox 1027 2687 1154 2718; x_wconf 69' lang='lat' dir='ltr'><strong>Dixisti</strong></span> <span class='ocrx_word' id='word_1_508' title='bbox 1174 2685 1254 2724; x_wconf 90' lang='lat' dir='ltr'><strong>Bip.</strong></span> <span class='ocrx_word' id='word_1_509' title='bbox 1272 2684 1374 2714; x_wconf 86' lang='lat' dir='ltr'><strong>Both.</strong></span> <span class='ocrx_word' id='word_1_510' title='bbox 1391 2683 1484 2713; x_wconf 77' lang='lat' dir='ltr'><strong>Peri.</strong></span> <span class='ocrx_word' id='word_1_511' title='bbox 1533 2683 1597 2717; x_wconf 80' lang='lat' dir='ltr'><strong>Qui</strong></span> 
     </span>
     <span class='ocr_line' id='line_1_48' title="bbox 148 2725 1596 2777; baseline -0.009 -10"><span class='ocrx_word' id='word_1_512' title='bbox 148 2746 211 2777; x_wconf 88' lang='lat' dir='ltr'><strong>pro</strong></span> <span class='ocrx_word' id='word_1_513' title='bbox 225 2737 298 2777; x_wconf 82' lang='lat' dir='ltr'><strong>quid</strong></span> <span class='ocrx_word' id='word_1_514' title='bbox 314 2734 430 2768; x_wconf 88' lang='lat' dir='ltr'><strong>Guelf.</strong></span> <span class='ocrx_word' id='word_1_515' title='bbox 447 2737 563 2767; x_wconf 82' lang='grc'><strong>2.-17</strong></span> <span class='ocrx_word' id='word_1_516' title='bbox 589 2733 748 2773; x_wconf 81' lang='lat' dir='ltr'><strong>Nimium]</strong></span> <span class='ocrx_word' id='word_1_517' title='bbox 770 2733 865 2764; x_wconf 85' lang='lat' dir='ltr'><strong>Libri</strong></span> <span class='ocrx_word' id='word_1_518' title='bbox 880 2731 1017 2774; x_wconf 83' lang='lat' dir='ltr'><strong>quidam</strong></span> <span class='ocrx_word' id='word_1_519' title='bbox 1034 2730 1115 2761; x_wconf 85' lang='lat' dir='ltr'><strong>Mss.</strong></span> <span class='ocrx_word' id='word_1_520' title='bbox 1133 2734 1169 2760; x_wconf 91' lang='lat' dir='ltr'><strong>et</strong></span> <span class='ocrx_word' id='word_1_521' title='bbox 1182 2727 1281 2765; x_wconf 78' lang='lat' dir='ltr'><strong>editi,</strong></span> <span class='ocrx_word' id='word_1_522' title='bbox 1298 2725 1470 2757; x_wconf 75' lang='lat' dir='ltr'><strong>Nimimm.</strong></span> <span class='ocrx_word' id='word_1_523' title='bbox 1487 2725 1596 2756; x_wconf 79' lang='lat' dir='ltr'><strong>West.</strong></span> 
     </span>
     <span class='ocr_line' id='line_1_49' title="bbox 150 2769 1595 2818; baseline -0.008 -8"><span class='ocrx_word' id='word_1_524' title='bbox 150 2779 284 2811; x_wconf 76' lang='lat' dir='ltr'><strong>laudere</strong></span> <span class='ocrx_word' id='word_1_525' title='bbox 309 2784 344 2812; x_wconf 90' lang='lat' dir='ltr'><strong>et</strong></span> <span class='ocrx_word' id='word_1_526' title='bbox 361 2778 521 2810; x_wconf 82' lang='lat' dir='ltr'><strong>Nimirum</strong></span> <span class='ocrx_word' id='word_1_527' title='bbox 547 2777 625 2810; x_wconf 85' lang='lat' dir='ltr'><strong>Par.</strong></span> <span class='ocrx_word' id='word_1_528' title='bbox 649 2787 683 2818; x_wconf 88' lang='lat' dir='ltr'><strong>p.</strong></span> <span class='ocrx_word' id='word_1_529' title='bbox 709 2785 780 2808; x_wconf 81' lang='lat' dir='ltr'><strong>var.</strong></span> <span class='ocrx_word' id='word_1_530' title='bbox 803 2775 891 2807; x_wconf 85' lang='lat' dir='ltr'><strong>Perl.</strong></span> <span class='ocrx_word' id='word_1_531' title='bbox 938 2775 1006 2807; x_wconf 87' lang='lat' dir='ltr'><strong>Nos</strong></span> <span class='ocrx_word' id='word_1_532' title='bbox 1029 2772 1174 2813; x_wconf 85' lang='lat' dir='ltr'><strong>irridere,</strong></span> <span class='ocrx_word' id='word_1_533' title='bbox 1193 2770 1292 2802; x_wconf 75' lang='lat' dir='ltr'><strong>scelus</strong></span> <span class='ocrx_word' id='word_1_534' title='bbox 1311 2769 1447 2801; x_wconf 82' lang='lat' dir='ltr'><strong>videtur</strong></span> <span class='ocrx_word' id='word_1_535' title='bbox 1472 2769 1595 2808; x_wconf 75' lang='lat' dir='ltr'><strong>legisse</strong></span> 
     </span>
    </p>
   </div>
  </div>
 </body>
</html>
