1966 3302
521 234 832 264 PHORMtOle
867 234 975 264 Aer.
1012 235 1050 263 v.
1085 235 1153 263 se.
1190 235 1272 264 Vll.
1507 225 1618 266 1029

163 328 428 382 Priusquam
451 328 671 382 dilapidet
691 331 866 369 nostras
889 328 1063 379 triginta
1086 327 1241 378 minas,

163 397 224 439 Ut
245 397 507 439 auferamus.
569 397 727 437 Pnon.
762 396 1102 448 Demiphonem,
1135 397 1172 436 si
1196 395 1313 436 domi
1337 399 1417 443 est,
1590 398 1617 436 5

161 465 346 506 Visam:
379 469 441 513 ut,
465 463 698 517 quod-—-
744 463 834 504 DE.
858 462 920 502 At
942 476 1022 502 nos
1045 463 1100 502 ud
1124 468 1165 503 te
1187 463 1377 512 ibamus,
1393 463 1616 503 Phormio.

161 532 322 573 PHOR.
337 532 406 572 De
420 531 577 573 eadem
592 531 677 572 hac
693 531 882 572 fortasse.
897 544 1044 570 causa.
1079 530 1120 570 D
1131 542 1168 572 u.
1186 530 1256 571 Ita
1268 531 1423 571 hercle.
1456 530 1616 570 PHOR.

333 598 530 640 Credidi.

161 666 281 717 Quid
303 666 359 708 ad
382 680 452 708 me
475 666 641 707 ibatis?
674 664 933 706 ridiculum!
968 665 1243 714 verebamini,

161 733 233 774 Ne
254 747 342 775 non
362 734 409 774 id
429 733 638 782 facerem,
661 732 778 786 quod
800 733 1065 785 recepissem
1090 732 1260 772 semel?

159 800 290 843 Heus
310 802 318 844 !
353 805 520 855 quanta
540 805 706 854 quanta
726 800 820 841 haec
841 814 940 840 mea.
960 805 1200 853 paupertas
1223 804 1304 848 est,
1328 805 1474 840 tamen
1562 800 1616 842 10

158 866 321 910 Adhuc
343 868 493 910 curavi
518 882 649 909 unum
669 869 753 909 boc
775 868 965 922 quidem,
987 872 1033 908 ut
1051 868 1158 907 mihi
1179 871 1298 908 esset
1318 867 1444 908 fides.

160 935 319 977 CHRE.
350 935 489 976 Estne
509 935 587 985 ita,
611 940 658 976 ut
680 935 790 986 dixi,
813 935 1043 976 liberalis?
1109 935 1198 974 DE.
1231 933 1424 988 Oppido.

156 1066 287 1098 randum
303 1071 362 1107 est,
375 1067 556 1108 priusquam
570 1068 730 1109 disperdat
745 1072 867 1100 nostras
882 1069 1017 1107 triginta
1033 1069 1146 1105 minas,
1163 1071 1197 1098 ut
1212 1077 1263 1098 eas
1284 1067 1322 1097 ab
1337 1068 1404 1107 ipso
1421 1067 1615 1107 recipiamus.

157 1109 230 1140 PH.
259 1110 377 1149 Visam,
405 1111 434 1141 si
462 1111 544 1141 domi
572 1114 632 1150 est,
647 1112 884 1152 Demiplzouem,
906 1115 939 1142 ut
970 1112 1081 1142 dicam.
1128 1112 1197 1142 DE.
1221 1110 1268 1141 At
1293 1120 1346 1141 nas
1368 1111 1407 1140 ad
1430 1112 1461 1140 te
1484 1110 1617 1149 ibamus,

157 1151 318 1184 Phormio.
364 1153 437 1184 ΡΗ.
477 1153 524 1184 Ob
554 1155 682 1184 eandem
699 1155 838 1192 sortasse
867 1164 1003 1185 causam.
1049 1155 1120 1184 DE.
1155 1153 1208 1184 Ila
1234 1164 1289 1193 per
1318 1152 1497 1183 Herculem.
1542 1153 1614 1183 ΡΗ.

157 1194 242 1225 Risu
256 1195 353 1231 digna
373 1205 423 1226 res
438 1199 496 1227 est.
541 1197 629 1227 Num
644 1196 833 1227 dubitabatis
849 1207 890 1227 an
905 1197 938 1228 id
953 1196 1106 1234 facerem,
1131 1205 1237 1234 necne,
1253 1196 1331 1235 quod
1345 1195 1556 1235 promisissem
1570 1205 1617 1226 se·

157 1237 237 1267 mel?
261 1237 569 1278 Heus‚quantumc=is
580 1241 782 1279 pauperculus
798 1240 869 1277 sim,
885 1243 915 1270 et
930 1239 964 1270 iu
980 1240 1064 1270 tenui
1078 1248 1133 1274 re‚·
1158 1242 1259 1268 tamen
1275 1239 1332 1268 huc
1346 1247 1438 1277 usque
1453 1248 1547 1268 auum
1563 1238 1619 1267 hoc

153 1278 275 1318 quidem
293 1280 449 1320 praecipue
471 1282 588 1321 studui,
615 1285 649 1312 ut
675 1292 829 1313 servarem
842 1282 954 1323 fidem.
1002 1283 1072 1313 CH.
1099 1281 1260 1320 Numquid
1277 1280 1337 1311 tibi
1361 1282 1452 1318 virgo
1468 1281 1535 1311 visa
1543 1279 1614 1316 fuit

156 1321 276 1362 ingenii
302 1323 453 1364 liberalis,
474 1327 504 1355 et
529 1325 694 1356 verecundi
716 1326 834 1365 vultus,
850 1328 880 1356 et
896 1325 1039 1356 honesti?
1084 1324 1155 1355 DE.
1178 1324 1364 1355 Admodum.
1409 1323 1482 1361 Ρῌ.
1508 1324 1618 1363 ltaque

761 1410 976 1422 eeeeeeeeeee
984 1410 1003 1421 e

155 1472 243 1506 Bod.
257 1475 380 1508 Boend.
397 1477 561 1508 Witt.—4
577 1477 759 1518 Dilapiaet]
782 1477 838 1508 Ita
855 1478 939 1508 Mss.
957 1475 1076 1507 Leidd.
1094 1475 1253 1516 quinque,
1265 1473 1322 1504 Tr.
1340 1473 1391 1504 M.
1407 1472 1500 1514 Lips.
1516 1472 1618 1503 Boal.

155 1517 200 1548 G.
223 1517 320 1549 Witt.
346 1519 469 1550 Boend.
497 1524 625 1559 praeter
653 1521 739 1551 Cod.
768 1521 865 1551 Bem.
893 1526 925 1552 et
951 1520 1034 1551 Mss-
1063 1519 1137 1549 aliis
1163 1516 1332 1555 laudatos,
1356 1515 1457 1546 etiam
1484 1516 1617 1546 Donati

155 1563 349 1602 utrumque,
372 1562 606 1604 editionesque
624 1563 936 1603 praestantissimas.
983 1562 1103 1602 Neque
1128 1561 1228 1591 aliter
1245 1559 1347 1589 etiam
1366 1558 1616 1589 Gainbarellus.

157 1602 258 1634 Unde
280 1604 414 1643 mirum,
440 1614 515 1635 esse
541 1606 598 1646 qui
623 1615 805 1645 paucorum
834 1606 943 1637 Codd.
969 1605 1134 1644 Dilapidat
1154 1607 1325 1634 tueantur.
1354 1601 1451 1631 West.
1498 1600 1617 1631 Nostri

153 1645 313 1686 dilapidet.
360 1647 552 1688 Utrumque
577 1649 695 1688 probe.
730 1649 894 1679 Bent.-—7
919 1648 1027 1678 Abest
1043 1648 1099 1677 hac
1126 1656 1144 1676 a
1170 1644 1286 1677 Guelf.
1302 1647 1332 1675 3.
1377 1643 1476 1674 Tolle
1493 1652 1618 1674 nomen

154 1687 400 1729 Demiphonis3
425 1695 460 1720 et
477 1694 586 1721 totum
603 1691 645 1721 da
662 1691 870 1726 Phormioni,
886 1691 949 1721 hoc
963 1689 1085 1725 modo:
1132 1688 1203 1719 PH.
1228 1689 1278 1718 De
1294 1687 1398 1717 eadem
1413 1686 1618 1723 hacsortasse

153 1739 257 1763 causa.
280 1731 327 1762 ita
340 1732 441 1764 hercle
455 1734 586 1765 credidi.
609 1734 710 1764 Beut.
755 1733 803 1764 At
821 1743 900 1764 vero
915 1732 1011 1763 nobis
1025 1733 1096 1763 haec
1114 1731 1201 1762 ratio
1215 1739 1280 1760 non
1297 1729 1419 1759 idonea
1432 1738 1504 1758 esse
1520 1728 1615 1759 vide—

154 1776 221 1805 tur.
266 1775 355 1806 Nau)
373 1775 518 1815 primum
534 1776 560 1806 si
576 1777 614 1807 de
628 1778 733 1807 euclem
749 1777 805 1807 hac
820 1787 914 1809 causa
940 1774 1180 1815 interpreteris
1207 1775 1244 1804 de
1269 1772 1415 1807 Phani0;
1439 1770 1617 1802 verissime

153 1825 260 1850 senex
282 1816 366 1848 dicit
392 1818 437 1849 ita
461 1819 572 1849 hercle.
616 1819 752 1850 Deinde
770 1829 835 1849 non
855 1819 967 1857 video,
991 1828 1051 1849 cur
1066 1826 1131 1848 non
1151 1815 1316 1856 possimus
1335 1819 1429 1844 recte
1443 1814 1617 1845 simulatio-

152 1868 223 1890 nem
237 1860 409 1900 quandam
427 1861 624 1900 admittere,
649 1862 839 1901 praesertim
855 1871 931 1892 cum
948 1861 1048 1901 panto
1072 1866 1145 1899 post
1163 1858 1239 1889 talis
1256 1858 1299 1888 sit
1317 1856 1540 1888 concedenda
1557 1866 1616 1887 ne-

153 1903 313 1934 cessario.
331 1903 433 1934 Zeun.
467 1904 608 1943 Vulgat.
622 1903 778 1943 praefero.
796 1905 950 1936 Peru—S
976 1904 1061 1938 Quid
1077 1903 1115 1933 ad
1131 1912 1179 1933 ‘inc
1194 1900 1304 1940 ibatis]
1324 1900 1461 1940 Guyeto
1479 1899 1511 1928 iu
1527 1899 1616 1930 ἀνεκ-

153 1943 252 1976 δότοις
269 1954 385 1976 versus
401 1946 456 1977 hic
477 1946 672 1983 subditfflus,
697 1947 831 1987 inutilis,
853 1951 883 1978 et
906 1945 1086 1987 ἀδιόρθωτος
1103 1945 1240 1975 dicitur.
1288 1944 1371 1973 Mox
1406 1941 1617 1981 Verebamini]

153 1987 240 2019 Mss.
257 1988 350 2028 Lips.
366 1995 402 2019 et
419 1989 462 2020 G.
480 1998 555 2019 cum
584 1989 653 2020 ΕΡ.
688 1989 743 2021 An
769 1990 929 2021 veremini.
963 1990 1046 2019 Mss.
1070 1987 1194 2018 Boeud.
1210 1987 1310 2017 Witt.
1342 1986 1394 2016 An
1418 1985 1616 2015 verebamini.

153 2029 318 2070 Impressi
341 2030 461 2061 itidem
489 2031 591 2062 varie.
632 2032 732 2064 West.
790 2032 832 2063 Τὸ
856 2043 897 2064 an
922 2042 987 2063 non
1013 2031 1116 2062 habet
1140 2030 1237 2060 Beni.
1265 2028 1411 2059 arbitror
1439 2033 1555 2058 autem
1582 2028 1615 2057 in

154 2071 333 2103 scansione
349 2073 448 2113 hujus
466 2083 580 2105 versus
595 2074 739 2113 primum
751 2085 768 2105 e
785 2076 877 2114 elidi,
898 2075 986 2106 sicut
1003 2075 1036 2105 in
1053 2083 1170 2109 seneen
1195 2076 1310 2112 posset
1335 2075 1450 2101 tamen
1478 2070 1561 2100 elidi
1584 2080 1617 2109 u,

152 2115 242 2146 sicut
258 2115 290 2146 iu
307 2116 438 2147 invidia.
463 2116 523 2149 Fa.
570 2116 655 2152 Quid
670 2119 710 2147 ad
734 2128 781 2149 me
805 2117 925 2149 ibatis?
947 2117 1113 2147 ridiculum
1126 2127 1136 2147 .-
1159 2113 1349 2145 verebamini
1365 2113 1417 2143 Ne
1431 2122 1491 2143 uon
1508 2112 1542 2143 ia
1558 2111 1616 2147 fa·

151 2167 260 2189 cerem.
302 2158 359 2189 Sic
375 2168 395 2189 a
410 2158 542 2190 Fabii-no
557 2164 631 2190 est:
658 2159 717 2190 sed
733 2169 829 2191 versu
848 2161 1065 2190 abhorrente.
1110 2159 1202 2197 Lege
1218 2167 1293 2187 cum
1311 2155 1463 2196 plurimis
1478 2155 1614 2193 nostris,

154 2201 396 2232 vetustioribus
421 2207 517 2232 certe
540 2202 729 2233 universis:
766 2203 851 2238 Quia
877 2204 917 2233 ad
943 2212 989 2233 me
1017 2200 1136 2233 ibatis?
1167 2200 1359 2230 ridiculum:
1386 2208 1426 2228 an
1452 2198 1614 2228 veremini.

152 2243 257 2274 Bent.
281 2253 381 2283 quem
397 2244 550 2285 sequitur
572 2245 674 2275 Both.
691 2245 785 2275 Perl.
804 2246 931 2276 Br.—9
955 2245 1084 2278 Faciam
1099 2244 1177 2283 quoa
1199 2242 1366 2282 receperim
1381 2240 1484 2271 semet.
1512 2240 1615 2271 Both.

152 2288 238 2316 -10
261 2285 349 2317 Haec
375 2286 467 2317 varie
492 2287 651 2326 leguntur
675 2286 708 2317 in
732 2288 818 2318 Mss.
866 2287 904 2318 In
929 2286 1152 2318 Leidensibns
1179 2285 1340 2326 quinque,
1367 2283 1410 2314 G.
1435 2284 1491 2314 Tr.
1521 2282 1616 2322 Lips.

153 2328 256 2359 Witt.
278 2329 380 2360 Bodl.
406 2329 496 2360 Heus
508 2330 582 2360 heus
596 2333 712 2370 quanta
732 2330 797 2360 haec
818 2333 987 2370 paupertas
1002 2340 1068 2361 mea
1082 2329 1131 2360 'st.
1155 2329 1240 2359 Mss.
1260 2328 1310 2358 M.
1325 2331 1361 2357 et
1378 2325 1500 2356 Boend.
1527 2325 1616 2356 Heus

153 2370 226 2401 heus
240 2374 497 2411 quantacunque.-
521 2382 620 2412 quam
643 2372 825 2404 lectionem
843 2373 1034 2404 Glareanus
1050 2370 1217 2402 defendit.
1263 2369 1428 2411 Impressi
1446 2368 1564 2399 itidem
1580 2368 1613 2398 in

154 2413 267 2444 omnia
289 2414 356 2444 alia
380 2413 520 2445 abeunt.
564 2416 727 2455 Expressi
755 2422 869 2446 autem
894 2415 983 2456 quod
1011 2415 1173 2445 usitatum
1201 2412 1308 2452 magis
1326 2417 1360 2442 et
1378 2416 1488 2441 metro
1504 2410 1614 2448 magis

154 2455 371 2487 conveniens.
399 2457 499 2488 West.
544 2457 634 2488 Heus
654 2458 728 2488 heus
744 2455 860 2498 qaa‘nla
883 2458 948 2489 hoec
974 2458 1033 2488 Br.
1059 2457 1149 2487 Heus
1171 2455 1244 2486 heus
1269 2457 1502 2496 quantacunque
1528 2453 1613 2484 GM.

153 2497 246 2529 Huic
277 2499 403 2538 versui,
435 2509 501 2530 uua
531 2499 663 2540 syllaba
693 2500 885 2540 deficienti,
911 2499 1080 2531 succurrit
1112 2498 1228 2535 lectio,
1253 2497 1327 2528 heus
1357 2499 1470 2536 quanta
1499 2498 1614 2535 quanta

153 2541 229 2571 ἠως.
252 2541 310 2572 Fa.
357 2541 473 2572 Nostri
500 2547 616 2582 quanta
642 2542 724 2579 hoec,·
750 2544 810 2574 nisi
840 2543 928 2584 quod
958 2552 1043 2573 uuus
1065 2544 1306 2582 quantacumque
1322 2540 1397 2569 leaec.
1421 2538 1614 2569 Bentleius.

154 2586 239 2614 --12
263 2583 371 2615 Codd.
387 2584 525 2624 quidam
542 2586 628 2616 Mss.
645 2590 680 2616 et
696 2585 793 2623 editi,
806 2586 904 2616 Estne
916 2596 962 2624 ea,
974 2586 1020 2615 ita
1036 2589 1069 2615 ut
1085 2584 1167 2622 (lixi,
1181 2580 1343 2613 liberalis?
1367 2581 1485 2611 dehoc
1499 2585 1613 2610 autem

156 2633 255 2659 versu
271 2626 430 2657 laborant
441 2626 668 2668 Interpretes.
712 2628 812 2669 Sunt,
824 2629 881 2670 qui
899 2629 941 2659 de
958 2627 1164 2659 Phormione
1181 2625 1387 2665 intelligunt,
1405 2623 1526 2654 omisso
1547 2623 1613 2654 Ea.-

815 2713 956 2745 NOTAE

300 2778 322 2809 4·
346 2776 524 2818 Βὶὶαρίιὲει]
548 2776 749 2818 Dilap'uiare
766 2782 819 2809 est
840 2778 849 2795 ‘
868 2778 957 2810 bona
975 2782 1009 2809 et
1027 2775 1255 2808 substantiam
1272 2770 1461 2812 dissipare?
