1966 3302
250 235 336 276 760
748 241 789 271 P.
820 239 1062 271 TERENTH
1098 238 1214 270 ΛΡΜ

252 339 353 380 AEs.
386 336 506 388 Quid
527 337 613 378 hoc
635 340 706 376 est
731 334 905 387 negoti!
936 334 1023 376 hoc
1053 337 1119 375 est
1152 339 1321 388 patrem
1354 339 1485 380 esse‘l
1517 343 1595 381 aut
1623 338 1707 382 hoc

428 408 495 446 est
514 404 653 446 filium
678 404 806 444 esse?

251 474 301 515 Si
323 475 468 524 frater,
490 476 567 514 aut
588 472 754 514 sodalis
775 474 907 521 esset,
921 470 1007 533 39}
1026 471 1166 524 magis
1185 484 1347 513 morem
1367 474 1564 526 gereret-'2

254 542 346 584 Hic
376 555 464 583 non
500 541 747 583 amandus?
791 539 965 581 hiccine
1003 552 1089 580 non
1126 539 1361 593 gestandus
1392 541 1440 582 in
1472 541 1572 583 sinu
1604 543 1708 583 est'?

426 610 548 652 hem!
1653 610 1712 652 75

254 680 415 734 Itaque
438 678 550 719 adeo
568 689 772 729 magnam
792 674 898 716 mihi
917 673 1069 728 injecit
1091 685 1175 714 sua
1194 674 1506 717 commoditate
1528 689 1694 728 curam,

255 748 299 790 N
303 761 327 788 e
348 747 459 787 forte
480 744 735 798 imprudens
756 744 934 793 faciam,
957 741 1078 796 quod
1099 741 1209 783 nolit
1227 755 1237 783 :
1270 743 1417 785 sciens
1438 744 1622 786 cavebo.

254 815 342 858 Sed
362 826 491 856 cesso
513 814 575 854 ire
595 812 724 862 intro,
744 824 797 852 ne
815 823 952 853 morae
973 809 1082 851 meis
1100 810 1264 864 nuptiis
1286 814 1460 864 egomet
1481 812 1623 853 siem?

257 946 408 981 Qnoenam
422 946 486 976 hoec
498 954 548 976 res
563 946 630 975 est?
652 943 745 974 hocne
759 944 805 973 est
818 940 921 981 putris
942 939 1210 982 officiumfiecere?
1231 943 1286 972 aut
1301 939 1394 971 hocne
1409 943 1455 972 est
1460 941 1570 983 filium
1585 950 1617 973 se
1630 950 1712 981 proe-

252 991 359 1019 stare?
401 988 441 1020 Si
458 988 577 1026 fmter,
592 990 645 1018 aut
661 984 774 1017 sodalis
790 994 875 1015 meus
895 988 989 1022 esset,
1004 993 1062 1023 quo
1074 987 1165 1023 pacto
1190 983 1291 1022 magis
1314 983 1532 1015 obsecundaret
1554 982 1711 1015 voluntati

253 1035 349 1063 meoe?
392 1032 504 1063 Nonne
518 1034 584 1062 tam
599 1031 692 1061 bonus
707 1032 798 1069 pater
812 1026 968 1066 singulari
986 1036 1089 1057 amore
1107 1027 1332 1066 prosequendus
1353 1029 1423 1057 est?
1444 1026 1533 1058 hicne
1547 1037 1588 1059 απ
1603 1037 1666 1059 non
1679 1026 1716 1058 in

253 1075 349 1105 oculis
369 1075 525 1114 gerendus
548 1076 617 1104 est?
639 1073 707 1103 hem
720 1072 735 1103 Ι
757 1073 873 1111 itaque,
891 1079 960 1100 cum
975 1079 1006 1101 se
1025 1069 1103 1100 mihi
1119 1072 1184 1100 tam
1200 1069 1330 1108 benigne
1344 1071 1561 1108 accommodet,
1576 1070 1610 1100 in
1624 1079 1714 1108 mag-

254 1127 325 1148 nam
364 1128 412 1149 me
440 1117 569 1157 conjecit
599 1125 716 1154 curam,
745 1118 778 1145 ut
806 1122 929 1144 caveam
958 1122 996 1143 ne
1030 1112 1192 1153 quicquam
1220 1112 1340 1152 faciam
1369 1111 1597 1143 inconsiderate
1633 1112 1715 1152 qnod

254 1161 303 1191 illi
326 1161 513 1201 displiceat,·
541 1169 612 1190 nam
642 1159 754 1196 sciens,
786 1160 816 1188 et
842 1157 975 1196 prudens
1006 1165 1043 1187 ne
1073 1155 1106 1186 id
1125 1155 1258 1194 faciam,
1286 1155 1454 1194 diligenter
1483 1155 1604 1187 curabo.
1650 1155 1716 1187 Sed

254 1203 368 1245 differo
385 1205 507 1235 domum
529 1202 674 1242 introire,
696 1200 773 1232 mihi
794 1200 959 1231 videndum
980 1202 1027 1229 est
1049 1207 1087 1229 ne
1109 1199 1235 1240 ipsemet
1257 1199 1382 1239 nuptias
1403 1207 1488 1229 meas
1509 1199 1679 1230 retardem.

872 1294 1111 1307 ”eeueaeeaeeoe

258 1368 316 1398 ΒΓ.
332 1365 543 1407 Delph.-71
571 1364 640 1403 Ego
665 1372 736 1393 sum
762 1360 979 1401 De1ph.-—72
1002 1360 1062 1391 Pr.
1089 1358 1175 1391 Inst.
1196 1359 1348 1391 Gramm.
1375 1359 1432 1391 lib.
1448 1367 1559 1391 xvnt.
1582 1359 1653 1399 Ego
1667 1359 1716 1390 ibo

254 1411 338 1441 intro
353 1420 363 1440 .-
387 1419 484 1449 quam
501 1408 581 1438 lect.
599 1406 722 1447 probat
738 1406 912 1443 Erasmus,
935 1403 978 1433 ob
995 1402 1177 1434 iambicum
1194 1402 1420 1434 octonarium.
1466 1403 1558 1444 Guy.
1575 1403 1715 1435 nothum

256 1453 342 1484 dicit
368 1453 458 1483 hune
483 1460 632 1487 versum,
659 1448 803 1487 scilicet,
829 1447 910 1487 quia
929 1447 1087 1477 Donatus
1113 1446 1147 1477 in
1171 1445 1370 1486 quibusdam
1395 1455 1461 1477 non
1487 1445 1635 1477 inveniri
1657 1445 1716 1476 ait.

262 1497 359 1527 West.
403 1496 469 1526 Fac
495 1498 530 1525 tu
548 1492 758 1532 Delph.—-73
784 1491 869 1526 Quid
883 1490 939 1520 hoc
953 1490 1059 1528 negoti
1075 1488 1203 1529 Delph.
1219 1488 1386 1529 Bip.—74
1409 1489 1508 1528 Mage
1523 1489 1714 1520 Rom—⁷5

260 1540 340 1570 Non
354 1538 458 1569 habet
474 1540 519 1568 est
536 1534 654 1567 Guelf.
671 1538 702 1566 2.
747 1534 846 1565 Hicce
859 1543 919 1563 ποη
933 1533 1103 1571 gestandus
1118 1532 1305 1563 Rom—76
1328 1531 1458 1571 Injecit]
1482 1532 1588 1571 Lege,
1604 1536 1641 1563 ut
1657 1541 1716 1563 ne-

257 1582 403 1613 cessario
420 1580 571 1620 postulat
588 1588 717 1618 versuS‚
739 1577 863 1616 injicit:
889 1575 970 1615 quin
997 1580 1033 1606 et
1055 1575 1225 1606 sententia
1240 1575 1329 1606 idem
1345 1573 1491 1615 flagitat.
1515 1574 1613 1606 Bent.
1656 1575 1718 1606 Se-

258 1626 374 1665 quitur
389 1624 490 1655 Both.
507 1628 543 1653 nt
560 1627 595 1653 et
612 1621 704 1653 Perl.
723 1621 780 1661 qni
794 1622 910 1650 monet
924 1618 1029 1657 injecit
1045 1628 1119 1649 esse
1138 1618 1170 1648 in
1186 1617 1302 1650 Guelf.
1317 1620 1348 1649 2.
1361 1620 1393 1649 3.
1429 1617 1484 1649 An
1500 1627 1583 1659 ergo
1599 1616 1718 1649 Guelf.

260 1672 290 1699 1.
319 1668 378 1698 dat
401 1667 526 1706 injicit?
560 1665 627 1696 Vix
654 1664 786 1696 eredas.
823 1661 891 1694 Sed
917 1671 1008 1702 saepe
1035 1661 1085 1692 sic
1109 1660 1239 1692 frustra
1266 1661 1374 1702 possis
1389 1670 1547 1702 quaerere
1563 1660 1606 1692 de
1621 1661 1718 1692 lectt.

259 1710 377 1742 Guelf.
395 1713 424 1741 1.
440 1714 472 1741 2.
487 1713 519 1741 3.
549 1719 624 1749 quae.
651 1707 791 1738 seorsim
820 1704 960 1736 exhibet
987 1704 1169 1735 Perl.——77
1193 1704 1250 1736 Sic
1274 1703 1437 1736 Faernus.
1480 1703 1549 1735 Sed
1572 1712 1617 1735 ex
1641 1703 1719 1745 lege

260 1764 378 1785 versus
401 1752 547 1784 ‘faciam
560 1752 568 1764 '
594 1750 798 1790 Tribrachys
824 1758 900 1780 esse
928 1747 1043 1786 debet,
1069 1756 1135 1777 non
1152 1748 1206 1788 (ut
1223 1746 1291 1788 est)
1304 1746 1525 1787 Anapaestus.
1567 1747 1656 1777 Tres
1675 1756 1719 1778 ex

259 1797 386 1828 nostris
404 1796 455 1827 Ne
470 1794 758 1835 imprudensforte:
775 1792 817 1823 ab
834 1791 907 1822 aliis
920 1795 1066 1831 quatuor
1075 1790 1162 1828 sorte
1175 1790 1282 1821 abest.
1322 1790 1476 1831 Repone,
1489 1789 1590 1820 metri
1606 1799 1720 1829 causa,

261 1845 296 1871 et
311 1840 493 1878 distingue,
511 1839 561 1869 Ne
575 1833 986 1877 imprudensfaciamsorte.
1010 1834 1115 1864 Bent.
1153 1833 1208 1865 ΑΙ.
1227 1831 1365 1871 disting.
1384 1837 1460 1872 post
1476 1831 1607 1863 ‘sciens
1619 1831 1628 1845 ’
1644 1841 1720 1872 per-

261 1893 389 1924 peram.
412 1882 499 1913 Perl.
538 1881 586 1912 Ut
603 1881 662 1912 Br.
678 1880 746 1910 sic:
771 1880 849 1919 quod
864 1877 943 1908 nolit
957 1876 1066 1908 sciens.
1102 1875 1234 1907 Cat-ebo.
1272 1875 1433 1906 Bentleio
1448 1873 1648 1906 emendanti
1665 1885 1718 1906 ac-

261 1926 354 1957 cedit
369 1925 560 1956 Both—78
583 1924 669 1954 Mss.
686 1926 721 1953 et
736 1921 894 1962 impressi
912 1919 1063 1961 quidam,
1087 1923 1166 1959 post
1189 1919 1262 1950 ΕΡ.
1278 1927 1373 1949 mora.
1398 1917 1506 1949 West.
1554 1917 1605 1948 Ne
1620 1917 1720 1958 mora]

261 1970 359 2000 Bem.
374 1978 478 1999 moroe.
523 1967 680 2006 Utroque
697 1964 796 1995 modo
813 1967 881 1994 stat
897 1972 1037 2001 versus;
1062 1961 1120 1992 sed
1135 1962 1198 1992 hoc
1215 1961 1355 1992 rectius.
1382 1960 1439 1992 Fa.
1484 1960 1601 1992 Nostri
1619 1960 1721 2001 pleri-

261 2021 326 2053 que
351 2022 446 2042 mora.
491 2011 570 2041 Duo
598 2010 631 2039 in
656 2018 751 2039 mora.
797 2008 887 2047 Lege
914 2010 1027 2036 autem
1053 2005 1124 2043 sim,
1142 2014 1208 2035 non
1224 2004 1310 2035 siem.
1334 2004 1438 2035 Bent.
1484 2003 1578 2035 Mora
1601 2004 1661 2036 Br.
1678 2003 1719 2035 Ζ.

262 2055 386 2096 Delph.
426 2054 493 2084 Sim
511 2052 636 2094 Delph.
652 2051 732 2093 Bip.
750 2050 844 2082 Perl.
889 2049 928 2080 ln
944 2048 1010 2079 fine
1028 2057 1093 2078 non
1108 2047 1324 2089 interrogant
1335 2046 1396 2078 Br.
1413 2046 1452 2078 Ζ.
1467 2045 1546 2087 Bip.

641 2291 845 2334 ACTUS
879 2289 963 2332 IV.
1024 2287 1233 2331 SCENA
1263 2288 1348 2330 VI.

901 2424 1086 2457 DEMEA.

268 2502 528 2542 DEFESSUS
553 2510 647 2537 sum
672 2495 963 2536 ambulando:
993 2498 1060 2544 ut,
1084 2493 1209 2547 Syre,
1230 2497 1272 2534 te
1295 2504 1397 2534 cum
1419 2496 1496 2533 tua

268 2566 592 2609 Monstratione
611 2576 796 2616 magnus
816 2562 977 2616 perdat
996 2561 1171 2615 Jupiter
1189 2561 1197 2601 !

266 2632 527 2687 Perreptavi
551 2644 686 2685 usque
708 2642 834 2670 omne
853 2629 1070 2683 oppidum
1089 2642 1099 2669 z
1131 2627 1187 2668 ad
1207 2631 1391 2681 portam,
1412 2626 1470 2669 ad
1490 2627 1662 2668 lacum:

314 2756 404 2787 Ultro
420 2756 555 2795 citroque
570 2753 764 2784 commeando
781 2754 862 2783 totus
877 2751 1068 2789 defatigatus
1088 2759 1166 2781 sum.
1212 2749 1272 2781 Dii
1295 2752 1338 2787 te,
1364 2748 1458 2789 Syre,
1479 2748 1559 2779 male
1578 2747 1724 2788 per-dane,

266 2800 322 2840 qui
350 2803 415 2830 tam
443 2800 522 2829 male
544 2798 606 2828 iter
637 2796 713 2827 mihi
735 2795 928 2826 monstrasti.
977 2794 1086 2825 Totam
1114 2793 1221 2824 urbem
1247 2794 1368 2824 moleste
1395 2792 1557 2823 circumivi
1573 2790 1722 2832 adfinem
