1966 3302
282 240 367 283 686
777 251 817 282 P.
849 250 1096 281 TERENTH
1132 251 1249 282 Aeni

283 345 500 388 Vestem?
533 346 803 387 resarcietur.
866 345 964 395 Est,
988 345 1074 386 Dis
1096 346 1250 398 gratia,

282 414 342 455 Et
362 414 474 469 uude
489 414 587 455 haec
609 413 732 463 fiant,
751 417 796 454 et
815 412 958 454 adhuc
979 424 1066 452 non
1088 413 1277 454 molesta
1298 417 1412 454 sunt.

279 482 525 530 Postremo,
548 485 623 522 aut
644 480 809 530 desine,
831 467 914 521 aiii?
924 480 1034 520 cedo
1057 481 1260 533 quemvis
1282 482 1521 541 allkstwfflj

282 550 347 591 Te
367 550 496 604 plura
515 550 557 590 in
578 548 662 589 hac
682 562 726 589 re
746 561 934 602 peccare
955 548 1203 590 ostendam.
1264 549 1356 590 DE.
1387 550 1479 592 Hei
1501 550 1632 595 mihi!

283 617 417 657 Pater
436 630 534 657 esse
556 617 678 657 disce
700 618 755 658 ab
777 616 893 667 aliis,
913 616 990 670 qui
1012 629 1109 657 vere
1127 617 1290 657 sciunt.
1684 621 1744 662 45

283 684 371 724 M1.
401 683 577 725 Natura
598 688 647 724 tu
664 684 730 724 illi
749 687 876 738 pater
895 697 958 734 es,
979 684 1180 725 consiliis
1201 697 1301 736 ego.

284 753 376 793 DE.
405 751 521 793 Tun'
542 753 736 794 consulis
754 753 1025 806 quicquam?
1087 752 1172 792 ΜΙ.
1202 750 1300 793 Ah!
1332 752 1371 793 si
1391 753 1555 807 pergis,
1574 754 1744 797 abiero.

284 820 375 861 DE.
398 819 574 862 Siccine
591 821 716 873 agis?
777 819 865 861 Ml.
887 818 958 861 An
975 833 1056 873 ego
1072 821 1201 861 toties
1222 821 1276 861 de
1297 821 1448 862 eadem
1469 835 1514 863 re
1535 822 1744 864 audiam?

285 888 375 929 DE.
398 875 526 945 Cinge
544 883 617 928 >est
637 887 756 928 mihi.
810 887 897 928 M1.
916 888 973 929 Et
992 887 1100 949 niihi
1121 901 1240 929 curae
1263 893 1359 930 est:
1382 902 1544 942 verum,
1565 890 1743 939 Demea,

284 941 501 1003 Curemu}
521 968 694 1009 aequam
714 960 899 1009 uterque
921 946 1119 1009 partein:
1152 959 1198 996 tn
1220 947 1454 1007 alterumj'
1487 948 1497 953 ’
1685 959 1745 1000 50

282 1022 376 1075 Ego
396 1023 502 1063 item
524 1022 735 1074 alterum3
771 1035 871 1063 nam
893 1022 1048 1063 ambos
1068 1034 1232 1072 curare,
1252 1023 1573 1078 propemodum

282 1088 541 1143 Reposcere
560 1089 685 1129 illum
706 1093 788 1140 est,
811 1103 940 1144 quem
963 1089 1139 1131 dedisti.
1201 1090 1294 1132 DE.
1323 1090 1419 1133 Ah!
1452 1092 1607 1135 Micio.

288 1216 413 1247 Vestem
427 1216 631 1249 dilaceravit?
653 1217 861 1258 reparabitur.
906 1217 964 1248 Est
977 1217 1072 1258 (Diis
1083 1217 1207 1260 gratia)
1223 1218 1363 1256 facultas
1377 1221 1455 1251 sati-s
1468 1221 1570 1262 ampla
1585 1220 1650 1252 haec
1661 1230 1744 1263 prae-

281 1260 401 1298 standi,
413 1264 444 1291 et
457 1260 554 1291 adhuc
568 1271 629 1292 non
648 1264 721 1292 sunt
734 1260 810 1292 mihi
824 1261 936 1300 gravia
949 1271 960 1292 .-
990 1262 1125 1301 tandem,
1139 1266 1194 1293 aut
1209 1263 1312 1294 desine
1329 1274 1376 1294 me
1391 1264 1528 1296 molestia
1543 1266 1672 1305 afficere,
1687 1268 1742 1295 aut

283 1302 333 1332 dic
345 1303 480 1342 quemvis
494 1303 646 1334 arbitrum
657 1315 670 1341 ;
696 1304 787 1344 hujus
802 1305 966 1335 sententiae
986 1304 1185 1344 acquiescam,
1202 1309 1232 1336 et
1248 1309 1278 1336 te
1289 1307 1360 1347 plus
1373 1316 1478 1338 errare
1493 1317 1585 1348 quam
1598 1316 1647 1338 me
1661 1308 1742 1338 clare

282 1355 425 1383 arguam.
472 1347 544 1377 De.
569 1347 634 1378 Hei
649 1346 752 1378 milii!
775 1347 858 1378 disce
874 1351 904 1378 te
916 1350 1040 1387 patrem
1051 1357 1162 1386 gerere
1176 1348 1214 1378 ab
1227 1349 1311 1388 aliis,
1327 1349 1380 1389 qui
1393 1351 1557 1389 peritiores
1571 1354 1644 1381 sunt
1660 1359 1742 1380 vera·

281 1388 396 1427 patriae
415 1389 580 1429 potestatis
606 1390 790 1421 exercendoe.
836 1390 902 1421 Mi.
928 1390 1053 1421 Natura
1076 1393 1112 1420 tu
1133 1390 1180 1421 illi
1204 1394 1296 1431 pater
1312 1402 1364 1429 es,·
1386 1401 1442 1431 ego
1457 1394 1594 1424 consiliis
1608 1396 1643 1424 et
1654 1399 1741 1424 recta

281 1430 488 1463 institutione.
538 1433 603 1463 DE.
653 1433 737 1463 Tune
755 1433 889 1464 consulis
901 1432 975 1463 bene
989 1433 1162 1473 quicquam,
1179 1434 1232 1474 qui
1244 1434 1341 1466 nimia
1356 1436 1552 1475 indulgentia
1568 1436 1657 1467 illum
1667 1445 1739 1476 per-

281 1473 357 1505 dis?
402 1475 468 1506 Μι.
491 1474 572 1507 Ah!
594 1476 622 1506 si
645 1485 821 1515 perseveras
846 1485 936 1507 aures
961 1475 1140 1516 obtundere,
1163 1476 1246 1507 illico
1269 1478 1447 1509 discessero.
1492 1480 1561 1510 DE.
1585 1479 1678 1510 Itane
1694 1487 1741 1509 me

281 1517 391 1549 audire
408 1527 545 1557 recusas,
560 1522 589 1549 et
604 1518 671 1549 abis
682 1518 698 1551 ?
742 1519 808 1550 M1.
832 1519 884 1550 An
906 1528 963 1558 ego
980 1519 1071 1549 toties
1085 1519 1122 1550 de
1136 1519 1192 1550 hac
1208 1529 1242 1550 re
1258 1520 1371 1552 iterata
1394 1522 1499 1553 odiosa
1519 1521 1611 1553 verba
1632 1522 1740 1552 audire

281 1563 398 1598 cogar?
444 1561 515 1591 DE.
544 1562 614 1592 Non
628 1571 750 1601 possum
764 1572 824 1592 non
839 1561 950 1592 habere
966 1571 1072 1592 curam
1085 1561 1164 1603 filii.
1209 1563 1274 1594 M1.
1295 1565 1395 1604 AEque
1416 1564 1492 1595 mihi
1518 1574 1601 1595 curoe
1622 1569 1683 1602 est,
1705 1575 1740 1594 uc

281 1602 353 1633 tibi.
395 1603 510 1644 Atqui,
525 1604 653 1643 Demea,
667 1606 826 1644 aequaliter
839 1604 1015 1645 partiamur
1028 1613 1117 1635 curas
1128 1604 1271 1646 filiorum
1294 1610 1435 1639 tuorum.-
1461 1611 1495 1638 tu
1510 1607 1641 1638 alterum
1656 1617 1743 1637 curu-

282 1645 342 1681 bis,
371 1645 449 1676 hunc
479 1657 597 1687 nempe,
622 1657 710 1687 quem
732 1648 894 1679 retinuisti
917 1648 998 1687 apud
1020 1650 1063 1686 te,
1078 1648 1112 1678 in
1127 1651 1181 1679 tua
1201 1652 1376 1688 potestate;
1398 1660 1454 1690 ego
1469 1652 1601 1681 alterum
1621 1650 1741 1688 itidem,

282 1698 372 1727 quem
395 1690 542 1729 adoptavi
555 1701 565 1720 .·
586 1700 668 1729 nam,
695 1693 774 1730 quod
797 1690 901 1720 ambos
922 1699 1029 1729 regere
1050 1693 1104 1720 tuo
1119 1691 1194 1721 velis
1207 1691 1350 1731 arbitrio,
1367 1693 1422 1723 hoc
1443 1703 1529 1733 paene
1544 1697 1589 1724 est
1604 1696 1741 1733 repetere

281 1731 369 1763 illum
389 1742 478 1772 quem
500 1742 556 1774 per
581 1733 776 1773 adoptionem
804 1733 837 1764 in
848 1733 957 1775 filium
980 1732 1104 1764 dedisti.
1149 1734 1220 1766 DE.
1242 1735 1307 1776 Ali,
1323 1735 1431 1774 Micio,
1445 1736 1518 1776 quid
1532 1746 1580 1767 me
1593 1734 1742 1767 accusas!

895 1828 913 1840 e
917 1826 1092 1840 coevo-0000
1096 1827 1135 1839 θ’

283 1909 424 1948 antiqua
443 1917 561 1938 manus
586 1906 938 1947 superscripsit.’—42
965 1907 1008 1937 Et
1024 1905 1118 1946 unde]
1140 1906 1284 1938 Quidam
1302 1905 1378 1937 libri
1401 1915 1467 1938 non
1494 1911 1685 1947 agnoscunt
1702 1906 1740 1937 τὸ

283 1952 340 1982 Et.
365 1952 471 1982 West.
517 1951 585 1982 Dat
603 1952 681 1990 Bip.
710 1952 767 1981 Est
784 1951 858 1981 Diis
881 1950 1002 1989 gratia,
1027 1950 1106 1981 Cum
1121 1953 1168 1980 est
1182 1950 1261 1980 unde
1275 1950 1341 1980 ltoec
1365 1949 1474 1991 flant:
1497 1953 1528 1981 et
1553 1950 1652 1980 adhuc
1677 1960 1738 1981 mm

280 1996 421 2033 lya—44
449 1994 502 2024 Ita
530 1994 683 2034 plerique
706 1993 795 2024 libri.
842 1994 1001 2029 Quidam,
1030 1992 1064 2023 in
1090 1993 1168 2023 huuc
1193 2003 1268 2024 rem.
1299 1993 1408 2024 WVest.
1466 1994 1508 2023 Ει
1533 1996 1564 2023 te
1588 1993 1647 2024 ΒΓ.
1696 1994 1740 2024 Ei

282 2038 360 2068 milii
372 2037 430 2068 Br.
449 2038 636 2068 Bene—45
663 2037 711 2067 Ab
725 2035 812 2076 aliis]
837 2036 891 2067 Ita
908 2037 976 2067 Do.
995 2040 1031 2066 et
1046 2036 1130 2066 Mss.
1154 2036 1288 2076 quidam
1306 2035 1469 2077 editique.
1514 2034 1595 2071 Alii,
1610 2035 1648 2066 ab
1663 2035 1738 2067 iltis.

283 2080 514 2120 Conjectabat
531 2080 739 2110 Pahuerius:
764 2080 817 2119 qui
829 2089 899 2110 vere
908 2080 998 2110 sient.
1046 2079 1123 2110 Nou
1141 2079 1237 2110 maie.
1263 2077 1326 2118 [At
1339 2079 1417 2118 Bip.
1433 2083 1550 2110 notat:
1575 2079 1584 2095 ‘
1599 2078 1738 2110 Frustra

283 2122 485 2158 Palmerius,
503 2123 557 2153 cui
575 2123 744 2153 accedunt
760 2122 852 2162 Guy.
869 2129 904 2153 et
921 2123 1008 2153 Dae.
1024 2122 1172 2161 conjecit
1186 2130 1255 2152 rere
1270 2121 1402 2161 scient.']
1434 2121 1551 2162 Atque
1568 2121 1618 2151 ita
1633 2123 1735 2152 etiam

281 2166 351 2206 legi
367 2166 529 2196 observat
546 2166 687 2196 Pau-eus.
731 2165 772 2196 In
787 2166 843 2196 Tr.
859 2170 922 2205 est,
944 2164 997 2205 qui
1020 2174 1090 2195 vere
1105 2167 1187 2195 suut.
1211 2165 1318 2195 West.
1365 2165 1414 2195 Ab
1430 2164 1496 2195 iuis
1511 2164 1555 2195 G.
1572 2164 1642 2195 ET.
1687 2165 1738 2195 Ab

282 2209 331 2239 liis
347 2209 427 2239 EM.
472 2208 527 2239 Id.
540 2208 574 2238 iu
590 2208 674 2239 Adcl.
714 2208 763 2239 Ab
778 2208 850 2238 aliis
865 2209 1022 2239 Donatus
1037 2209 1146 2238 citat:
1172 2217 1230 2237 nos
1248 2213 1361 2237 tamen
1377 2207 1540 2238 malumus
1555 2205 1592 2236 ab
1607 2207 1684 2245 iuis,
1699 2212 1738 2239 ut

283 2257 318 2282 et
336 2252 368 2281 in
385 2251 531 2292 antiquis
547 2251 642 2282 libi-is
660 2256 722 2286 est,
740 2256 775 2282 et
790 2251 903 2281 multis
920 2251 1003 2282 aliis.
1020 2250 1080 2281 Fa.
1128 2250 1246 2281 Nostri
1259 2260 1373 2281 omnes
1386 2251 1423 2281 ub
1439 2250 1513 2281 illis.
1558 2249 1627 2281 Sed
1645 2249 1736 2280 aliud

283 2299 401 2325 restat.
446 2294 538 2327 Quid
555 2294 607 2325 hic
623 2293 708 2325 facit
722 2292 850 2325 sciunt?
874 2293 1075 2332 Palmerius‚
1097 2293 1262 2333 probante
1287 2293 1437 2334 Guyeto,
1462 2293 1554 2323 sient.
1601 2292 1737 2329 Recre3

283 2336 384 2368 modo
407 2341 443 2368 et
468 2338 535 2368 teri
559 2346 621 2376 pro
645 2347 715 2368 vere
739 2337 866 2368 addas:
892 2338 991 2367 Pater
1012 2346 1074 2367 esse
1097 2336 1134 2366 ab
1158 2336 1221 2367 illis
1246 2336 1340 2375 disce,
1362 2337 1413 2376 qui
1428 2337 1494 2366 veri
1518 2335 1609 2366 sient.
1633 2335 1738 2366 ovid.

283 2381 370 2412 Met.
389 2389 442 2411 ix.
459 2382 512 2410 24.
535 2379 695 2418 ‘Jupiter
718 2384 776 2410 aut
793 2379 896 2410 falsus
919 2385 1019 2420 pater
1035 2384 1100 2417 est,
1125 2384 1184 2409 aut
1205 2379 1345 2410 crimine
1366 2378 1491 2409 verus!
1514 2378 1611 2409 Beut.
1655 2378 1735 2409 Ver.

283 2423 368 2454 Cod.
393 2423 445 2463 qui
459 2423 573 2453 virere.
600 2422 698 2453 Liud.
727 2422 836 2462 Pater]
853 2423 994 2454 Micioni
1022 2422 1188 2452 tribuerat
1205 2422 1292 2452 hune
1311 2431 1499 2452 sermonem
1517 2421 1629 2451 scriba
1645 2422 1736 2451 codi-

282 2466 344 2505 cis,
358 2466 415 2496 sed
434 2466 506 2506 ipse
521 2475 641 2495 nomeu
659 2465 824 2496 delevisse
843 2465 986 2497 videtur.
1000 2465 1119 2495 Bruma
1155 2465 1227 2495 Illis
1243 2465 1301 2495 Br.
1318 2465 1395 2505 Bip.
1413 2465 1502 2495 Peri.
1540 2464 1734 2494 Bentleiuin

283 2509 419 2539 omnino
446 2509 599 2549 sequitur
625 2508 725 2539 Both.
755 2509 819 2539 nisi
845 2509 933 2550 quod
960 2507 1151 2548 transponit
1174 2517 1236 2538 esse
1262 2508 1443 2538 disce—47
1471 2508 1566 2538 Beni.
1587 2506 1735 2537 consiliis.

283 2552 339 2582 Ita
355 2556 391 2582 et
409 2551 493 2582 Cod.
511 2551 655 2590 Argent.
672 2551 825 2592 citatque
842 2561 884 2582 ex
903 2551 988 2582 Cod.
1008 2550 1153 2581 Werteri
1171 2551 1213 2581 G.
1225 2550 1260 2581 F.
1270 2550 1456 2582 West.—48
1468 2550 1521 2580 M.
1533 2548 1653 2580 Siccine
1663 2547 1735 2580 ais?

281 2594 330 2625 ita
348 2598 383 2625 et
399 2603 514 2624 omues
535 2594 617 2624 Mss.
644 2594 804 2625 Boecleri.
849 2593 901 2625 An
927 2604 982 2633 ego
1005 2594 1097 2624 toties
1120 2594 1203 2624 Mss.
1234 2593 1372 2634 quidam
1403 2594 1543 2624 Demeae
1569 2591 1735 2623 tribuunt.

285 2637 411 2668 Totiens
427 2636 470 2668 G.
488 2636 568 2667 EM.
592 2636 691 2667 West.
736 2637 800 2677 Re]
817 2637 850 2669 J.
867 2641 907 2668 te.
956 2637 1079 2669 Totiens
1095 2636 1179 2668 GM.
1206 2636 1288 2667 Perl.
1332 2636 1387 2667 Sic
1410 2636 1558 2667 ssr.-49
1583 2636 1666 2666 Cura
1684 2635 1734 2665 bis

284 2680 413 2711 G.-51
440 2680 552 2711 Ambos
567 2679 688 2718 curare]
714 2678 754 2709 In
774 2681 841 2710 Ms.
858 2679 958 2710 Bodl.
984 2680 1266 2719 suprascriptum,
1289 2682 1328 2710 te.
1355 2679 1462 2709 West.
1507 2678 1598 2717 Lege
1625 2687 1735 2707 οτι-νων

281 2721 392 2753 ambos.
418 2722 517 2753 Bent.
553 2722 711 2761 Sequitur
728 2722 818 2752 Peri.
863 2722 972 2753 Abest
987 2732 1094 2753 curare
1109 2732 1126 2752 a
1143 2721 1257 2752 Guelf.
1285 2723 1403 2753 1.—52
1427 2720 1548 2751 Boend.
1576 2720 1647 2751 EA.
1663 2720 1736 2752 ΕΡ.

283 2764 358 2796 ,Νι-Ι
373 2766 411 2796 ah
425 2765 439 2796 Ι
463 2765 572 2795 Micio.
589 2765 696 2796 XVest.
740 2764 791 2795 Ah
808 2765 918 2805 Micio]
938 2766 1034 2796 Beni.
1051 2766 1079 2796 A
1094 2765 1164 2795 sine
1178 2765 1383 2805 aspiratione
1398 2764 1520 2795 habet:
1539 2763 1590 2794 vi.
1605 2768 1640 2794 et
1654 2764 1732 2794 Bas.

284 2807 377 2844 ,filum
402 2809 612 2839 Decurtatus
628 2813 662 2838 et
684 2807 801 2849 aliquis
819 2807 904 2838 liber
923 2808 1048 2839 Donati
1078 2808 1156 2843 Ha,-
1180 2817 1282 2848 supra
1303 2808 1402 2839 etiam
1428 2816 1488 2847 per
1516 2806 1733 2838 exclamatio-
