1966 3302
567 220 792 251 EoNucm
826 220 934 250 ACT.
969 219 1012 250 v.
1047 220 1114 250 sc.
1148 219 1219 250 lx.
1539 213 1620 253 531

158 315 224 358 Te
245 318 479 369 praesente,
500 315 698 364 absente,
720 317 892 369 pateat3
923 315 1134 357 invocato
1156 320 1206 358 ut
1222 315 1280 357 sit
1313 317 1438 357 locus

163 382 364 437 Semper.
423 383 513 424 ΤΗ.
547 383 621 423 Do
651 382 798 432 fidem,
824 383 1033 424 futurum.
1095 382 1189 424 GN.
1228 382 1465 436 Accingar.
1526 383 1617 424 PH.

337 449 482 500 Quem
504 450 576 491 hic
599 463 682 504 ego
705 450 873 491 audio‘?
1568 452 1625 493 30

166 516 205 558 Ο
237 516 441 559 Thraso!
500 517 589 559 ΤΗ.
633 517 823 558 Salvete.
885 517 975 558 PH.
1021 517 1092 558 Tu
1125 517 1329 569 sortasse,
1367 533 1467 573 quae
1502 519 1622 561 facta

337 584 409 625 hic
432 584 532 635 sint,
555 586 716 625 nescis.

164 650 256 692 ΤΗ.
287 651 405 692 Scio.
466 651 558 692 PH.
590 651 678 692 Cur
699 664 801 704 ergo
831 651 877 691 in
897 651 966 692 his
989 664 1072 705 ego
1102 656 1144 694 te
1180 653 1414 707 conspicor
1433 654 1622 706 regioni-

493 720 510 749 φ

164 788 257 830 ΤΗ.
288 720 622 829 Vobisusfretus.
683 788 775 829 PH.
808 787 928 829 Scin’
950 801 1082 841 quam
1112 787 1281 829 fretus?
1316 787 1465 839 Miles,
1495 788 1624 829 edico

336 854 414 895 tibi

166 927 215 969 Si
248 932 293 969 te
328 928 374 969 in
410 886 561 980 blatea
597 927 820 969 offendero
854 928 937 970 hac
978 934 1083 985 post
1111 943 1322 984 unquam,
1355 931 1471 985 quod
1502 931 1624 973 dicas

337 995 461 1045 mihi,

164 1095 261 1133 adsis,
282 1095 346 1126 sive
369 1095 450 1126 absis
463 1106 473 1131 ‚·
499 1099 535 1126 ut
550 1105 660 1127 mensoe
676 1100 738 1127 {11ae
752 1096 830 1128 mihi
844 1107 963 1138 semper
984 1099 1066 1129 locus
1082 1098 1196 1139 aliquis
1219 1100 1412 1139 relinquatur
1426 1109 1550 1140 vacuus,
1566 1101 1625 1131 etsi

161 1149 222 1170 non
237 1138 523 1176 invitatussnerim.
567 1139 634 1169 ΤΗ.
660 1139 810 1170 Polliceor
835 1141 904 1180 tibi,
927 1151 1082 1181 meamque
1096 1142 1195 1182 fidem
1217 1143 1332 1181 obligo,
1357 1143 1412 1173 hoc
1435 1143 1482 1174 ita
1495 1143 1570 1181 sore
1591 1148 1626 1174 ut

159 1181 253 1221 petis·
299 1181 370 1213 GN.
393 1181 586 1220 Aggredior.
632 1181 703 1212 ΡΗ.
723 1183 821 1218 Quem
836 1183 886 1214 hic
901 1193 957 1223 ego
971 1185 1087 1216 audio?
1113 1186 1142 1215 O
1161 1185 1286 1222 Thraso,
1302 1189 1375 1216 tune
1390 1186 1439 1216 hic
1454 1189 1508 1216 es?
1551 1186 1622 1218 ΤΗ.

166 1223 255 1255 Salvi
268 1228 372 1255 estole.
419 1225 489 1254 PH.
516 1223 711 1262 Tufortasse
724 1227 863 1265 ignoras,
891 1237 958 1266 quae
982 1227 1031 1258 hic
1045 1228 1138 1265 facta
1152 1228 1288 1266 suerint.
1333 1229 1404 1259 ΤΗ.
1428 1229 1561 1260 Iffinime
1577 1229 1625 1268 ig-

163 1276 249 1297 noro.
295 1267 366 1298 PH.
393 1267 458 1297 Cur
473 1277 545 1306 ergo
564 1268 595 1298 in
612 1268 660 1298 his
672 1268 756 1298 urbis
768 1269 910 1308 partibus
933 1273 962 1300 te
986 1271 1156 1310 conspectui
1172 1281 1236 1302 meo
1251 1269 1370 1312 offers?
1392 1282 1447 1302 cur
1472 1282 1533 1303 non
1555 1272 1625 1302 hinc

165 1309 254 1340 abis?
296 1309 370 1340 ΤΗ.
401 1309 494 1340 Vobis
515 1310 646 1350 confisus
674 1311 723 1341 hia:
745 1312 863 1343 adsum.
911 1312 983 1343 Pu.
1008 1313 1078 1344 Scis
1093 1324 1184 1353 quam
1197 1315 1349 1355 confidere
1365 1315 1494 1346 debeas?
1516 1314 1626 1355 Miles,

162 1351 308 1383 denuntio
322 1352 392 1393 tibi,
410 1353 438 1384 si
451 1353 578 1393 posthac
593 1356 623 1384 te
639 1364 770 1394 unquam
786 1355 817 1385 in
833 1356 889 1385 hac
900 1356 1004 1395 platea
1012 1356 1101 1394 forte
1117 1357 1237 1388 obvium
1253 1357 1384 1389 habuero
1395 1369 1407 1395 ;
1429 1358 1509 1389 nihil
1525 1368 1625 1389 causae

780 1440 1022 1452 eeeeeeee

163 1514 238 1535 rum
255 1513 346 1545 pam,
363 1508 419 1536 tua
432 1505 509 1536 mihi
523 1507 640 1538 domus.
687 1507 910 1544 Coneinnius,
927 1511 963 1538 ut
980 1507 990 1524 ‘
1004 1508 1090 1539 Mihi
1103 1508 1111 1521 '
1138 1509 1170 1539 in
1189 1509 1268 1540 Arsi
1287 1510 1342 1541 sit.
1369 1511 1462 1542 Bent.
1509 1511 1546 1543 Si
1561 1514 1626 1554 effi-

161 1547 221 1587 cio,
233 1547 288 1578 hoc
300 1549 420 1587 postulo
435 1552 469 1578 ut
485 1553 539 1579 tua
552 1549 627 1579 mihi
648 1550 704 1581 ΒΓ.
731 1550 799 1580 Hoc
814 1551 842 1580 si
857 1551 952 1592 <ffi⁶f⁰
970 1551 1094 1592 Delph.
1113 1558 1148 1583 et
1165 1556 1219 1583 tua
1234 1553 1313 1583 mihi
1328 1563 1403 1584 cum
1423 1555 1503 1595 Rip.
1520 1556 1623 1586 Both.

164 1590 345 1622 Fert—29
371 1591 412 1622 Te
425 1595 590 1631 proesente,
606 1595 636 1623 te
657 1592 780 1624 absente
804 1593 876 1624 ΕΡ.
905 1594 1005 1625 West.
1053 1596 1096 1625 Et
1122 1595 1245 1626 ahsente
1273 1596 1388 1628 Guelf.
1413 1600 1443 1628 3.
1471 1603 1572 1638 atque
1594 1602 1626 1630 et

163 1639 244 1674 post
258 1634 268 1650 ‘
286 1633 409 1664 invoc.'
433 1634 604 1666 Perl.—30
633 1635 679 1665 Do
692 1635 792 1675 fidem
806 1636 853 1666 ita
866 1635 1031 1676 futurum]
1056 1638 1253 1669 Delevimus
1271 1639 1456 1671 dictionem
1474 1641 1533 1679 ita,
1550 1651 1626 1681 quae

163 1676 197 1706 in
216 1675 311 1706 Bem.
329 1681 364 1707 et
381 1676 512 1718 aliquot
530 1678 603 1708 aliis
620 1678 715 1708 libris
731 1688 796 1709 non
820 1684 894 1717 est3
930 1680 1001 1710 sine
1027 1690 1093 1721 qua
1110 1685 1144 1712 et
1161 1691 1279 1712 versus
1297 1688 1333 1713 et
1357 1693 1474 1714 sensus
1496 1685 1626 1723 optime

165 1723 334 1750 constant.
359 1719 418 1750 Fa.
464 1720 586 1760 Neque
602 1720 637 1751 in
651 1723 776 1752 nostris
793 1725 846 1752 est
868 1722 926 1753 ita.
975 1723 1027 1753 Do
1042 1723 1142 1764 fidem
1155 1724 1326 1762 futurum:
1360 1731 1397 1757 ut
1422 1727 1456 1756 in
1481 1728 1489 1742 ‘
1505 1726 1626 1758 fidem’

164 1762 309 1792 elevatio
326 1765 361 1792 et
377 1772 469 1792 mora
484 1762 556 1794 fiat.
604 1764 653 1794 Do
667 1764 768 1805 fidem
782 1765 829 1795 ita
841 1765 1015 1803 ficturmn;
1037 1767 1094 1797 vix
1117 1766 1210 1797 audis
1227 1767 1280 1799 hic
1297 1769 1305 1784 ‘
1323 1768 1446 1808 fidem,'
1469 1770 1541 1800 sine
1559 1780 1625 1811 quo

158 1808 283 1835 cetera
308 1804 402 1835 nihili
431 1810 521 1836 sunt.
545 1806 641 1837 Bent.
688 1807 733 1838 Ο.
756 1808 818 1838 hs.
844 1813 1011 1849 quotquot
1037 1815 1126 1846 sunt,
1157 1810 1255 1845 Quem
1281 1820 1337 1850 ego
1353 1812 1403 1842 hic
1422 1811 1540 1844 audio?
1563 1823 1627 1844 nec

162 1856 282 1878 versus
299 1853 482 1888 repugnat,
497 1848 571 1879 siin
594 1849 743 1881 dictione
768 1855 776 1868 ‘
795 1850 921 1882 Quem’
940 1861 1006 1882 non
1024 1851 1083 1883 fiat
1099 1853 1242 1883 collisio.
1267 1854 1326 1885 Fa.
1372 1855 1427 1886 Sic
1444 1860 1478 1886 et
1494 1856 1627 1887 nostri:

163 1899 230 1921 non
262 1889 301 1921 fit
327 1890 382 1920 hic
411 1891 553 1929 collisio,
582 1892 662 1932 quia
693 1894 702 1909 ‘
731 1893 861 1926 Quenl’
893 1894 926 1923 in
959 1895 1031 1925 ictu
1063 1901 1127 1932 est,
1158 1896 1191 1926 in
1225 1897 1396 1937 principio
1436 1897 1629 1939 Anapaesti.

163 1933 262 1963 Bent.
316 1932 370 1964 Ita
391 1932 494 1964 habet
518 1934 642 1975 Delph.
688 1935 861 1967 Facturum
892 1936 1007 1968 Guelf.
1030 1940 1061 1968 3.
1111 1939 1178 1977 Ego
1200 1938 1250 1969 hic
1281 1940 1338 1971 ΒΓ.
1370 1940 1450 1981 Bip.
1480 1941 1628 1972 Both.—

164 1977 217 2006 31.
247 1977 288 2007 32
334 1976 495 2016 Suspicor
511 1986 648 2009 carmen
664 1977 854 2009 inversione
871 1980 999 2010 ordinis
1019 1980 1255 2020 depravatum.
1303 1983 1496 2022 Constabit,
1523 1984 1551 2014 si
1579 1985 1628 2016 sie

160 2017 257 2058 legas
272 2028 280 2048 ε
309 2018 338 2048 0
356 2019 486 2058 Thraso,
507 2021 642 2051 salvete.-
665 2024 699 2051 ιιι
712 2021 866 2058 fortassis
880 2022 931 2053 hic
946 2033 1013 2063 quoe
1023 2024 1112 2062 facta
1127 2028 1198 2054 sunt
1213 2026 1321 2056 nescis.
1367 2025 1451 2063 Scio,
1475 2036 1530 2058 cur
1553 2037 1627 2066 ergo

164 2060 198 2091 in
222 2060 273 2091 his
300 2063 331 2091 le
356 2062 513 2102 conspicor
539 2063 738 2101 regionibus?
783 2065 831 2095 Ut
855 2075 912 2104 ego
943 2065 1099 2096 elidatur.
1124 2068 1184 2099 Er.
1234 2069 1417 2110 conspicor]
1439 2069 1508 2100 Ms.
1534 2070 1628 2110 Lips.

163 2102 328 2143 conspicio.
351 2103 460 2137 W'est.
507 2105 617 2136 curte
640 2116 714 2146 ergo
730 2107 763 2137 in
778 2107 828 2138 his
843 2118 900 2146 ego
923 2109 1076 2149 conspicio
1096 2110 1138 2141 R.
1164 2115 1201 2141 et
1217 2111 1297 2142 Vet.
1326 2111 1410 2143 Cod.
1435 2112 1531 2144 Lind.
1580 2113 1629 2144 Hi

164 2154 282 2176 versus
299 2145 333 2176 iu
349 2146 436 2177 libro
465 2149 596 2178 tantum
623 2148 792 2180 Bembino
812 2150 917 2190 juxta
942 2153 1118 2192 vulgatam
1145 2153 1328 2185 lectionem
1355 2155 1537 2194 leguntur:
1562 2156 1629 2186 nisi

165 2187 257 2228 quod
276 2197 338 2228 pro
356 2189 514 2230 conspicor
529 2191 630 2221 habet
646 2192 828 2232 conspicior.
874 2193 943 2224 Alii
960 2195 1092 2235 antiqui
1118 2195 1198 2226 libri
1225 2196 1351 2227 habent
1376 2199 1535 2238 conspicor
1550 2208 1628 2230 cum

164 2231 327 2262 Donato:
353 2232 437 2262 etin
453 2233 698 2272 superioribus,
722 2244 790 2274 quae
805 2234 898 2273 facta
912 2236 962 2267 hic
977 2237 1070 2268 sient.
1117 2238 1293 2270 Praeterea
1309 2244 1342 2271 et
1368 2241 1497 2282 antiqui
1519 2246 1554 2272 et
1576 2251 1628 2273 re·

165 2279 284 2305 centes
299 2283 414 2305 omnes
432 2275 510 2305 libri
527 2281 562 2306 et
578 2277 737 2308 Donatus
753 2278 803 2309 ita
818 2277 926 2309 ferme
951 2279 1057 2311 verba
1085 2281 1263 2320 collocata,
1287 2293 1473 2324 versusque
1495 2284 1630 2315 ordina-

164 2321 219 2347 tos
235 2316 386 2347 habent:
415 2318 444 2347 Ο
463 2318 591 2350 Thraso,
638 2319 772 2351 salvete.
819 2320 866 2351 Ta
880 2321 1018 2360 sortasse
1033 2334 1100 2363 quoe
1108 2323 1201 2361 sacta
1214 2325 1264 2356 hic
1278 2325 1358 2356 sient
1378 2327 1499 2358 Nescis.
1544 2327 1627 2358 Scio.

168 2359 234 2390 Cur
249 2362 281 2390 te
295 2369 368 2398 ergo
383 2360 417 2390 in
432 2360 481 2390 his
496 2371 552 2400 ego
567 2363 724 2402 conspicor
739 2363 940 2402 regionibus?
963 2366 1020 2396 Fa.
1067 2366 1122 2397 Ita
1150 2368 1233 2398 dant
1261 2369 1362 2399 Bent.
1390 2370 1470 2409 Bip.
1499 2371 1626 2410 Delph.

167 2401 233 2432 Cur
249 2405 279 2432 te
293 2412 366 2441 ergo
382 2403 415 2433 in
431 2403 479 2433 his
494 2413 550 2442 ego
564 2406 715 2445 conspicio
732 2406 791 2437 ΒΓ.
837 2407 907 2438 Dat
923 2408 1065 2439 Bothius
1079 2420 1087 2441 :
1114 2410 1195 2449 Eho,
1208 2411 1338 2451 Thraso,
1354 2435 1362 2443 .
1373 2435 1381 2443 .
1395 2436 1402 2443 .
1421 2412 1556 2444 Salvete.
1583 2413 1630 2444 Tu

155 2443 306 2483 fortasse,
323 2455 389 2484 quae
396 2446 490 2483 facta
504 2447 553 2476 hic
568 2448 677 2488 scient,
692 2448 815 2480 Nescis.
860 2450 944 2482 Scio.
993 2452 1059 2482 Cur
1074 2462 1146 2491 ergo
1164 2454 1196 2483 in
1211 2453 1261 2484 his
1275 2457 1304 2484 te
1319 2464 1374 2494 ego
1389 2456 1548 2495 conspicor
1562 2466 1628 2495 reg.

165 2487 259 2518 Perl.
276 2488 360 2527 legit
385 2488 430 2518 Τιι
444 2488 596 2529 sortasse,
617 2501 685 2531 quae
702 2491 793 2531 facta
818 2492 869 2523 hic
894 2493 1004 2533 scient,
1031 2495 1156 2534 Nescis,
1178 2500 1213 2526 et
1243 2501 1341 2527 notat
1367 2498 1465 2529 scient
1492 2508 1568 2530 esse
1593 2500 1628 2529 in

167 2528 283 2562 Guelf.
299 2533 329 2560 3.
346 2534 380 2560 et
395 2540 469 2569 ergo
485 2535 521 2562 ta
537 2533 569 2562 iu
587 2536 704 2564 2.—33
729 2534 814 2575 Seis]
838 2536 978 2576 Repone
1007 2546 1049 2567 ex
1077 2538 1232 2568 omnibus
1260 2539 1342 2570 libb.
1370 2546 1403 2571 et
1430 2541 1509 2572 edd.
1540 2546 1625 2572 vett.

166 2571 255 2605 Scin.
301 2573 346 2604 Et
362 2571 507 2605 fortasse
525 2575 706 2615 legendum
723 2583 776 2608 est
795 2577 886 2610 Vobis
900 2578 1035 2617 fretum.
1079 2580 1156 2612 Scin
1171 2581 1414 2621 quamfretum?
1458 2584 1536 2616 Nisi
1551 2593 1627 2615 cnm

827 2663 968 2696 NOTAE

209 2722 251 2751 32
276 2721 317 2752 In
341 2722 390 2753 his
417 2723 610 2765 regionibus]
645 2725 804 2766 Gallice3
832 2737 870 2758 en
925 2729 1019 2770 regio
1050 2730 1085 2762 in
1116 2731 1220 2772 vicos,
1249 2731 1315 2764 vici
1345 2733 1379 2764 in
1409 2733 1500 2765 aedes
1529 2734 1630 2766 divisi

166 2780 214 2803 ces
228 2773 392 2812 quartiers.
440 2776 528 2808 Nam
545 2776 634 2809 Urbs
648 2777 683 2809 in
700 2778 869 2819 regiones,
925 2784 1012 2811 sunt.
