1966 3302
327 190 414 233 862
806 196 846 226 P.
879 191 1121 224 TERENTH
1156 190 1273 221 Arm

326 296 472 338 Perii!
502 308 560 337 ex
581 306 669 348 quo
706 303 878 341 censes,
909 290 994 331 nisi
1030 301 1091 330 ex
1118 287 1211 337 illo,
1232 285 1307 328 cui
1339 283 1445 326 data
1476 285 1543 325 est
1571 283 1773 337 nuptum,

498 360 715 404 obsecro?

329 431 477 472 Puro.
509 428 680 478 Cred03
710 438 855 480 neque
877 424 990 465 adeo
1024 421 1224 464 arbitrari
1251 421 1393 476 patris
1414 424 1483 462 est
1503 418 1658 460 aliter:
1692 415 1774 458 sed

497 496 702 544 demiror,
1717 482 1774 523 14

329 565 448 616 Quid
469 564 543 614 sit,
564 563 852 617 quamobrem
872 563 1098 612 tantopere
1120 569 1267 599 omnes
1287 568 1368 597 nos
1389 555 1534 596 celare
1555 551 1746 595 volueris

329 634 538 682 Partum;
568 630 811 684 praesertim
832 640 931 669 cum
953 630 998 667 et
1017 631 1135 667 recte
1155 627 1196 664 et
1212 628 1406 677 tempore
1425 635 1506 663 suo
1523 619 1754 675 pepererit.

328 698 500 742 Adeon'
514 697 736 753 pervicaci
757 709 857 738 esse
879 695 1042 742 animo,
1057 698 1106 735 ut
1126 705 1310 746 puerum
1322 695 1597 744 praeoptares
1617 688 1774 742 perire,

328 769 399 810 Ex
420 780 508 822 quo
529 765 762 807 firmiorem
782 764 890 804 inter
909 775 993 803 nos
1012 761 1106 802 fore
1130 759 1374 801 amicitiam
1393 757 1583 812 posthac
1604 756 1755 805 scires,

327 926 438 955 rog-are
454 917 491 946 de
496 914 572 957 filia
582 917 596 946 ,⁹
615 913 740 954 perdita
756 921 833 943 sam.
878 911 933 941 Ex
947 919 1078 950 quonam
1099 908 1238 948 opinaris
1256 907 1345 938 illam
1364 905 1529 946 peperisse,
1543 903 1609 935 nisi
1622 911 1662 934 ex
1675 911 1709 933 eo
1723 902 1775 933 cui

326 969 407 990 uxor
421 960 496 989 data
511 961 569 993 est.
585 957 730 988 obsecro?
775 955 846 986 ΡΗ.
875 954 975 984 Credo
991 962 1057 983 eam
1070 951 1224 992 peperisse
1246 960 1286 981 ea:
1301 949 1480 989 Pamphilo,
1492 956 1588 988 neque
1604 947 1676 977 licet
1687 944 1776 985 patri

327 1003 421 1033 aliter
435 1010 556 1032 censere
568 1011 578 1031 :
607 1001 663 1030 sed
677 998 792 1029 miram
806 996 883 1028 mihi
899 999 957 1032 est,
972 995 1165 1036 quamobrem
1179 996 1298 1024 tantam
1310 1002 1414 1022 curam
1423 995 1454 1022 et
1467 999 1593 1031 operam
1603 987 1777 1020 adhibuisti

326 1046 366 1075 ud
382 1045 461 1075 hunc
474 1047 599 1084 partum
619 1042 708 1073 nobis
729 1040 942 1072 occultandum
954 1049 967 1076 ,·
992 1038 1146 1078 proecz'pue
1168 1046 1236 1067 cum
1251 1039 1345 1070 recte,
1359 1038 1390 1065 et
1405 1038 1539 1074 tempore
1552 1041 1702 1070 congruo,
1716 1039 1776 1070 quo

325 1090 525 1126 praegnantes
535 1088 666 1126 possunt
677 1094 799 1125 parere,
814 1082 945 1124 peperit.
987 1081 1113 1111 Adeone
1124 1079 1280 1119 pertinaci
1293 1078 1395 1108 animo
1409 1086 1473 1108 esse
1485 1075 1631 1116 potuisti,
1645 1077 1681 1105 ut
1700 1082 1775 1113 pue·

325 1130 485 1172 rumfiliae
495 1129 600 1170 potius
615 1136 740 1169 cuperes
760 1125 871 1167 exponi
885 1125 924 1155 ad
938 1127 1078 1160 mortem,
1094 1132 1134 1154 ex
1156 1132 1213 1163 quo
1227 1131 1289 1152 ποη
1303 1120 1470 1160 ignorabas
1482 1117 1676 1150 stabiliorem
1681 1115 1776 1154 sutu-

935 1239 1171 1254 eeeeeeeeeeee

328 1336 384 1377 qui
410 1335 508 1366 aliter
524 1333 699 1366 edidisset.
742 1333 866 1373 Neque
884 1331 974 1363 enim
1000 1328 1174 1362 commode
1199 1329 1410 1366 interrogare
1435 1327 1582 1366 poterat,
1605 1325 1614 1341 ‘
1631 1332 1673 1354 ex
1691 1321 1776 1363 quo'

327 1380 520 1419 peperisset
535 1377 615 1414 filia,
641 1377 669 1407 si
694 1375 855 1414 nesciret,
871 1379 983 1405 utrum
1001 1373 1203 1414 peperisset,
1226 1380 1290 1402 nec
1311 1379 1366 1400 ne.
1411 1369 1457 1400 Et
1471 1367 1592 1408 quidni
1608 1365 1775 1405 rescierit,

326 1423 382 1462 qui
399 1422 471 1461 ipse
486 1430 560 1451 sese
577 1420 618 1451 ad
636 1419 738 1450 filiam
755 1419 968 1458 corripuerat
983 1416 1098 1447 intro?
1121 1415 1209 1446 Vide
1226 1422 1400 1453 supra‚vs.
1415 1414 1446 1442 3.
1462 1416 1564 1451 atque
1577 1409 1623 1440 ibi
1634 1407 1777 1440 Donat.'

333 1465 433 1496 IVest.
479 1464 574 1499 Mox,
597 1464 606 1480 ‘
626 1463 703 1493 Non
732 1462 845 1502 placet
872 1460 998 1491 Donati
1021 1460 1111 1490 celas.
1157 1457 1346 1497 Phidippus
1361 1454 1570 1495 Myrrhinam
1587 1453 1775 1491 iuterroga-

328 1513 399 1538 tam
425 1507 468 1536 de
491 1506 568 1536 fuiae
596 1511 707 1545 partu,
723 1504 783 1535 sed
810 1503 894 1534 nihil
920 1501 1194 1542 respondentem,
1217 1500 1383 1538 increpat.
1427 1497 1484 1527 Sic
1501 1496 1588 1527 Eun.
1606 1504 1658 1525 ιν.
1674 1497 1707 1525 4.
1722 1496 1775 1525 28.

328 1551 338 1567 ‘
357 1551 466 1588 istam,
486 1558 583 1589 quam
600 1547 715 1587 habes,
732 1546 821 1577 unde
838 1546 953 1581 habes,
971 1551 1099 1575 vestem
1114 1544 1125 1574 ?
1161 1542 1275 1574 taces?
1298 1541 1490 1575 Monstrum
1513 1537 1676 1569 hominis!
1709 1545 1776 1567 non

726 1589 834 1629 Taces]
870 1589 923 1619 Sic
949 1587 1037 1618 libri.
1083 1586 1149 1617 Sed
1174 1590 1257 1616 taces
1283 1584 1339 1615 vix
1365 1582 1527 1622 corripiat
1544 1579 1778 1621 posteriorem.

328 1593 479 1624 dicturus
490 1592 511 1622 ?'
526 1591 534 1603 ’
572 1592 667 1622 West.

1321 1625 1475 1665 Rogitare
1490 1625 1547 1654 Br.
1563 1624 1604 1654 B.
1621 1623 1659 1654 C.
1675 1627 1711 1653 et
1728 1622 1776 1653 sic

328 1636 483 1675 Repone,
501 1639 599 1665 tacen.
621 1634 732 1669 Tacen,
764 1633 874 1669 Viden,
903 1630 1020 1662 brevia
1043 1635 1132 1661 sunt.
1166 1629 1264 1660 Bent.

327 1680 336 1695 ‘
353 1679 437 1708 Mss.
453 1678 585 1718 quidam
602 1681 637 1707 et
653 1676 738 1707 editi
756 1680 833 1715 post
850 1673 936 1705 EPJ
962 1673 1061 1705 West.
1085 1677 1121 1703 et
1144 1673 1153 1688 ‘
1167 1672 1233 1702 Ms.
1249 1669 1301 1701 R!
1325 1669 1420 1699 Lind.
1438 1667 1626 1698 Both.—13
1651 1666 1705 1696 Ex
1719 1675 1777 1705 quo

327 1721 389 1752 nisi
404 1721 457 1751 illo
469 1730 571 1751 censes
593 1720 778 1750 Rota—15
802 1719 810 1734 ⁴
831 1718 999 1757 Tantopere
1013 1716 1065 1746 hos
1079 1724 1181 1746 omnes
1195 1715 1291 1744 Vett.
1308 1717 1345 1742 et
1358 1712 1442 1742 Mss.
1461 1709 1515 1741 R?
1540 1709 1636 1739 Lina.
1669 1709 1678 1725 ‘
1699 1708 1778 1738 Tan-

327 1767 430 1804 topere
446 1763 526 1794 hunc
542 1772 642 1794 omnes
657 1761 701 1801 A,
715 1762 759 1799 B,
775 1761 814 1800 C,
831 1760 909 1791 Hei.
926 1760 1008 1790 Mss.
1024 1758 1113 1798 apud
1133 1758 1239 1788 ssoecl.
1273 1758 1432 1794 tantopere
1444 1754 1499 1784 hoc
1513 1761 1614 1782 omnes
1629 1751 1690 1782 ΒΥ.
1724 1751 1779 1781 hoc

327 1818 383 1837 nos
399 1816 500 1838 omues
516 1804 632 1837 Guelf.
649 1808 680 1836 3.
728 1804 836 1834 Celare
851 1801 995 1842 volueris]
1026 1801 1206 1832 Trochaeus
1230 1799 1262 1829 iu
1284 1808 1324 1828 ea
1351 1796 1431 1827 sede
1448 1796 1557 1826 minus
1574 1798 1690 1833 gratus
1712 1798 1777 1824 est.

329 1850 437 1880 Dedit
453 1854 591 1880 auctor:
615 1847 711 1879 celari
725 1846 876 1877 volueris.-
908 1850 947 1876 nt
963 1843 1049 1875 infra
1066 1852 1116 1874 lv.
1132 1846 1163 1874 4.
1178 1844 1231 1873 23.
1257 1842 1266 1858 ‘
1284 1841 1400 1872 Nosne
1415 1838 1450 1869 id
1467 1838 1595 1870 celatos
1609 1841 1677 1867 tam
1694 1834 1776 1866 diu!

329 1892 425 1923 Bent.
449 1896 484 1923 et
498 1892 544 1922 sic
562 1892 664 1922 Both.
690 1890 892 1925 Quamobrem
907 1888 986 1918 hunc
1003 1885 1117 1918 Guelf.
1134 1888 1164 1916 1.
1187 1887 1196 1902 ⁴
1216 1885 1302 1914 Sunt
1318 1881 1417 1913 codd.
1434 1881 1467 1912 in
1484 1881 1603 1921 quibus
1617 1878 1778 1909 volueritis

327 1934 475 1975 legitur!
506 1935 695 1966 West.—16
718 1933 796 1963 Cam
809 1931 983 1972 praesertim
997 1934 1031 1960 et
1047 1928 1177 1968 tempori
1192 1927 1294 1957 Both.
1323 1925 1466 1966 ‘peperit
1480 1923 1548 1954 Ms.
1565 1921 1617 1953 R!
1639 1921 1778 1952 Lina.—

331 1981 369 2009 17
395 1978 557 2009 Pertinaci
571 1977 654 2008 Mss.
668 1976 734 2006 duo
751 1974 842 2016 apud
859 1974 965 2005 Boecl.
978 1978 1012 2004 et
1029 1972 1078 2003 sie
1101 1972 1160 2002 ΒΓ.
1182 1979 1242 2011 pro
1269 1969 1314 2010 gl.
1359 1973 1366 1984 ‘
1383 1970 1558 2008 peroptares
1584 1965 1669 1996 Mss.
1690 1963 1779 1995 duo.’

986 2068 1125 2101 NOTAE

1082 2146 1146 2178 que
1162 2141 1323 2177 nepotem
1341 2134 1512 2170 Jusserat,
1525 2131 1559 2162 in
1575 2130 1654 2161 solis
1675 2129 1779 2161 desti-

1083 2188 1202 2229 tuique
1216 2185 1323 2218 locis!
1337 2184 1498 2224 Denique
1515 2182 1556 2213 ad
1573 2182 1705 2213 cloacas
1721 2190 1777 2212 ve-

1083 2243 1137 2269 tus
1150 2237 1355 2269 Scholiastes
1369 2233 1544 2267 Juvenalis
1558 2231 1706 2263 infantes
1721 2242 1780 2263 ex-

374 2148 413 2177 17
442 2145 486 2176 Ut
496 2153 627 2184 puerum
642 2145 829 2183 praeoptares
843 2138 961 2180 perire]
986 2137 1028 2169 Id

329 2200 394 2232 est,
416 2195 556 2235 exponi,
600 2191 861 2223 Vetustissimus
883 2189 935 2220 hic
957 2197 1028 2219 mos

331 2246 478 2287 antiquis
505 2244 583 2283 fuit,
605 2242 776 2281 Hebraeis,
801 2240 953 2278 Graecis;
991 2244 1029 2270 ut

330 2300 464 2328 constat
497 2295 540 2326 de
578 2294 715 2334 Moyse,
746 2291 788 2323 de
819 2290 957 2331 OEdipo,
993 2293 1030 2321 et

329 2348 431 2379 etiam
448 2344 621 2384 Romanis,
639 2348 677 2375 ut
699 2346 816 2374 notum
834 2344 887 2371 est
902 2339 945 2370 de
961 2339 1027 2370 Ro-

330 2397 421 2429 mulo
449 2400 485 2427 et
514 2395 634 2425 Remo.
679 2391 947 2432 Exponebantur
966 2390 1027 2419 mi-

331 2448 404 2479 selli
428 2445 574 2478 infantes
588 2445 621 2475 in
634 2452 738 2482 mare,
754 2443 787 2472 in
804 2441 949 2482 aiiquem
965 2438 1026 2470 flu-

331 2498 434 2536 vium,
451 2497 483 2527 in
500 2496 647 2533 deserta,
669 2498 704 2524 et
721 2492 797 2523 avia.
819 2491 1025 2531 abjicieban-

332 2554 398 2580 tur.
443 2548 587 2579 Ovidius
617 2547 708 2577 Fast.
739 2544 796 2576 lib.
827 2553 852 2575 1.
891 2542 1028 2573 ‘Amne

328 2600 429 2640 jubet
459 2598 563 2638 mergi
596 2598 766 2638 geminos:
804 2595 912 2626 scelus
939 2593 1029 2624 unda

331 2648 480 2689 refugit:
506 2648 547 2678 In
564 2647 655 2678 sicca
675 2646 772 2686 pueri
795 2643 1028 2676 destituuntur

332 2699 457 2730 humo.'
481 2698 576 2729 Idem
595 2697 699 2728 Ovid.
716 2697 825 2737 Epist.
840 2704 880 2727 11.
915 2699 923 2712 ‘
936 2695 1028 2727 Jam-

334 2760 400 2792 que
417 2749 490 2780 dari
506 2757 647 2789 parvum
665 2747 871 2787 canibusque
896 2745 1028 2776 avibus—

1084 2289 1163 2330 poni
1187 2287 1304 2320 solitos
1321 2285 1483 2327 prodidit,
1505 2283 1546 2315 ad
1563 2283 1634 2314 Sat.
1659 2291 1709 2314 vr.
1731 2292 1779 2314 vs.

1082 2342 1157 2371 602.
1191 2339 1201 2356 ‘
1214 2339 1362 2369 Transeo
1378 2335 1582 2377 suppositos,
1593 2337 1629 2365 et
1644 2332 1780 2373 gaudia,

1081 2394 1228 2431 votaque
1258 2397 1349 2428 saepe
1379 2387 1433 2418 Ad
1461 2393 1602 2426 spurcos
1631 2383 1780 2423 decepta

1079 2441 1200 2473 lacus.’
1244 2440 1335 2472 Hinc
1364 2445 1537 2479 exponere
1566 2435 1655 2467 idem
1686 2434 1778 2475 quod

1081 2501 1216 2524 necare.
1249 2490 1376 2521 Paulus
1391 2487 1671 2526 Juriseonsuitus,
1687 2486 1728 2516 L.
1744 2488 1778 2516 4.

1080 2544 1128 2576 D.
1147 2543 1199 2574 De
1216 2539 1438 2583 agnoscendis
1454 2538 1580 2570 liberis.

1125 2595 1166 2624 18
1190 2592 1244 2623 Ex
1265 2600 1323 2631 quo
1336 2589 1510 2631 firmiorem
1532 2587 1614 2618 inter
1635 2594 1688 2617 nos
1703 2584 1779 2621 sore

1081 2642 1266 2684 amicitiam]
1303 2640 1455 2678 Scilicet,
1491 2639 1580 2669 inter
1616 2634 1778 2668 familiam

1083 2699 1246 2733 nostram,
1260 2697 1295 2724 et
1311 2690 1473 2722 familiam
1491 2687 1711 2720 Philumenae.
