1966 3302
472 205 892 240 HEAUTONTIMOR.
925 203 1034 233 AC'r.
1061 202 1127 232 lv.
1160 202 1230 232 SC.
1262 203 1304 232 V.
1535 191 1619 233 631

159 311 250 353 CH.
283 307 422 350 Haud
442 306 616 348 faciam.
679 303 762 344 ΞΥ.
789 300 946 347 Immo,
968 297 1077 338 aliis.
1092 297 1133 337 si
1149 296 1269 346 licet,
1289 296 1369 337 tibi
1391 308 1480 336 non
1501 295 1615 336 licet.

160 377 326 418 Omnes
342 379 382 417 te
399 375 444 416 in
460 374 584 415 lauta
603 377 644 412 et
665 371 779 411 bene
801 372 934 409 aucta
954 368 1079 420 parte
1102 368 1275 418 putant.
1563 365 1617 403 :30

159 448 248 491 CH.
281 447 404 499 Quin
425 448 596 500 egomet
611 444 706 498 jam
728 441 783 483 ad
805 453 903 482 eam
925 438 1131 480 deferam.
1191 437 1276 479 SY.
1309 437 1454 478 Immo
1478 435 1616 477 filium

158 517 277 559 Jube
295 516 462 570 potius.
523 512 612 554 CH.
645 508 979 562 Quamobrem?
1043 506 1126 547 SY.
1160 505 1279 556 Quia
1300 505 1481 545 enimin
1503 504 1617 544 hunc

332 581 528 636 suspicio
549 579 605 622 ’st

158 651 398 693 Translata
419 648 592 690 amoris.
653 646 741 687 CH.
774 643 895 694 Quid
917 641 1044 683 tum?
1106 640 1190 681 ΞΥ.
1223 637 1342 688 Quia
1372 637 1592 678 videbitur

162 719 311 772 Magis
330 716 568 758 verisimile
589 713 636 755 id
657 726 770 762 esse,
792 723 891 752 cum
912 709 983 750 hic
998 708 1067 749 illi
1088 707 1213 747 dabit
1230 719 1240 747 ε

161 784 306 826 Simul
324 788 369 825 et
385 782 614 824 conficiam
638 779 812 821 facilius
834 790 930 829 ego,
953 774 1072 829 quod
1095 774 1212 815 volo.
1565 771 1624 811 55

162 852 270 906 Ipse
288 851 398 893 adeo
418 850 571 892 adest:
603 848 702 889 abi:
735 845 840 887 effer
862 848 1104 897 argentum.
1165 839 1254 880 CH.
1287 838 1447 880 Effero.

163 971 203 1002 ad
218 980 270 1002 eas
284 968 394 1001 summi
401 968 488 1009 juris
502 967 650 999 rationes.
694 965 756 996 ΒΥ.
782 963 856 1002 Sed,
874 963 901 994 si
909 962 998 1000 ,iuris
1026 962 1076 992 ille
1099 960 1185 999 rigor
1201 959 1275 990 aliis
1296 957 1506 999 permittitur,
1520 958 1622 986 tamen

162 1024 225 1046 non
240 1014 326 1045 decet
341 1017 371 1044 te
387 1022 420 1043 eo
433 1011 480 1042 uti
495 1011 575 1051 quod
597 1018 698 1040 omnes
721 1011 750 1039 te
774 1009 938 1037 numerant
965 1004 1047 1036 inter
1062 1005 1163 1035 lautos
1179 1007 1207 1033 et
1226 1003 1397 1042 locupletes.
1443 1000 1512 1031 CH.
1536 998 1623 1033 Quin

161 1057 267 1091 immo,
282 1065 339 1095 ego
353 1065 433 1086 nunc
447 1057 613 1093 argentum
630 1052 737 1090 feram
752 1051 792 1081 ad
805 1049 1008 1080 Bacchidem.
1052 1047 1116 1078 SY.
1140 1045 1202 1076 Sed
1227 1046 1334 1085 potius
1359 1043 1434 1082 ⁸iube
1458 1042 1567 1084 filium
1591 1041 1623 1071 id

156 1099 276 1139 facere.
322 1098 390 1129 CH.
415 1097 541 1133 Quare?
584 1096 647 1126 SY.
673 1094 765 1124 Certe
781 1092 853 1132 quia
866 1091 997 1131 suspicio
1014 1089 1129 1121 amoris
1146 1089 1301 1119 translata
1316 1090 1363 1118 est
1379 1087 1411 1117 in
1431 1084 1624 1125 huucfilium

163 1146 262 1178 tuum,
285 1141 337 1181 qui
361 1143 491 1180 putatur
512 1149 532 1169 a
555 1138 736 1170 Menedemo
752 1145 816 1166 esse
833 1133 1005 1165 Bacchidis
1019 1136 1150 1163 amator.
1195 1131 1264 1162 Cn.
1290 1130 1375 1165 Quid
1391 1129 1461 1159 z‘mle
1475 1126 1627 1167 sequitur,

162 1185 192 1216 si
207 1184 279 1216 talis
297 1180 451 1223 putatur?
495 1182 558 1213 SY.
571 1181 653 1216 Quia
669 1180 702 1210 id
717 1177 874 1209 videbitur
886 1186 950 1208 esse
964 1175 1176 1213 verisimilius,
1191 1173 1356 1215 cumfilt'us
1380 1175 1451 1202 tuus
1474 1170 1561 1202 dabit
1575 1169 1624 1199 illi

168 1226 320 1258 Bacchidi
333 1228 498 1265 argentum
511 1225 576 1255 hoc.
624 1224 668 1253 Et
683 1222 776 1253 simul
785 1220 915 1262 efficiam
929 1219 1055 1250 minimo
1072 1217 1194 1257 negotio
1212 1215 1242 1246 id
1257 1217 1336 1256 quod
1351 1214 1453 1255 incepi
1462 1224 1472 1250 ;
1497 1211 1629 1251 facilius

164 1269 316 1310 decipiam
339 1269 563 1300 Menedemum.
609 1267 700 1297 Certe
719 1263 858 1304 Clitipho
869 1263 933 1304 ipse
948 1261 1086 1301 advenit,
1099 1269 1115 1291 o
1133 1260 1264 1291 Chreme
1274 1269 1286 1296 ;
1302 1258 1314 1289 z·
1329 1259 1452 1290 domum
1466 1259 1496 1288 et
1511 1264 1623 1295 argeu-

163 1316 230 1344 tum
239 1312 357 1354 profer.
402 1310 474 1343 Cu.
497 1309 644 1348 Profero.

773 1411 1012 1425 eeeeeeeeee

163 1494 299 1536 injuria.-
322 1493 469 1526 fortasse
493 1492 633 1528 rectius,
659 1491 703 1523 ob
732 1500 853 1522 vocum
884 1488 1071 1521 ἐναντίωσιν.
1110 1486 1208 1519 West.
1255 1486 1264 1503 ‘
1281 1485 1341 1515 Est
1365 1482 1489 1514 malitia
1523 1482 1621 1513 Bem.

164 1547 306 1570 numero
322 1537 482 1568 meliore:
507 1545 583 1566 nam
607 1535 640 1566 in
669 1534 836 1566 trimetris
859 1543 925 1564 non
950 1532 1022 1563 fere
1039 1530 1190 1562 invenias
1213 1526 1420 1559 tribrachum
1438 1527 1471 1556 in
1486 1526 1626 1566 quinta!

166 1581 225 1614 Fa.
270 1581 347 1612 ‘Sic
363 1585 399 1611 et
414 1589 501 1610 unus
514 1589 532 1610 e
550 1577 690 1618 Regiis!
715 1578 812 1608 Bent.
831 1576 932 1607 Both.
949 1575 1044 1616 legit,
1058 1575 1120 1605 Jus
1133 1583 1158 1603 s.
1170 1582 1196 1603 s.
1211 1570 1474 1609 summa,dz·0une,
1489 1569 1622 1599 mulitia.

167 1625 230 1656 Est
244 1623 366 1656 malitia
381 1623 460 1663 Bip.
476 1621 569 1653 Peri.
584 1621 624 1652 Z.
642 1620 855 1661 Delph.-49
878 1618 989 1652 Abest
1012 1619 1039 1648 si
1055 1614 1173 1648 Guelf.
1189 1617 1308 1645 3.-—50
1333 1612 1451 1644 Rivius
1467 1610 1623 1643 defendit

162 1668 264 1708 parti,
286 1666 330 1697 ob
347 1666 513 1696 rationem
531 1663 644 1703 metri,
661 1663 717 1704 qui
731 1666 848 1693 sextus
863 1671 963 1693 casus
981 1659 1172 1692 estrplauto
1187 1662 1222 1689 et
1244 1655 1416 1688 Lucretio.
1463 1654 1625 1694 Ineptum

167 1719 302 1741 versum
319 1709 408 1739 hunc
424 1707 508 1738 dicit
520 1706 610 1747 Guy.
627 1710 663 1737 et
678 1705 789 1736 minus
805 1704 977 1736 Latinum.
1022 1703 1063 1734 In
1077 1702 1163 1733 Mss.
1180 1698 1404 1731 Leidensibus
1419 1696 1541 1735 tribus,
1563 1697 1624 1728 sed

166 1757 205 1784 et
219 1753 279 1784 Tr.
295 1756 330 1783 et
347 1751 441 1791 Lips.
458 1749 541 1782 EM.
558 1754 624 1787 est,
647 1749 719 1780 bene
734 1751 803 1779 acta
819 1750 919 1788 parte.
966 1746 1007 1777 In
1035 1744 1254 1776 Leidensium
1281 1752 1362 1780 uno,
1385 1742 1419 1772 in
1444 1741 1569 1771 laudata
1595 1744 1625 1771 et

165 1795 239 1827 bene
254 1797 325 1826 acta
336 1797 439 1835 purte.
483 1793 529 1823 Et
546 1791 653 1823 editio
669 1791 812 1824 ,Iuntina
829 1794 907 1831 post
924 1792 1019 1821 1469.
1037 1788 1177 1819 exhibet
1192 1785 1231 1816 τὸ
1246 1788 1328 1823 acta,
1344 1793 1447 1815 sensu
1463 1784 1623 1821 obscuro,

165 1838 223 1871 vel
249 1836 353 1869 nullo.
401 1835 592 1867 Palmarius
623 1834 696 1865 bene
723 1837 817 1865 uncta
844 1831 1003 1873 legebat;
1027 1831 1215 1871 laudatque
1241 1829 1301 1858 Vir
1318 1827 1369 1859 Cl.
1385 1827 1521 1864 EPetrus
1537 1826 1625 1856 Bur-

165 1889 310 1912 mannus
327 1879 370 1910 ad
392 1879 539 1911 Petron.
566 1887 643 1918 cap.
659 1879 712 1908 43.
759 1877 900 1907 Phrasis
917 1879 1032 1906 autem
1049 1875 1193 1913 integra,
1215 1872 1224 1889 ‘
1240 1872 1324 1902 Esse
1341 1870 1374 1900 in
1391 1869 1487 1900 lauta
1502 1868 1624 1909 parte,'

167 1927 327 1964 suspecta
339 1926 392 1953 est
407 1921 578 1953 Boeclero.
614 1920 749 1959 Malim,
765 1919 792 1950 si
809 1928 870 1960 per
887 1918 995 1949 Codd.
1013 1918 1137 1948 liceret
1153 1926 1162 1947 ε
1189 1916 1302 1946 Omnes
1316 1916 1346 1944 te
1360 1911 1491 1943 intanta
1506 1914 1536 1942 et
1551 1911 1624 1942 bene

164 1970 258 1997 aucta
272 1976 305 1997 re
319 1967 442 2006 putant.
485 1963 602 1994 Possit
619 1967 734 1994 tamen
751 1965 787 1993 et
803 1971 882 1992 vera
897 1961 1000 1992 lectio
1020 1960 1128 1991 videri
1147 1969 1154 1989 :
1182 1959 1297 1989 Omnes
1312 1959 1343 1987 te
1355 1954 1389 1986 in
1405 1956 1490 1986 lauta
1506 1957 1536 1984 et
1548 1953 1622 1985 bene

163 2019 222 2050 per
237 2013 268 2041 te
282 2011 421 2039 auctare
436 2009 559 2047 putant.
605 2006 692 2039 Quae
718 2005 916 2046 conjectura
943 2009 993 2035 est
1019 2003 1070 2034 Ci.
1093 2002 1182 2040 Viri,
1205 2000 1282 2033 Jac.
1299 1997 1488 2030 Perizonii.
1530 1997 1625 2027 West.

163 2052 176 2069 ‘
193 2053 309 2083 Omnes
324 2054 355 2082 te
379 2051 412 2081 in
428 2050 517 2080 lauta
532 2052 562 2080 et
578 2049 650 2080 bene
665 2051 736 2079 acta
749 2051 836 2089 parte
850 2046 978 2087 putant]
1000 2047 1054 2077 Sic
1071 2045 1168 2076 dedit
1186 2044 1246 2074 Fa.
1263 2041 1323 2073 sed
1339 2040 1380 2072 de
1396 2050 1497 2071 versu
1526 2045 1622 2070 recte

164 2093 406 2126 constituendo
423 2092 630 2132 desperavit.
677 2090 724 2122 At
747 2092 799 2122 vir
815 2089 969 2121 eruditus
996 2098 1038 2120 ex
1066 2097 1155 2118 novo
1183 2096 1242 2117 suo
1270 2083 1501 2116 Licentiarum
1532 2091 1623 2122 penu

165 2147 272 2168 curva
287 2134 511 2175 omniajubet
527 2139 622 2166 recta
637 2142 734 2165 esse:
750 2133 838 2174 parti
855 2142 915 2174 pro
926 2135 1021 2173 parte
1038 2141 1056 2162 a
1073 2131 1171 2161 Rivio
1189 2128 1313 2159 sumit:
1337 2131 1372 2157 et
1387 2124 1513 2157 deinde
1531 2130 1622 2156 aucta

164 2180 282 2220 legens
298 2188 360 2219 pro
380 2177 502 2209 Faerni
518 2181 600 2208 acta.
644 2177 696 2207 Tu
710 2185 850 2217 repone,
876 2176 990 2206 Omnes
1006 2178 1036 2205 te
1051 2174 1082 2204 in
1099 2174 1188 2204 lauta
1203 2181 1267 2202 esse
1279 2174 1310 2201 et
1325 2170 1398 2200 bene
1414 2172 1506 2199 aucta
1519 2178 1553 2198 re
1568 2178 1623 2207 pu·

165 2225 246 2254 tant.
291 2222 454 2254 Ceterum
471 2228 514 2250 ex
530 2220 652 2251 nostris
669 2228 752 2250 unus
768 2218 905 2258 Regius,
924 2218 1014 2249 alter
1036 2215 1264 2247 Academicus
1280 2216 1372 2245 ancta
1388 2222 1398 2249 ;
1422 2211 1528 2242 ceteri
1543 2213 1623 2241 acta.

165 2265 270 2297 Bent.
316 2262 601 2296 Emendationem
627 2262 778 2293 Bentleii
806 2261 891 2302 legit
907 2265 943 2291 et
959 2259 1115 2291 defendit
1132 2258 1210 2298 Bip.
1254 2257 1264 2272 ‘
1282 2257 1360 2288 Non
1379 2253 1540 2286 mutanda
1556 2263 1622 2284 vox

163 2312 276 2340 aucta.-
298 2317 376 2338 nam
393 2310 488 2337 recta
503 2309 539 2337 et
556 2305 678 2337 Latina
693 2309 773 2336 sunt
795 2303 932 2343 ‘augeri
953 2302 1098 2344 opibus‚'
1120 2301 1129 2317 ‘
1143 2303 1263 2331 auctus
1295 2308 1344 2339 re,
1372 2295 1534 2335 fortuna,’
1558 2298 1623 2326 &cu

164 2351 295 2382 Verum
317 2359 382 2381 vox
408 2351 498 2390 parte
524 2349 646 2379 merito
669 2351 830 2388 suspecta
847 2352 897 2377 est
916 2346 995 2377 viris
1012 2343 1177 2376 eruditis)
1201 2343 1243 2374 R.
1261 2343 1304 2373 D.
1352 2338 1622 2372 Rescribendum

165 2399 283 2425 monet
298 2392 400 2424 Both.
448 2392 562 2422 Omnes
576 2391 731 2422 inlautum
746 2390 778 2421 id
794 2390 826 2420 z'n
842 2389 915 2420 bene
930 2392 1022 2419 aucta
1038 2399 1071 2419 re
1093 2388 1213 2428 putent.
1259 2387 1268 2402 ‘
1287 2384 1389 2416 Hunc
1407 2393 1456 2414 vs.
1471 2382 1529 2423 qui
1546 2386 1625 2412 tan-

166 2440 285 2478 topere
300 2436 421 2475 variat,
437 2434 578 2471 retinui,
594 2439 631 2465 ut
646 2438 699 2464 est
716 2443 736 2464 a
753 2433 810 2463 Fa.
857 2432 926 2462 Pro
943 2435 1047 2468 aucta,
1063 2430 1150 2472 quod
1169 2428 1271 2467 vulgo
1287 2432 1352 2465 est,
1369 2425 1446 2456 hab.
1466 2426 1509 2456 ai.
1520 2423 1626 2462 facta,

166 2479 212 2511 ai.
227 2481 344 2516 uncta;
368 2486 430 2519 pro
443 2480 534 2517 parte
550 2477 627 2517 Bip.
655 2476 754 2516 copia.
770 2475 856 2506 GM.
872 2478 942 2505 acta
960 2478 1061 2515 parte.
1086 2474 1186 2504 Bent.
1209 2474 1302 2502 aucta
1324 2480 1369 2500 re.
1416 2467 1517 2498 Addo
1533 2467 1625 2508 quod

165 2521 248 2553 mihi
263 2521 425 2562 placitum
442 2523 506 2558 est,
529 2523 622 2560 parta
642 2519 699 2550 re.'
744 2518 828 2549 Haec
856 2518 949 2548 Peri.
975 2517 1031 2557 qui
1048 2516 1103 2547 ed.
1119 2516 1197 2554 Bip.
1215 2514 1360 2554 primam
1385 2511 1540 2549 denotat,
1563 2509 1625 2540 sed

167 2565 202 2596 in
218 2564 369 2595 secunda
388 2571 500 2603 neque
524 2562 650 2602 iegitur
665 2561 762 2602 copia,
780 2569 890 2601 neque
915 2560 1068 2591 meminit
1095 2558 1231 2600 quidem
1249 2556 1370 2587 Editor
1395 2554 1429 2585 in
1447 2554 1550 2591 Nota,
1567 2551 1625 2582 ubi

167 2607 277 2639 citans
300 2606 411 2638 varias
434 2605 599 2636 lectiones
623 2609 659 2636 et
683 2603 950 2642 emendationes,
973 2605 983 2620 ‘
1000 2600 1134 2639 Nemo,’
1159 2600 1280 2641 inquit,
1304 2600 1313 2615 ‘
1332 2598 1468 2628 tandem
1491 2595 1625 2626 felicius

167 2649 318 2681 correxit
341 2647 512 2686 Bentleio,
529 2656 627 2687 quem
654 2645 935 2687 sequimur.’--52
960 2644 1016 2677 Al.
1045 2645 1078 2676 in
1099 2653 1167 2676 eum
1183 2646 1293 2674 s.-55
1319 2640 1450 2672 Omnes
1475 2638 1553 2670 edd.
1570 2647 1625 2678 ap·

169 2701 243 2732 nos,
259 2693 303 2725 Et
316 2691 418 2723 simul.
435 2689 549 2723 Gueif.
566 2693 596 2722 3.
608 2689 777 2732 perficiam.
