1966 3302
294 213 407 255 10:30
797 222 836 250 P.
869 220 1111 250 TERENTH
1147 221 1265 250 Arm

296 321 455 361 PHOR.
488 318 651 371 Itaque
674 317 728 357 ad
751 328 832 357 vos
851 316 984 356 venio
1008 315 1270 365 nuntiatum,
1293 315 1527 370 Demipho,

297 388 507 429 Paratum
529 399 597 426 me
619 397 745 425 esse:
776 384 853 424 ubi
874 384 1024 434 voltis,
1047 381 1232 424 uxorem
1255 383 1361 424 date
1380 397 1390 435 ;

296 456 416 497 Nam
440 466 592 495 omnes
613 452 854 506 posthabui
876 452 982 492 mihi
1003 464 1086 501 reS,
1109 453 1173 492 ita
1191 451 1252 493 uti
1271 465 1352 505 par
1369 451 1470 501 fuit,
1702 452 1759 495 15
1788 494 1797 499 ,

297 525 561 575 Postquam,
582 525 810 575 tantopere
831 520 876 560 id
899 534 980 562 vos
1006 520 1130 571 velle,
1150 519 1560 561 animadvorteram.

297 592 387 633 DE.
420 590 482 631 At
502 590 575 630 hic
598 590 851 630 dehortatus
873 594 945 629 est
965 602 1049 639 me,
1071 602 1125 629 ne
1145 588 1266 629 illam
1284 588 1368 629 tibi
1389 587 1568 640 darem3

298 659 415 699 Nam
437 658 510 712 qui
534 658 616 698 erit
635 669 780 698 rumor
801 656 974 710 populi,
994 657 1149 710 inquit,
1171 657 1210 697 si
1231 655 1278 696 id
1296 655 1491 697 feceris?

298 726 416 766 Olim
439 739 539 766 cum
560 726 742 766 honeste
764 726 927 779 potuit,
950 728 1042 766 tum
1061 738 1146 766 non
1168 728 1237 766 est
1256 724 1386 766 data:

298 793 432 835 Nunc
455 793 636 834 viduam
659 793 848 842 extrudi,
870 798 1000 847 turpe
1017 792 1098 834 'stt
1129 793 1265 834 ferme
1285 792 1446 834 eadem
1467 791 1631 842 omnia,
1701 793 1761 834 20

298 862 415 912 Quae
439 865 531 902 tute
553 861 719 902 dudum
740 874 892 902 coram
912 874 980 901 me
1001 861 1308 902 incusaveras.
1706 868 1709 871 ’

300 929 457 970 PHoR.
491 929 609 969 Satis
649 929 834 982 superbe
874 929 1064 970 illuditis
1099 941 1184 969 me.
1268 927 1358 969 DE.
1389 926 1515 978 Qui?
1597 926 1760 970 PHOR.

471 995 658 1049 Rogas?

299 1119 338 1148 ad
355 1127 406 1149 cos
421 1116 511 1148 venio
525 1117 716 1156 nuntiatam,
732 1116 899 1158 Demipho,
910 1128 957 1150 me
965 1121 1111 1160 paralum
1126 1127 1191 1150 esse
1201 1119 1242 1150 ad
1257 1117 1343 1150 illam
1357 1116 1579 1158 accipiendam.
1623 1115 1663 1148 Si
1677 1112 1765 1148 vobis

297 1171 315 1191 7·
319 1161 432 1199 idetur,
449 1170 516 1191 eam
526 1161 604 1191 mihi
615 1171 687 1191 uxor
688 1171 742 1191 em
754 1162 889 1193 tradite:
900 1172 970 1193 narn
986 1162 1058 1193 huic
1072 1172 1090 1192 7·
1092 1163 1120 1194 εἱ
1135 1172 1236 1193 omnes
1248 1171 1298 1193 res
1309 1171 1391 1192 meas
1401 1160 1583 1203 postposui,
1584 1162 1616 1191 et
1625 1160 1765 1199 neglexi,

297 1205 346 1235 ati
357 1203 621 1242 conveniens-suit,
633 1207 794 1244 postquam
808 1207 872 1234 tam
882 1204 1072 1236 vehementer·
1084 1205 1117 1235 z'd
1132 1215 1184 1236 vos
1193 1214 1301 1246 cupere
1314 1203 1470 1245 perspexi.
1503 1204 1574 1234 DE.
1587 1202 1635 1233 At
1650 1203 1765 1234 exinde

299 1247 348 1278 hic
367 1247 514 1278 Chremes
532 1246 640 1284 frater
663 1257 747 1277 rrwas
769 1247 816 1277 ‹.‘i
813 1248 916 1278 suasit
941 1248 1028 1284 mihi,
1051 1258 1088 1278 rre
1110 1248 1195 1279 illam
1217 1248 1276 1278 tibi
1299 1248 1425 1278 clarem.-
1448 1255 1522 1277 nam
1537 1246 1591 1286 qui
1609 1255 1765 1277 sermones

301 1290 543 1329 2-‹ulrsennt1rr
566 1299 622 1330 per
645 1289 761 1329 urbem,
784 1290 898 1330 inquit,
913 1290 939 1320 si
955 1291 988 1321 ia
999 1271 1139 1329 ¹feceris?
1161 1291 1234 1322 olim
1249 1300 1318 1321 cum
1332 1290 1456 1321 honeste
1470 1298 1522 1320 7777
1520 1299 1562 1328 go
1575 1288 1679 1329 potuit
1692 1288 1766 1320 dari

298 1333 332 1362 in
348 1342 426 1364 77707
428 1343 486 1370 em
502 1343 561 1363 77077
574 1334 648 1363 data
657 1333 751 1381 fait:-
768 1343 848 1363 7777770
862 1337 1024 1373 postquam
1046 1334 1151 1374 nupsit
1163 1334 1236 1375 filio
1251 1337 1304 1364 tuo
1323 1332 1508 1373 Antiphoni,
1523 1341 1591 1363 eam
1602 1331 1764 1372 privatam

297 1385 352 1405 sno
366 1376 444 1410 virm
461 1355 494 1405 n’t
514 1376 638 1406 viduam
652 1375 723 1413 ejici
745 1376 873 1407 incitam
891 1381 980 1416 turpe
995 1380 1052 1408 est.
1097 1377 1241 1417 Denique
1259 1385 1337 1416 pene
1360 1375 1464 1407 omnia
1487 1384 1535 1406 me
1549 1374 1680 1414 monuit,
1694 1383 1764 1414 quat

299 1422 366 1449 tate
379 1419 568 1458 jamprifflm
593 1429 696 1449 coram
711 1428 758 1449 rrze
780 1423 935 1458 praesente
950 1421 1122 1459 redargaer
1123 1429 1168 1451 as
1211 1419 1284 1450 ΡΗ.
1308 1418 1435 1450 Satisne
1449 1420 1638 1457 arroganter
1650 1426 1704 1448 vos
1715 1427 1766 1448 me

299 1461 490 1502 ludificatus?
537 1462 604 1492 DE.
631 1462 700 1497 Quo
727 1461 841 1494 modo?
886 1462 958 1494 ΡΗ.
983 1462 1178 1498 Qaoeritisne
1203 1462 1312 1494 istud?
1333 1462 1407 1502 quia
1430 1470 1470 1493 ne
1489 1462 1621 1492 alteram
1641 1459 1765 1501 quidem

908 1557 1149 1573 eeeeeeeeeeee

302 1627 391 1664 sunt,
408 1622 463 1663 qui
478 1622 521 1654 de
536 1622 678 1654 Phanio.
723 1623 903 1655 Posterius
928 1623 1035 1664 magis
1059 1624 1189 1664 placet.
1217 1623 1317 1656 W'est.
1373 1622 1454 1655 Sine
1470 1632 1518 1664 ea,
1536 1626 1572 1654 et
1592 1625 1766 1663 praeterea

300 1667 441 1699 mutatis
459 1666 626 1706 personis,
642 1666 732 1697 hunc
749 1676 881 1697 versum
899 1667 1052 1698 continet
1068 1668 1165 1698 Bern.
1181 1667 1214 1697 in
1240 1667 1330 1698 hunc
1344 1666 1507 1697 modum:
1538 1666 1587 1697 D.
1606 1666 1704 1697 Estne
1718 1665 1769 1696 ita

300 1713 333 1740 nt
357 1710 426 1740 ‹lia-c·
442 1707 606 1740 liberalis?
631 1710 700 1741 Cir.
714 1711 836 1750 oppido.
880 1711 985 1741 Forte
1002 1710 1180 1741 estironia
1199 1719 1317 1742 senum
1344 1709 1379 1740 in
1405 1708 1659 1741 Phormionem.
1688 1717 1766 1740 cum

301 1753 499 1791 pronomine
526 1762 607 1783 vero
632 1762 681 1791 ea,
704 1751 816 1783 fateor
831 1762 884 1783 me
901 1753 990 1783 hunc
1017 1754 1128 1784 locum
1153 1762 1218 1783 non
1246 1752 1453 1793 intelligere.
1476 1752 1537 1783 Fa.
1582 1752 1650 1783 DE.
1666 1751 1768 1782 Estne

300 1796 346 1826 ἤια
362 1799 397 1825 ut
412 1794 482 1826 dixi
497 1795 656 1826 liberalis?
691 1796 759 1827 CH.
775 1796 897 1835 oppido·
953 1796 1010 1827 Sic
1027 1795 1124 1827 dedit
1142 1795 1318 1834 Faernu53
1343 1795 1414 1836 qui,
1430 1794 1459 1825 si
1482 1805 1519 1826 ea
1543 1794 1599 1826 hic
1619 1795 1767 1834 legatur,

299 1839 432 1869 fatetur
447 1848 481 1868 se
498 1838 586 1868 hunc
603 1839 712 1868 locum
729 1848 792 1868 non
809 1839 1016 1878 intelligere.
1062 1839 1229 1870 Nimirum
1242 1837 1410 1869 Bembino
1423 1837 1592 1869 serviliter
1607 1836 1766 1868 addictus

303 1891 464 1921 personas
481 1891 585 1922 prave
603 1881 781 1919 distinxit3
815 1891 892 1922 quae
917 1882 965 1912 510
982 1891 1024 1913 ex
1040 1882 1195 1912 omuibus
1211 1881 1286 1912 aliis
1302 1880 1397 1911 libris
1417 1883 1497 1911 sunt
1520 1879 1763 1920 disponendae;

302 1929 336 1954 et
352 1924 474 1955 leviter
490 1923 739 1954 emendandum
754 1928 829 1955 est:
858 1924 928 1956 CH.
943 1925 1043 1956 Estne
1055 1924 1101 1955 r'ta
1113 1925 1160 1956 utz'
1174 1924 1245 1955 dixi
1260 1923 1417 1954 liberalis?
1440 1923 1505 1953 DE.
1522 1923 1643 1963 oppido.
1661 1922 1768 1954 Bent.

301 1967 391 1997 Mire
408 1977 444 1998 se
461 1971 622 2007 torquent
638 1966 692 1997 hie
707 1967 930 2006 interpretes,
946 1972 1217 2007 pervertuntqne
1234 1967 1300 1997 loci
1315 1975 1449 1997 sensum
1477 1970 1512 1996 et
1538 1964 1766 2005 pulchritudi-

302 2020 392 2040 nem.
438 2009 508 2040 Alii
524 2010 612 2040 enim
629 2009 752 2041 omisso
768 2009 826 2040 1110
843 2019 890 2049 ea,
906 2010 1103 2050 intelligunt
1117 2010 1255 2041 liberalis
1282 2009 1325 2040 de
1351 2008 1573 2041 Phormione.
1619 2007 1706 2039 Mihi
1722 2007 1766 2039 ob

302 2053 412 2093 ipsum
429 2052 669 2083 Phormionem
685 2053 743 2084 illa
759 2062 818 2083 vei
823 2052 866 2083 ba
882 2052 976 2085 dicta
992 2063 1066 2084 esse
1078 2052 1254 2091 videntur,
1265 2056 1302 2082 ut
1317 2050 1444 2082 homini
1462 2050 1640 2091 probabile
1655 2049 1769 2082 effice-

302 2102 409 2135 retur,
439 2096 529 2136 qnod
546 2105 624 2126 mox
642 2096 812 2136 Demipho
828 2095 984 2127 dicturus
1000 2100 1066 2136 est,
1091 2099 1124 2126 at
1149 2096 1200 2126 hic
1223 2095 1405 2126 dehortatus
1419 2097 1466 2125 est
1482 2103 1539 2130 me,
1555 2094 1609 2131 ξε.
1651 2092 1768 2134 Igitur

303 2148 422 2169 sensus
438 2143 504 2178 est,
522 2148 633 2169 nonne
649 2142 687 2169 tu
703 2139 850 2179 puellam
876 2139 1067 2178 liberalem,
1084 2139 1135 2169 uti
1153 2138 1215 2169 tibi
1233 2142 1396 2178 expertus
1411 2138 1483 2178 ipse
1500 2136 1582 2176 dixi,
1597 2135 1770 2185 reperistI,

304 2181 459 2222 adeoque
477 2181 535 2211 dirr
516 2191 614 2221 gnam
629 2180 700 2212 filio
717 2186 796 2212 tuo
790 2181 800 2203 Ρ
834 2180 893 2212 Sin
922 2192 1004 2213 vero
1028 2191 1104 2213 cum
1120 2181 1300 2217 Bembina,
1318 2180 1471 2222 personis
1485 2179 1640 2215 mutatis,
1658 2188 1767 2220 quaes-

303 2224 363 2255 tio·
366 2234 429 2255 rem
446 2224 687 2265 Demiphonis,
703 2229 739 2256 et
756 2224 1008 2265 responsionem
1022 2224 1212 2256 Chremetis
1225 2233 1300 2255 esse
1317 2228 1471 2261 statuas3
1496 2231 1615 2253 sensus
1628 2221 1768 2262 quidem

303 2267 394 2297 idern
410 2266 567 2302 efficitur,
583 2267 644 2297 sed
661 2277 723 2307 pro
738 2267 808 2298 (lixi
824 2267 891 2307 legi
909 2267 1015 2299 debet
1028 2267 1125 2298 dixtz.
1143 2267 1250 2298 Zeun.
1296 2265 1493 2297 Phormioni
1510 2274 1614 2296 voces
1631 2265 1769 2297 Estne...

302 2310 440 2340 liberalis
457 2310 578 2341 tribuit
592 2311 783 2342 Both—13
798 2310 901 2341 Multi
915 2310 997 2342 libri
1014 2310 1147 2351 scripti,
1159 2313 1195 2341 et
1210 2310 1244 2340 in
1260 2309 1310 2340 his
1322 2309 1377 2341 Vi.
1394 2319 1457 2350 pro
1469 2308 1586 2348 itaque,
1601 2308 1694 2348 idque
1707 2308 1766 2339 ha-

304 2353 409 2384 bent.
402 2364 409 2370 ·
445 2353 645 2392 Bembinus,
659 2354 751 2393 idque
765 2354 853 2384 adeo.
878 2363 944 2394 quo
961 2354 1064 2385 etiam
1079 2353 1180 2384 modo
1197 2357 1307 2384 staret
1323 2361 1453 2389 versus,
1471 2351 1640 2382 attributa
1656 2351 1768 2392 prima

305 2396 378 2435 ejus
394 2395 525 2436 syllaba
543 2396 655 2426 versui
682 2396 909 2435 praecedenti.
945 2397 1006 2428 Fa.
1061 2396 1138 2427 Duo
1155 2405 1198 2426 ex
1214 2396 1351 2435 nostris,
1368 2395 1482 2435 quue:
1507 2403 1623 2425 omnes
1645 2394 1686 2425 ad
1700 2403 1768 2425 vos.

306 2440 462 2479 Repone,
481 2439 576 2478 quzte
591 2439 666 2469 adeo
681 2440 822 2470 advenio.
847 2439 949 2470 Bent.
976 2449 1074 2480 quem
1090 2445 1279 2479 sequuntur
1292 2438 1371 2478 Bip.
1392 2437 1493 2468 Both.
1518 2436 1613 2468 Ρο71.
1656 2436 1714 2467 Ha
1727 2437 1768 2468 ad

305 2492 357 2511 vos
383 2482 441 2512 ΒΓ.
445 2484 528 2512 -14
554 2483 583 2512 P
590 2491 653 2512 ona
668 2482 752 2513 Mss.
770 2491 845 2522 pars
870 2482 1035 2513 omittunt
1061 2491 1120 2513 mo.
1143 2482 1249 2513 West.
1272 2486 1307 2511 et
1332 2481 1382 2511 sic
1407 2480 1468 2511 ΒΥ.
1497 2477 1614 2511 Guelf.
1646 2481 1677 2510 3.
1681 2481 1766 2510 —16

306 2525 389 2555 Mss.
408 2524 553 2563 plusculi
569 2527 656 2555 tanto
671 2534 771 2563 opere.
787 2525 895 2555 West.
925 2525 954 2556 1
953 2535 985 2555 os
999 2526 1054 2555 id..
1062 2526 1169 2556 (771707
1172 2528 1271 2555 teram
1283 2523 1385 2554 Both.
1407 2524 1601 2553 adverteram
1612 2522 1672 2553 ΒΓ.
1687 2521 1767 2554 Hel.

305 2567 442 2597 animam
457 2569 652 2598 adverteram
669 2567 744 2598 Gu‹
749 2566 783 2598 lf.
798 2571 829 2598 2.
832 2570 916 2598 ——19
939 2568 1073 2599 Poterat
1089 2566 1206 2598 Guelf.
1221 2570 1252 2598 2.
1255 2569 1340 2597 —20
1354 2565 1533 2598 Quomodo
1545 2566 1765 2614 vzduam,qnae

305 2610 379 2640 51770
395 2612 464 2641 viro
482 2620 679 2640 remansura
694 2620 762 2641 non
775 2611 874 2642 erat?
897 2621 939 2641 an
956 2610 1048 2641 forte
1061 2611 1188 2641 7171770777
1200 2608 1437 2650 exponendum
1453 2615 1516 2647 est,
1531 2618 1550 2639 a
1567 2609 1681 2648 priore
1695 2607 1767 2638 viro

305 2663 341 2682 s(
347 2662 417 2692 par
410 2660 516 2683 uam.
511 2653 521 2675 ²
545 2654 578 2683 in
595 2663 635 2683 eo
651 2653 738 2684 libro
755 2653 990 2694 antiquissimo
1007 2653 1080 2684 sine
1098 2662 1138 2683 ea
1154 2652 1305 2683 dictione
1321 2650 1480 2690 viduam,
1474 2660 1507 2681 un
1521 2651 1608 2681 hunc
1629 2650 1766 2681 modum

307 2696 446 2733 legitur,
467 2696 543 2725 Eam
559 2705 638 2726 7777770
654 2699 724 2726 ertr
728 2696 780 2726 udi
804 2695 904 2736 turpo'
908 2699 949 2727 st.
985 2697 1043 2727 Fa.
1100 2697 1146 2726 Et
1172 2695 1252 2726 hinc
1279 2695 1364 2725 scies
1390 2694 1537 2724 indolem
1562 2692 1766 2723 correctoris

307 2738 336 2768 Ρ
342 2737 480 2768 0777171771.
526 2738 646 2768 Nostri
664 2748 780 2769 omnes
803 2739 898 2769 Nunc
912 2739 1049 2769 viduam.
1101 2738 1222 2770 Viduas
1246 2738 1309 2768 hoc
1335 2746 1434 2767 sensu
1452 2745 1519 2767 non
1545 2734 1649 2766 semel
1674 2734 1767 2775 apud

308 2780 470 2812 Plautum
488 2784 552 2811 est.
577 2781 761 2815 Bona—22
784 2780 901 2823 Aliqui
922 2781 1017 2823 libri,
1038 2785 1074 2812 et
1097 2781 1130 2813 in
1146 2781 1187 2812 iis
1203 2781 1299 2814 Beni.
1316 2778 1517 2811 affirmative
1533 2776 1662 2810 habent
1676 2778 1768 2810 satis.
