1966 3302
586 247 813 278 EUNUCHI
849 247 959 276 Ac‘r.
984 246 1029 274 v.
1062 245 1128 275 sc.
1155 245 1185 275 1.
1540 235 1624 276 503

175 348 265 389 ΤΗ.
306 344 424 396 Quid
447 343 524 385 illo
546 342 771 391 faciemus,
793 340 958 382 stulta?
1020 338 1111 380 PY.
1149 337 1268 388 Quid
1288 337 1443 388 facias,
1465 340 1622 391 rogas?

175 414 292 456 Vide
315 412 494 454 amabo!
535 411 572 451 si
592 422 695 458 non,
715 421 813 450 cum
835 407 1048 461 aspicias,
1070 419 1120 447 os
1141 405 1372 459 impudens

175 482 378 523 Videtur.
417 478 509 518 ΤΗ.
534 477 636 518 Non
658 479 736 516 est.
773 475 863 517 PY.
884 474 998 515 Tum
1022 487 1123 527 quae
1142 473 1239 527 ejus
1257 472 1527 514 confidentia
1545 471 1622 513 'sts

174 610 282 642 tit-um.
327 612 393 642 ΤΗ.
420 609 504 645 Quid
519 609 566 640 ini
575 608 730 648 faciemus
744 607 967 647 comprehenso,
982 604 1112 648 inepta?
1145 605 1214 637 Pr.
1239 603 1401 639 Quoerisne
1415 602 1487 643 quid
1500 602 1627 640 facias?

181 654 267 693 Vide,
289 663 401 694 quaeso,
434 654 462 683 si
492 662 551 684 non
581 655 627 682 est
657 651 823 691 insigniter
852 650 1034 689 impudens;
1078 660 1118 680 ex
1146 651 1269 688 aspectu
1295 657 1367 677 sane
1396 646 1519 676 videtur
1550 655 1626 675 esse.

178 696 290 769 Νιίιίηης
313 697 386 728 tulis
401 699 459 735 est,
482 696 599 736 qualem
623 693 708 725 dico?
751 693 819 726 ΤΗ.
844 692 918 723 Non
938 696 995 724 est.
1041 693 1112 724 ΡΥ.
1137 691 1239 731 Atque
1265 690 1358 720 etiam
1379 689 1479 729 qualis
1501 691 1548 719 est
1562 688 1626 726 ejus

174 749 213 770 au
238 749 315 771 ιιι-ια.

785 798 1024 811 οοοοοοοοοοοο

175 879 246 911 hab.
291 878 423 909 Dividit
439 876 566 917 Delph.
582 876 650 906 sic:
674 884 795 905 sumus:
816 873 966 905 hominem
987 872 992 911 Ι
1014 872 1099 904 Hab.
1115 873 1225 912 ipsum.
1273 871 1311 902 U.
1328 870 1356 901 is
1370 868 1440 901 est?
1486 869 1569 901 Hem
1585 870 1626 900 ad

174 922 346 957 sinistram,
371 930 431 952 non
447 920 550 950 rides?
569 918 574 960 1
594 919 655 949 En.
677 918 786 954 Video,
802 919 939 957 Esca—20
964 917 1035 948 Nos
1053 926 1094 946 ex
1109 916 1204 946 Bem.
1234 913 1364 945 Videsne
1379 917 1413 944 et
1428 912 1626 952 Comprendi.

175 965 235 996 Fa.
278 964 373 995 Libri
397 963 503 994 nostri
526 961 597 993 fere
615 970 730 991 omnes
752 959 851 991 Viden
867 964 903 990 et
921 958 1157 999 Comprehendi.
1180 958 1281 988 Bent.
1307 957 1364 996 qui
1391 956 1439 987 sic
1463 955 1522 986 dat
1548 964 1622 985 cum

175 1008 235 1039 ΒΓ.
250 1006 352 1038 Both.
369 1006 464 1037 Perl.
510 1004 695 1044 Comprendz'
713 1003 792 1042 Bip.
837 1002 935 1032 Potes
952 1001 1067 1034 Guelt'.
1084 1003 1199 1032 2.—21
1219 1000 1259 1034 Q.
1277 1000 1324 1029 illi
1336 998 1497 1036 faciemus,
1510 998 1625 1029 stulta?

175 1050 245 1081 ΡΥ.
271 1050 311 1085 Q.
326 1047 462 1087 faciam]
486 1048 553 1078 Do.
575 1051 611 1077 et
626 1047 721 1077 Bem.
739 1055 798 1086 pro
813 1045 875 1083 illi,
889 1046 962 1082 illo;
988 1054 1048 1085 pro
1064 1044 1198 1081 faciam,
1213 1042 1320 1080 facias
1335 1041 1481 1072 habent:
1509 1046 1544 1071 et
1560 1041 1624 1071 hoc

174 1092 345 1134 posterius
357 1092 484 1122 habent
496 1090 599 1129 aliqui
613 1089 669 1119 alii
686 1089 709 1120 l.
726 1098 754 1119 S.
770 1088 873 1118 etiam
892 1097 932 1117 ex
950 1087 1108 1127 antiquis.
1125 1087 1182 1117 Fa.
1218 1085 1439 1122 Illofaciemus
1448 1083 1508 1114 Fa.
1520 1083 1625 1114 etalii

175 1138 431 1167 recensuerunt.
461 1132 577 1164 Sedffn
595 1132 681 1162 Mss.
698 1131 858 1171 plusculis
872 1135 924 1161 est
936 1130 994 1161 illi.
1010 1130 1117 1160 West.
1153 1128 1237 1163 Quid
1245 1127 1366 1166 facias]
1383 1126 1528 1157 Variant
1543 1126 1626 1157 Mss.

166 1175 594 1217 saciam,facias,faciemus,
606 1175 771 1209 legentes.
787 1173 837 1204 Id.
876 1172 1088 1212 Quidsacias]
1105 1171 1194 1202 Hinc
1211 1179 1318 1210 usque
1334 1170 1374 1200 ad
1388 1168 1488 1199 finem
1505 1169 1624 1200 Scenae

176 1221 289 1252 omnia
308 1220 341 1250 in
358 1220 402 1251 G.
419 1218 618 1250 tribuuntur
633 1216 778 1256 Pythiae.
810 1215 882 1246 Nisi
902 1216 991 1256 quod
1006 1212 1419 1256 suprascriptumeadem,
1432 1217 1467 1242 ut
1479 1211 1627 1249 videtur,

175 1273 288 1300 mann,
306 1271 382 1294 esse
411 1261 528 1300 libros,
553 1261 585 1291 in
612 1260 734 1300 quibus
760 1259 817 1289 illa
841 1260 849 1276 ‘
865 1259 944 1289 Non
968 1257 1043 1289 est'
1066 1257 1197 1295 Thaidi,
1214 1256 1343 1296 reliqna
1360 1264 1472 1286 rursus
1489 1254 1624 1295 Pythiae

177 1306 384 1337 tribuantur.
430 1305 587 1335 Donatus
613 1303 729 1333 itidem
751 1301 865 1332 omnia
888 1301 1024 1341 Pythiae
1057 1300 1216 1331 tribuisse
1231 1299 1380 1329 videtur.
1425 1297 1475 1328 Id.
1491 1298 1525 1328 in
1543 1297 1626 1328 Add.

175 1349 254 1380 Duo
271 1358 313 1379 ex
326 1346 452 1379 nostris
461 1347 586 1385 facias.-
611 1345 663 1375 illo
676 1354 761 1375 nnus
777 1344 976 1374 veterrimus
993 1348 1029 1375 et
1045 1343 1103 1374 Pr.
1114 1353 1147 1383 p.
1163 1344 1257 1373 1101.
1302 1340 1418 1372 Ceteri
1436 1340 1497 1377 illi,
1508 1340 1624 1370 nescio

177 1401 219 1422 an
245 1390 384 1422 rectius.
408 1390 506 1420 Bent.
551 1389 612 1419 Illo
628 1388 708 1419 Par.
725 1386 777 1418 ed.
796 1387 882 1417 Per-l.
915 1387 975 1417 Illo
991 1387 1050 1418 Fa.
1065 1385 1167 1417 etalii
1184 1383 1303 1425 optimi
1320 1382 1419 1414 codd.
1441 1382 1509 1413 Sed
1527 1382 1625 1413 multi

176 1434 296 1474 scripti
313 1438 348 1464 et
365 1432 445 1464 edd.
467 1433 515 1462 illi
534 1442 543 1463 :
566 1440 630 1462 nec
642 1431 705 1461 hoc
719 1429 927 1460 damnamus.
950 1430 1027 1470 Rip.
1066 1427 1244 1467 Faciemus]
1261 1427 1318 1457 Sic
1334 1427 1412 1457 olim
1428 1425 1461 1455 in
1476 1425 1542 1456 Ms.
1562 1425 1626 1465 [sc.

176 1477 255 1517 Br.]
269 1476 328 1507 sed
344 1480 538 1508 correctum
550 1473 726 1511 infanium.
743 1473 866 1503 Bruns.
893 1472 932 1503 In
950 1473 1009 1502 ΒΥ.
1023 1477 1074 1502 est
1089 1472 1149 1502 illi.
1175 1470 1251 1501 Illoc
1274 1469 1471 1500 Both—22.
1487 1470 1528 1499 23
1553 1468 1627 1499 Non

176 1519 237 1560 est]
263 1519 364 1550 Varie
380 1519 452 1549 haec
467 1516 685 1548 exhibentur.
708 1516 807 1554 Sunt,
827 1515 882 1554 qni
899 1515 1037 1554 Pythiae
1055 1514 1222 1552 tribuunt,
1240 1516 1317 1542 sunt
1333 1513 1412 1542 item
1428 1510 1483 1552 qui
1495 1510 1626 1542 Thaidi.

176 1561 341 1593 Heinsius
366 1559 582 1597 recensebat,
604 1559 673 1589 ΤΗ.
699 1558 781 1588 Νοη.
805 1558 873 1588 PY.
901 1558 980 1588 Tum
996 1568 1063 1598 quoe
1087 1557 1150 1596 ejus
1164 1555 1349 1596 confidentia
1365 1554 1427 1584 ’sm
1448 1552 1563 1594 Atque
1579 1554 1627 1584 ita

177 1605 278 1636 estin
293 1605 362 1635 Ms.
380 1603 472 1644 Lips.
517 1603 600 1633 Tres
618 1600 738 1632 Leidd.
762 1600 898 1641 Pythiae
916 1600 1085 1639 tribuunt,
1112 1601 1182 1630 Non
1211 1596 1284 1629 est?
1307 1596 1474 1638 quomodo
1491 1596 1573 1627 Par.
1592 1602 1627 1627 et

178 1647 234 1678 alii
270 1647 466 1678 ediderunt.
510 1645 598 1676 Mihi
630 1644 665 1675 in
699 1648 848 1674 ruentem
881 1643 1053 1681 veniebat,
1083 1640 1227 1673 Chaerea
1254 1641 1393 1680 propius
1425 1638 1628 1679 accedente,

177 1690 306 1731 Pythia
319 1699 400 1721 vero
412 1687 546 1720 interim
560 1687 594 1718 in
612 1696 686 1717 eum
701 1686 949 1724 debacchante,
965 1684 1126 1716 Thaidem
1143 1685 1279 1720 dixisse,
1291 1684 1383 1713 Non:
1398 1685 1437 1713 st.
1454 1681 1627 1713 Acidalius

175 1733 334 1774 legebat:
358 1730 564 1763 Illonstrum!
586 1739 654 1771 quae
674 1728 737 1767 ejus
752 1728 938 1769 confidentia
960 1726 1033 1759 est?
1066 1728 1209 1766 Vereor,
1235 1736 1278 1756 ne
1308 1725 1414 1764 magis
1439 1724 1628 1765 ingeniose,

176 1786 275 1816 quam
290 1784 382 1807 vere.
410 1774 511 1806 West.
560 1774 604 1803 Os
614 1773 784 1812 impudens,
800 1773 852 1811 Ere.
878 1771 964 1802 Haec
981 1771 1092 1801 omnia
1108 1771 1178 1800 sine
1196 1769 1454 1808 interpositione
1472 1777 1625 1807 personae

176 1818 317 1850 Thaidis
330 1818 364 1848 in
380 1817 475 1848 libris
493 1815 639 1856 antiquis
655 1817 838 1855 leguntur:
865 1814 945 1854 quin
962 1818 999 1844 et
1014 1814 1172 1844 Donatus
1189 1821 1321 1853 quoque
1334 1812 1407 1841 haec
1424 1810 1498 1850 ipsa
1515 1811 1626 1841 onmia

179 1870 334 1902 personae
351 1860 490 1901 Pythiae
507 1858 676 1890 attribuit.
721 1857 813 1896 Ergo
829 1857 902 1887 have
918 1856 966 1888 ita
989 1855 1210 1895 intelligenda
1226 1859 1326 1885 sunt:
1349 1854 1435 1884 Vide
1453 1853 1583 1892 amabo,
1600 1854 1626 1883 si

177 1914 242 1935 non
260 1913 296 1935 os
311 1902 492 1943 impudens
508 1901 643 1942 quidem
666 1898 816 1938 videtur,
832 1908 898 1930 non
923 1904 1035 1929 autem
1061 1904 1125 1929 est.
1151 1898 1209 1929 Fa.
1248 1896 1353 1937 Atqui
1379 1896 1514 1936 plurimi
1536 1897 1626 1936 apud

177 1956 232 1978 me
254 1947 399 1977 Codices
416 1945 491 1976 Non
513 1947 558 1974 est
572 1942 691 1974 Thaidi
708 1942 874 1974 tribuunt.
920 1942 1033 1981 Lego:
1063 1941 1141 1972 Vide
1155 1939 1261 1971 amabo
1275 1939 1303 1970 si
1318 1949 1390 1977 non,
1402 1949 1469 1969 cnm
1481 1939 1628 1979 aspicias,

179 2000 213 2020 os
234 1990 394 2029 impudens
414 1987 558 2019 Videtur.
582 1986 654 2016 ΤΗ.
680 1985 764 2016 Non.
790 1985 859 2016 Pr.
887 1984 962 2015 Tum
979 1994 1046 2024 quoe
1061 1983 1126 2022 ejus
1142 1982 1376 2025 confidentiast?
1400 1983 1501 2012 Bent.
1547 1982 1627 2013 Sen-

178 2042 234 2063 sus
252 2032 354 2062 talis:
382 2029 473 2061 Vide
496 2027 849 2069 impudentiam,vide
873 2032 1062 2068 aspectum,
1086 2024 1367 2067 quemadmodum
1391 2023 1531 2055 incedit.
1578 2024 1627 2055 Os

179 2084 261 2114 ergo
284 2073 463 2114 impudens
490 2071 638 2107 videtur,
667 2079 742 2101 cum
766 2069 912 2110 aspicias
939 2070 1066 2101 venire.
1112 2070 1168 2109 Et,
1193 2069 1287 2108 quasi
1315 2067 1439 2108 aliquid
1464 2067 1628 2098 meretrix

180 2116 320 2155 dixerit,
344 2116 393 2146 ita
416 2114 604 2154 subjungit,
623 2114 695 2144 Non
711 2116 785 2143 est?
806 2113 927 2153 quasi:
954 2113 1070 2152 Negas
1094 2122 1168 2142 esse
1192 2110 1281 2151 quod
1299 2110 1398 2141 dico?
1431 2110 1486 2147 Et,
1512 2109 1574 2140 hoc
1591 2116 1628 2141 ut

180 2158 371 2198 confirmet,
397 2156 554 2197 adjungit
572 2166 580 2187 ε
619 2156 689 2186 Cur
715 2155 820 2195 igitur
848 2160 945 2186 tanta
974 2154 1180 2185 confidentia
1221 2152 1328 2183 fretus
1359 2152 1507 2183 incedit?
1543 2153 1627 2192 Eug.

181 2202 270 2242 Non]
294 2201 399 2241 Vulg.
423 2203 481 2230 est.
529 2199 607 2230 Non
628 2198 754 2229 habent
780 2198 872 2228 Mur.
904 2198 1006 2228 Bent.
1030 2197 1132 2227 Both.
1179 2196 1295 2236 Atque
1316 2195 1385 2226 Non
1400 2195 1508 2226 West.
1526 2195 1628 2226 Bent.

180 2245 285 2277 Both.
313 2242 433 2274 Thaidi
467 2242 552 2272 bene
583 2241 737 2272 tribuunt
760 2239 1044 2280 respondendnm.
1076 2240 1159 2270 Perl.
1206 2239 1277 2270 Non
1292 2237 1352 2277 est]
1376 2236 1433 2268 Al.
1458 2242 1493 2268 et
1516 2237 1579 2268 ho(-
1610 2249 1627 2268 a

181 2286 310 2328 Pythia
326 2285 455 2316 dictum
474 2284 629 2315 tribuunt
652 2283 775 2316 Thaidi
793 2286 922 2324 praeter
939 2291 1087 2314 sensnm.
1112 2282 1190 2323 Bip.
1238 2281 1311 2312 Non
1327 2279 1397 2312 est?
1423 2280 1481 2311 ΒΓ.
1507 2280 1543 2312 Ζ.
1571 2283 1628 2322 qui

180 2330 266 2363 dant
279 2330 353 2361 haec
369 2327 474 2360 verba
486 2326 636 2369 Pythiae.
