1966 3302
544 208 857 240 PHoRMloms
890 209 1001 240 Aer.
1025 210 1077 240 11.
1109 209 1177 240 se.
1198 212 1228 239 ι.
1541 200 1626 242 941

171 301 261 342 ΒΕ.
294 300 515 342 Incertum
538 306 606 343 est
627 303 733 356 quid
756 316 898 355 agam,
930 303 1037 356 quia
1059 308 1219 357 praeter
1239 315 1379 356 spem,
1410 305 1543 355 atque
1565 303 1628 344 in-

343 369 551 409 credibile
570 369 655 410 hoc
676 370 781 410 mihi
805 370 990 423 obtigit:

171 434 243 476 Ita
262 448 359 475 sum
380 435 590 486 irritatus,
622 437 812 478 animum
846 442 897 477 ut
928 451 1146 490 nequeam
1176 436 1234 478 ad
1264 435 1544 489 cogitandum
1565 437 1630 478 in-

343 501 524 543 stituere
546 515 555 543 :
1568 504 1625 544 10

175 567 474 618 Quamobrem
497 581 663 618 omnes,
685 581 786 609 cum
820 568 1027 609 secundae
1062 582 1131 610 res
1162 574 1267 610 sunt
1294 581 1516 619 maxume,
1539 573 1630 611 tum

345 647 554 675 maxume

175 699 384 741 Meditari
415 714 564 742 secum
600 704 789 755 oportet,
820 714 910 754 quo
948 707 1085 754 pacto
1123 703 1356 744 advorsam
1391 716 1633 746 aerumnam

350 767 497 808 ferant
518 780 529 819 ;

176 833 364 884 Pericla,
387 834 560 884 damna,
582 834 719 875 exilia
737 847 746 875 :
777 847 956 887 peregre
976 833 1148 875 rediens
1171 848 1346 890 semper
1367 836 1544 890 cogitet,

175 959 317 992 Dubium
338 963 385 992 est
406 961 496 999 mihi,
519 960 592 1000 quid
612 961 720 1000 facere
743 961 888 994 debeam:
923 960 996 1003 quia
1018 965 1126 994 contra
1148 964 1392 1004 expectationem
1413 969 1443 996 et
1467 966 1637 1006 opinionem

176 1012 273 1034 meam
288 1003 343 1034 hoc
355 1003 432 1034 mihi
447 1003 572 1035 accidit.
617 1005 670 1035 Ita
682 1005 731 1035 ira
747 1005 889 1036 turbatus
903 1015 983 1043 sum,
999 1009 1032 1036 ut
1045 1016 1191 1046 nequeam
1205 1011 1337 1038 mentem
1351 1008 1392 1038 ad
1407 1008 1639 1039 deliberandum

176 1046 345 1085 appellere:
362 1050 547 1087 quapropter
561 1057 630 1077 cum
641 1056 788 1088 prospera
796 1046 931 1084 fortuna
941 1047 1095 1079 nobiscum
1110 1053 1252 1080 versatur
1266 1049 1413 1089 maxime,
1428 1054 1493 1081 tum
1504 1052 1638 1082 maxime

176 1097 416 1128 itnumqttemque
437 1092 577 1119 nostrum
602 1090 795 1120 considerare
821 1094 951 1130 oportet,
973 1092 1119 1130 quomodo
1141 1092 1347 1123 adversitates
1368 1096 1398 1123 et
1422 1094 1563 1124 miserias
1591 1094 1641 1124 in-

176 1134 324 1166 gruentes
337 1132 456 1163 toleret.
504 1131 582 1161 Cum
598 1140 637 1163 ea:
651 1132 904 1172 peregrinatione
919 1133 1015 1172 redit,
1030 1134 1181 1173 pericula,
1203 1135 1326 1176 damna,
1347 1135 1446 1166 exilia
1470 1145 1589 1176 semper
1604 1137 1637 1166 in

792 1226 1029 1238 eeeeeeeeeeee

179 1287 255 1320 dria
280 1290 416 1329 egregie
441 1289 505 1321 hoc
536 1289 690 1330 expedit,
717 1290 808 1322 infra
823 1301 872 1322 vs.
899 1295 953 1323 51.
997 1292 1114 1323 Voluit
1140 1291 1271 1324 Auctor
1297 1291 1552 1325 adolescentem
1575 1303 1641 1326 non

180 1331 323 1362 stultum
347 1332 519 1371 sustinere
544 1333 688 1373 primam
718 1334 837 1374 aciem,
860 1334 983 1365 Getam
1010 1334 1044 1365 in
1074 1334 1234 1365 subsidiis
1260 1339 1391 1366 tantum
1409 1345 1494 1367 esse.
1540 1336 1641 1368 Cete-

181 1383 267 1413 rum,
286 1373 433 1405 Etiamne
447 1375 480 1405 id
506 1376 557 1406 lex
583 1376 698 1414 coegit,
713 1376 804 1416 quod
832 1376 979 1408 Codices
994 1376 1136 1416 habent,
1150 1378 1287 1408 minime
1304 1379 1449 1408 sermoni
1466 1380 1642 1416 congruit:

181 1416 215 1446 id
231 1415 334 1455 enim,
349 1417 446 1457 cujus
473 1418 648 1458 praecipua
677 1418 732 1449 hic
750 1418 800 1449 vis
826 1423 892 1457 est,
919 1419 994 1451 acui
1020 1419 1156 1451 debeat.
1203 1420 1320 1451 Codex
1343 1420 1481 1460 Regius,
1496 1421 1643 1454 Etiamne

181 1458 265 1489 idne.
309 1459 464 1499 Repone‚
488 1460 598 1491 Etiam
623 1461 697 1491 idne
721 1461 772 1492 lex
793 1461 906 1500 coegit.
930 1463 1034 1493 Bent.
1080 1462 1133 1493 Ex
1157 1471 1187 1493 0.
1204 1462 1287 1493 libb.
1312 1463 1405 1494 Geta
1427 1462 1510 1494 dicit
1537 1464 1546 1482 ‘
1568 1464 1643 1504 Ego

182 1500 388 1540 expediam,’
416 1503 603 1533 commode.
652 1504 739 1534 Nam
767 1506 856 1534 servi
877 1505 1026 1535 maxime
1050 1513 1119 1536 rem
1138 1505 1304 1544 expedire
1331 1506 1365 1535 in
1382 1514 1418 1535 se
1442 1506 1646 1547 suscipiunt,

183 1553 258 1582 quae
280 1543 445 1584 impedita
461 1549 547 1575 erat.
592 1544 703 1585 Igitur
726 1545 813 1576 male
830 1546 931 1577 Bent.
954 1544 1028 1577 haec
1052 1547 1175 1578 tribuit
1199 1547 1381 1579 Phaedriae.
1405 1548 1491 1578 Perl.
1536 1549 1647 1580 Etiam

181 1585 254 1616 idne
281 1586 384 1617 Both.
429 1587 577 1628 Etiamne
600 1587 633 1617 id
648 1587 757 1624 facere
783 1589 835 1619 lex
858 1589 1052 1629 Delph.-—-9
1078 1589 1219 1629 Obtigz't]
1244 1591 1393 1621 Praestat
1423 1589 1499 1621 haec
1528 1591 1647 1633 lectio,

184 1637 255 1667 prae
286 1629 498 1668 quorundam
528 1630 703 1669 librorum,
731 1631 878 1670 contigit,
909 1636 945 1662 et
975 1631 1130 1667 aliorum,
1155 1632 1281 1664 accidit.
1312 1633 1509 1664 West.—11
1543 1634 1646 1666 Quod

184 1669 392 1710 Zinzerling.
410 1671 507 1712 legit,
521 1681 589 1702 cum
605 1673 741 1703 maxime
757 1670 925 1710 Meditari,
953 1674 1087 1705 erudite
1104 1673 1230 1705 refellit
1255 1674 1415 1705 Dukerus
1433 1675 1475 1705 ad
1493 1675 1586 1706 Flor.
1602 1685 1646 1709 11.

186 1715 238 1751 16.
254 1715 286 1743 3.
307 1713 404 1752 West.
451 1713 658 1754 Zinzerling.
671 1715 705 1744 in
722 1715 893 1747 Promuls.
911 1716 998 1747 Crit.
1012 1716 1137 1748 Juven.
1156 1717 1271 1757 legere
1285 1721 1397 1748 tentat
1408 1727 1476 1748 cum
1491 1719 1647 1751 maxime:

184 1752 329 1786 frustra.
353 1755 397 1792 R.
415 1755 459 1787 D.
499 1754 607 1787 Abest
622 1767 765 1788 maxume
780 1758 874 1797 prins
892 1768 912 1789 a
928 1759 1046 1790 Guelf.
1063 1762 1095 1790 2.
1119 1758 1294 1791 Peri—13
1320 1760 1403 1791 Mss.
1422 1761 1514 1800 Lips.
1531 1761 1647 1793 Graev.

185 1802 221 1827 et
243 1797 343 1828 Bodl.
357 1798 464 1837 exilia,
479 1799 603 1829 damna.
629 1800 702 1830 ΕΡ.
718 1799 863 1831 exilium.
906 1799 990 1840 Alii,
1004 1801 1115 1832 exitia.
1141 1802 1246 1833 West.
1277 1801 1379 1842 Apud
1397 1802 1597 1834 Ciceronem
1611 1804 1647 1835 in

185 1838 323 1871 Tuscul.
340 1848 396 1872 nr.
416 1842 467 1871 14.
485 1841 532 1871 sic
549 1840 672 1879 fertur,
691 1846 760 1873 tam
785 1843 817 1873 in
844 1842 940 1874 libris
969 1844 1072 1875 editis
1090 1854 1188 1884 quam
1213 1844 1364 1885 scriptis,
1380 1845 1516 1881 Pericla,
1537 1847 1649 1877 damna

184 1891 316 1922 peregre
328 1883 451 1913 rediens
465 1892 584 1923 semper
605 1893 703 1914 secum
729 1887 856 1923 cogitet.
899 1886 967 1916 Ubi
990 1886 1089 1917 exilia
1111 1887 1222 1921 deest,
1237 1892 1272 1918 et
1295 1887 1370 1927 ejus
1387 1887 1494 1918 vicem
1512 1888 1650 1920 additur

184 1934 300 1956 secum.
344 1924 532 1962 Quaeritur,
558 1930 672 1957 utrum
690 1936 805 1958 verum
835 1932 870 1959 et
885 1928 1037 1960 Terentii
1065 1928 1121 1960 sit.
1166 1929 1257 1960 Dico
1285 1930 1368 1960 illud
1384 1930 1481 1960 exilia
1497 1932 1648 1971 spurium

188 1971 225 1998 et
239 1966 392 2006 ineptum
422 1977 506 2000 esse.
551 1969 670 2000 Primo
697 1969 864 2001 incertam
883 1970 997 2001 sedem
1025 1971 1152 2011 habet;
1178 1972 1210 2002 in
1227 1981 1351 2012 magna
1378 1973 1530 2009 codicum
1549 1979 1650 2013 parte

188 2013 241 2040 est
256 2010 365 2047 exilia,
380 2011 505 2041 damna.
550 2010 580 2041 A
599 2011 698 2043 CCC.
723 2017 837 2043 autem
862 2022 999 2052 prorsus
1015 2012 1126 2054 abest.
1172 2015 1257 2047 Quis
1273 2024 1374 2055 porro
1390 2015 1486 2046 exitia
1504 2015 1651 2048 dixisset

188 2060 329 2082 numero
353 2051 498 2092 plurali?
542 2054 634 2085 Quot
657 2053 758 2084 exilia
776 2055 809 2085 in
826 2064 892 2085 una
908 2060 942 2086 et
960 2055 1094 2087 modica
1120 2056 1271 2087 familia?
1315 2057 1385 2088 Aut
1402 2059 1569 2098 quomodo
1586 2059 1651 2090 sibi

189 2093 291 2124 exilia
307 2094 450 2134 cogitet,
467 2094 524 2135 qui
538 2095 610 2135 ipse
627 2100 698 2126 tum
715 2105 859 2137 peregre
875 2097 953 2129 est?
990 2098 1157 2129 Haecci'ne
1173 2099 1259 2130 utin
1277 2108 1311 2129 se
1328 2100 1501 2130 admiserit
1519 2101 1650 2132 Teren-

190 2135 280 2166 tius?
324 2137 439 2168 Quare
456 2142 584 2169 certam
610 2147 683 2168 esse
700 2139 791 2178 apud
811 2139 1009 2171 Ciceronem
1027 2141 1243 2181 scripturam,
1258 2146 1296 2173 ut
1313 2147 1347 2173 et
1362 2152 1439 2173 mox
1462 2143 1572 2183 aliam,
1593 2153 1650 2174 au-

190 2177 313 2209 dacter
329 2179 540 2218 pronunties.
585 2179 686 2210 Unde
710 2190 792 2221 ergo
819 2187 934 2213 natum
957 2188 1010 2214 est
1032 2183 1116 2214 illud
1139 2184 1248 2223 exilia,
1265 2188 1323 2215 aut
1348 2194 1414 2225 quo
1430 2194 1511 2216 casu
1526 2186 1652 2217 malum

190 2221 254 2251 hue
271 2221 392 2260 pedem
411 2221 550 2252 intulit?
597 2222 718 2253 Dicam
736 2223 824 2262 qu'od
841 2225 921 2255 mihi
938 2224 972 2255 in
989 2230 1136 2257 mentem
1150 2226 1259 2266 venit,
1277 2231 1310 2257 tn
1328 2228 1496 2259 existima.
1541 2229 1653 2268 Super

190 2263 250 2294 illa
275 2262 381 2294 verba
408 2273 540 2304 peregre
562 2265 685 2295 rediens
712 2267 920 2306 ascripserat
945 2267 1023 2298 olim
1053 2269 1126 2307 quis
1157 2268 1248 2299 inter
1274 2269 1376 2300 lineas
1403 2271 1412 2285 ‘
1430 2279 1472 2300 ex
1500 2270 1652 2301 Cilicia?

191 2306 318 2346 quippe
337 2314 361 2336 1.
376 2308 408 2337 2.
425 2308 478 2336 16.
525 2307 731 2347 Demiphoni
755 2309 821 2338 iter
838 2314 910 2340 erat
928 2310 961 2340 in
986 2310 1155 2342 Ciliciam.
1202 2311 1330 2342 Postea
1349 2312 1429 2342 inde
1456 2311 1585 2344 factum
1602 2318 1653 2345 est

192 2348 301 2378 exilia.
324 2348 425 2379 Bent.
471 2347 618 2388 Respuit
645 2350 746 2380 Beut.
774 2351 881 2389 exilia,
905 2352 1032 2392 quippe
1057 2353 1146 2392 quod
1172 2352 1262 2383 desit
1293 2364 1347 2394 ap.
1377 2354 1449 2385 cic.
1477 2355 1578 2387 Tusc.
1610 2356 1652 2389 Q.

192 2390 266 2420 ha‘c
282 2389 455 2421 citantem.
499 2388 566 2421 Sed
583 2401 648 2421 non
680 2397 778 2423 notat
802 2393 872 2432 ille,
887 2394 919 2424 in
938 2404 1004 2435 qua
1027 2395 1122 2426 Edit.
1146 2395 1318 2427 Ciceronis
1336 2406 1453 2427 vocem
1477 2398 1568 2428 illam
1586 2408 1652 2429 non

194 2431 330 2464 viderit.
376 2433 464 2464 Nam
491 2433 524 2463 in
549 2432 667 2464 Manli.
687 2440 720 2464 et
744 2435 824 2475 Bip.
851 2441 945 2467 certe
970 2437 1081 2469 adest.
1128 2436 1221 2468 Alias
1250 2448 1316 2469 non
1344 2439 1490 2478 inspexi.
1536 2440 1655 2471 Redeo

194 2479 309 2505 tamen
326 2474 367 2504 ad
383 2475 522 2506 Terent.
540 2475 640 2506 codd.
657 2480 692 2506 et
707 2476 786 2508 edd.
813 2487 904 2518 quae,
919 2485 1004 2519 quot
1027 2484 1121 2510 certe
1140 2480 1172 2510 in
1195 2486 1330 2520 promtu
1358 2482 1436 2511 mihi
1456 2487 1546 2518 sunt,
1563 2493 1652 2523 prae-

195 2522 250 2548 ter
275 2517 353 2557 Bip.
377 2518 475 2548 exilia
500 2518 673 2549 exhibent.
718 2519 897 2551 Praeterea
924 2521 1000 2551 huic
1023 2522 1165 2552 dictioni
1193 2532 1211 2552 e
1235 2523 1345 2553 verbis
1371 2526 1379 2539 ‘
1397 2532 1540 2563 peregre
1568 2526 1655 2557 red.’

195 2559 304 2590 omnis
322 2559 405 2590 fides
422 2560 588 2590 accedere
605 2560 750 2592 videtur.
775 2562 864 2593 Perl.
904 2563 1038 2603 Pericla,
1050 2565 1081 2595 d.
1107 2574 1174 2604 per.
1190 2566 1255 2596 red.
1269 2575 1362 2606 semp.
1377 2576 1477 2596 secum
1492 2568 1575 2607 cogn]
1599 2569 1655 2600 Sic

197 2601 379 2632 manifesto
404 2601 539 2642 legend.
555 2612 630 2633 cum
648 2603 719 2634 Cic.
763 2604 852 2634 Illud
871 2606 966 2636 exilia
990 2607 1075 2636 male
1092 2616 1134 2636 ex
1162 2607 1278 2647 Enrip.
1295 2608 1462 2647 versibus,
1478 2609 1521 2639 ab
1536 2610 1655 2642 eodem

200 2643 271 2676 Cic.
287 2644 309 2675 l.
327 2653 357 2675 c,
373 2645 601 2682 conversis,h.
620 2646 641 2675 l.
659 2645 810 2686 irrepsit.
828 2647 904 2687 Rip.
939 2648 1060 2678 Cicero
1074 2648 1317 2688 omittitexilia,
1331 2650 1422 2690 quod
1438 2661 1554 2682 verum
1572 2662 1657 2693 esse,

199 2695 263 2717 nec
287 2686 513 2717 inducendum
536 2687 640 2718 Tullii
668 2698 786 2728 semper
807 2699 907 2720 secum
927 2690 1055 2729 cogitet,
1069 2691 1192 2721 Thesei
1217 2692 1409 2733 Euripideae
1429 2693 1655 2734 fragmentum

201 2727 316 2770 docet,
333 2729 422 2770 quod
450 2729 647 2771 exprimunt
672 2731 889 2765 Terentiana.
937 2732 1064 2772 Cogiees
1094 2732 1161 2767 Gu.
1186 2737 1215 2765 1.
1239 2735 1335 2767 Both.
1381 2736 1509 2775 Cogites
1534 2742 1568 2768 et
1596 2739 1656 2770 Br.
