1966 3302
300 241 385 281 700
794 254 832 282 P.
865 253 1102 285 TERENTH
1138 257 1253 286 Aeni

302 345 449 386 Etiam
471 345 523 386 de
545 349 660 388 sorte
680 360 792 390 nunc
813 351 939 390 venio
960 351 1002 391 in
1025 351 1208 410 dapium
1230 352 1388 394 miser?
1691 355 1748 396 35

304 412 446 453 Pudet
465 413 597 455 nihil:
630 427 778 456 omnes
800 416 951 458 dentes
973 406 1180 459 labefecit
1195 419 1324 460 mihi:

303 480 520 522 Praeterea
539 482 737 535 colaphis
756 484 882 524 tuber
904 490 972 525 est
992 490 1132 526 totum
1156 489 1304 540 caput.

302 547 444 587 Etiam
468 548 648 602 insuper
668 549 898 592 defrudet?
929 565 1146 605 nusquam
1169 554 1296 593 abeo.
1356 553 1439 593 SY.
1471 552 1531 594 Ut
1552 554 1686 596 lubet.

308 614 534 671 Numquid
554 617 636 665 vis,
661 618 765 673 quin
787 619 976 659 abeam?
1003 672 1008 676 ¹
1037 619 1157 660 SAN.
1190 621 1332 661 Immo
1353 621 1495 661 hercle
1514 620 1596 662 hoc
1629 635 1748 675 quae-

477 697 543 734 so,
563 684 673 737 Syre
692 698 703 736 ;

304 752 369 802 Ut
383 756 434 807 ut
455 752 552 793 haec
576 758 677 793 sunt
697 753 829 803 facta,
851 754 1000 807 potius
1021 767 1152 807 quam
1170 755 1269 796 lites
1293 768 1464 809 sequar,
1691 756 1749 798 40

306 819 457 861 Meum
479 821 586 861 mihi
606 821 836 873 reddatur;
869 822 1029 862 saltem
1049 823 1199 879 qllffllssi
1221 827 1338 864 emta
1358 822 1424 874 'st‚
1456 823 1578 877 Syre.

303 888 408 928 Scio
429 891 471 928 te
492 901 574 928 non
596 901 725 928 usum
748 889 935 929 antehac
959 889 1150 930 amicitia
1169 903 1291 931 mea:

305 955 550 996 Memorem
573 968 641 996 me
667 956 786 997 dices
810 970 920 1007 esse,
942 962 988 997 et
1002 962 1186 1010 gratum.
1247 957 1330 998 SY.
1361 957 1523 999 Sedulo

306 1023 512 1064 Faciam:
544 1024 621 1064 sed
644 1022 955 1077 Ctesiphonem
976 1024 1105 1065 video
1125 1038 1134 1065 z
1164 1024 1294 1066 laetus
1313 1030 1384 1065 est

302 1144 397 1174 miser
411 1143 442 1174 in
454 1144 588 1183 periculo
607 1153 713 1174 versor
727 1144 889 1175 amittendi
914 1148 1026 1176 sortem
1039 1145 1189 1184 pecunioe.
1235 1145 1330 1176 Nullo
1343 1145 1457 1184 pudore
1473 1145 1640 1176 AEschinus
1653 1156 1753 1178 nwve-

303 1190 378 1218 tur?
423 1188 536 1217 Omnes
561 1186 667 1217 dentes
682 1187 834 1217 concussit
849 1187 935 1226 mihi,
950 1188 1085 1226 colaphis
1105 1197 1218 1228 quoque
1239 1192 1330 1228 caput
1345 1191 1443 1218 totum
1469 1188 1666 1226 tumefactum
1682 1194 1728 1220 est
1739 1200 1751 1220 .·

299 1233 452 1270 praeterea
466 1229 560 1259 etiam
575 1239 672 1260 meam
684 1239 748 1259 rem
769 1230 846 1259 milii
859 1240 911 1270 per
917 1230 1065 1268 fraudem
1079 1232 1194 1270 cripere
1209 1231 1331 1262 audebit
1347 1229 1362 1262 ί)
1387 1231 1548 1271 Nusquam
1560 1231 1752 1272 proficiscar,

308 1273 443 1313 Cyprum
473 1282 532 1302 uon
561 1272 610 1302 ibo
621 1283 631 1302 .-
651 1282 819 1312 persequar
840 1273 989 1303 actionem
1016 1275 1160 1304 adversus
1180 1274 1275 1304 illum.
1318 1274 1379 1304 SY.
1405 1273 1470 1304 Fac
1496 1277 1530 1304 ut
1544 1274 1602 1304 tihi
1618 1274 1752 1306 videtur.

305 1315 382 1346 Nisi
408 1315 481 1356 quid
496 1316 623 1345 mundus
639 1315 728 1353 mihi,
744 1315 822 1345 nihil
835 1325 881 1345 me
895 1315 1023 1355 impedit
1039 1316 1114 1356 quin
1136 1316 1251 1347 abeam.
1296 1316 1355 1347 SA.
1381 1315 1479 1347 Immo
1494 1326 1576 1352 sane,
1592 1317 1646 1347 hac
1665 1326 1752 1357 rogo,

304 1357 395 1398 Syre,
407 1361 568 1397 utcumque
584 1358 647 1388 hoec
658 1362 729 1388 sunt
744 1358 775 1388 in
793 1358 949 1397 mefacta,
965 1360 1073 1390 saltem
1089 1359 1203 1397 viginti
1219 1359 1312 1389 minae
1327 1358 1403 1389 mihi
1418 1360 1588 1390 reddantur
1601 1369 1656 1399 pro
1669 1361 1752 1400 puel-

301 1401 340 1430 1ae
352 1401 465 1440 pretio,
480 1400 594 1440 potius,
609 1410 700 1440 quam
719 1400 845 1439 litigare
865 1411 969 1440 cogar.
1014 1402 1085 1432 Scio
1102 1406 1132 1432 te
1147 1403 1276 1433 antehac
1295 1402 1465 1432 amicitiam
1479 1412 1577 1432 meam
1592 1406 1752 1443 expertum

303 1453 363 1474 non
379 1453 453 1480 esse,
479 1447 580 1482 postea
600 1452 762 1481 cognosces
783 1453 830 1473 me
852 1454 912 1474 non
936 1454 999 1474 esse
1014 1445 1217 1475 immemorem
1241 1445 1391 1484 beneficii,
1409 1455 1464 1475 nec
1478 1445 1646 1483 ingratum.
1688 1445 1752 1476 SY.

301 1485 429 1517 Sincere
444 1487 476 1517 id
491 1496 593 1526 agam.
639 1486 703 1517 Sed
721 1485 936 1526 Ctesiphonem
956 1497 1056 1518 cerno.
1103 1488 1237 1518 Exultat
1253 1487 1364 1518 loetz‘tia
1377 1491 1504 1528 propter
1518 1487 1646 1518 amicam
1662 1497 1753 1528 quam

911 1585 930 1597 v!
935 1584 1125 1597 mmm&
1129 1587 1146 1598 t

304 1652 398 1683 Peri.
444 1652 643 1693 Interrogat
669 1653 795 1692 Delph.
824 1657 900 1693 post
928 1653 937 1670 ‘
956 1652 1057 1682 nihii’
1074 1653 1132 1684 sed
1159 1663 1223 1685 non
1250 1654 1349 1693 post‘
1366 1653 1491 1684 miser!
1535 1653 1755 1694 Interrogant

305 1695 458 1736 utrisque
476 1696 506 1726 in
524 1696 603 1726 iocis
625 1696 727 1726 Bent.
745 1696 846 1726 Both.
873 1696 997 1726 Z.—3S
1022 1696 1309 1734 Eiig.def1·auclut:
1334 1697 1381 1727 sic
1407 1702 1441 1727 et
1468 1696 1523 1727 ed.
1548 1702 1666 1728 nostra
1683 1701 1751 1730 vet.

305 1737 426 1769 Heius.
443 1739 569 1770 Miller.
591 1738 773 1769 dederunt,
798 1738 874 1779 Βὶρ.
920 1738 975 1769 Ita
987 1742 1021 1768 et
1037 1738 1120 1769 GM.
1137 1739 1175 1770 Z.
1206 1740 1362 1777 Defrudet
1381 1744 1492 1770 tamen
1507 1740 1573 1770 Do.
1597 1740 1655 1770 Er.
1671 1739 1756 1771 Dae.

305 1781 413 1812 West.
435 1782 540 1812 Bent.
569 1782 642 1812 Riv.
661 1781 876 1821 Fabriciique
898 1790 940 1811 ex
968 1781 1034 1811 suis
1059 1782 1157 1812 codd.
1185 1782 1312 1821 legunt.
1358 1782 1442 1813 Mss.
1457 1782 1590 1823 quidam
1608 1791 1756 1822 nusquam

305 1823 506 1855 abiem—39
525 1825 608 1854 Mss.
626 1824 785 1864 quidam:
812 1824 910 1855 Immo
929 1823 999 1862 jam
1023 1823 1133 1855 hercle.
1179 1825 1247 1856 Ms.
1265 1825 1356 1863 Lips.
1386 1825 1484 1855 Immo
1507 1824 1607 1854 hercle
1633 1834 1755 1864 quaeso:

306 1867 429 1897 omisso
444 1867 509 1898 hoc.
534 1867 639 1897 West.
667 1867 769 1896 Both.
813 1867 910 1897 Immo
935 1876 1035 1905 quaeso
1062 1867 1162 1897 hercle
1188 1868 1253 1898 hoc.
1299 1867 1383 1897 Post
1411 1867 1458 1897 vis
1483 1867 1671 1906 interrogat
1696 1867 1755 1898 ΒΓ.

307 1909 481 1949 ImmoJam
498 1909 613 1941 Guelf.
628 1912 658 1940 2.
705 1909 879 1949 Quoeso].1.
901 1909 990 1940 scire.
1014 1908 1193 1940 Peri-40
1221 1910 1275 1948 Ut,
1293 1913 1325 1940 ut
1342 1909 1435 1940 Pei-l.
1479 1909 1576 1940 Idem
1598 1919 1673 1940 cum
1697 1909 1756 1942 Fa.

307 1952 409 1983 Bent.
427 1957 462 1983 et
479 1952 580 1982 Both.
600 1955 669 1982 actu
686 1962 746 1991 pro
764 1952 867 1988 facta.
914 1952 972 1982 ΒΓ.
995 1950 1070 1988 fata
1094 1952 1195 1991 potius
1220 1952 1291 1982 sine
1315 1951 1548 1983 distinctione.
1593 1950 1709 1983 Guelf.
1726 1955 1758 1984 1.

303 1994 463 2035 potiusque
479 1996 600 2026 omisso
617 1997 802 2035 quam—41
829 1994 945 2025 Rivius
962 1994 1106 2025 Codices
1123 1995 1387 2031 emendatiores,
1413 1999 1447 2025 et
1465 1994 1593 2026 Donati
1609 1995 1756 2026 auctori-

308 2042 412 2068 tatem
437 2042 584 2072 secutus,
609 2038 718 2068 reddat
733 2037 827 2077 legit.
874 2036 987 2077 Atque
1005 2037 1052 2066 ita
1076 2037 1255 2068 ediderunt
1274 2037 1361 2069 Rob.
1376 2037 1581 2077 Stephanus,
1597 2036 1756 2068 Puiman-

308 2090 383 2119 nus,
406 2080 524 2112 Aldus.
568 2080 636 2111 Sed
664 2085 700 2110 et
726 2079 772 2110 ita
800 2079 963 2111 exhibent
981 2080 1053 2109 EV.
1072 2082 1100 2110 l.
1117 2082 1148 2110 2.
1165 2089 1240 2110 cum
1257 2079 1332 2110 EA.
1350 2085 1385 2111 et
1410 2079 1481 2112 ET.
1504 2079 1628 2120 probat
1653 2079 1758 2112 etiam

307 2122 475 2163 Gnyetus.
504 2123 604 2155 West.
650 2123 784 2152 Reddat.
830 2122 884 2152 ΑΙ.
900 2123 1061 2158 reddatur,
1085 2127 1205 2152 conti-a
1221 2126 1376 2153 metrum.
1400 2123 1477 2162 Bip.
1516 2122 1640 2153 Reddat
1655 2122 1758 2155 Both.

307 2169 392 2197 -42
416 2167 499 2197 Mss.
517 2166 665 2206 quidam,
680 2172 714 2195 et
732 2166 805 2195 ΕΡ.
819 2165 960 2204 aiiaeque
977 2170 1125 2202 veteres,
1138 2164 1222 2204 Scio,
1239 2169 1269 2195 te
1281 2175 1340 2196 non
1355 2175 1418 2196 esse
1432 2175 1531 2196 usum.
1566 2164 1657 2205 Gny.
1672 2166 1760 2197 inte-

308 2217 404 2247 grum
421 2210 507 2239 hunc
525 2218 658 2239 versum
678 2212 823 2245 resecat,
841 2209 963 2237 merito
990 2207 1205 2246 improbante
1224 2208 1392 2239 Boeciero.
1420 2208 1520 2239 West.
1566 2206 1636 2237 Scio
1651 2217 1712 2238 mm
1727 2211 1758 2240 te
1816 2220 1818 2222 ¹

307 2261 407 2282 usum.
455 2252 550 2282 Beni.
568 2252 617 2281 ita
633 2251 777 2281 collocat
792 2261 799 2281 :
825 2250 896 2281 Scio
912 2253 943 2280 te
952 2259 1009 2279 non
1027 2259 1114 2280 usum
1128 2260 1138 2280 .·
1162 2250 1210 2281 ita
1226 2256 1261 2281 et
1275 2260 1389 2281 onmes
1405 2250 1476 2289 aiii,
1495 2250 1556 2280 uisi
1576 2249 1666 2290 quod
1682 2255 1758 2290 post

305 2303 393 2324 usum
406 2293 535 2324 addunt
551 2293 688 2324 vei-bum
705 2302 787 2323 esse:
811 2292 899 2332 quod
917 2298 1008 2323 stare
1025 2302 1089 2322 non
1105 2298 1231 2332 potest.
1276 2293 1355 2324 Bas.
1378 2293 1450 2324 Scio
1465 2296 1496 2323 te
1510 2302 1571 2323 non
1583 2302 1646 2324 esse
1660 2302 1758 2325 usum.

310 2337 367 2367 Fa.
413 2337 531 2367 Nostri
548 2346 623 2367 cum
639 2335 831 2366 Basilicano
858 2335 1095 2365 consentiunt:
1121 2335 1184 2365 nisi
1201 2335 1288 2375 quod
1306 2335 1544 2375 Academicus,
1559 2334 1630 2365 Scio
1644 2345 1705 2366 non
1727 2339 1759 2366 te

308 2388 371 2410 esse
385 2389 481 2409 usum.
521 2380 639 2409 Recte.
666 2379 757 2408 Bent.
791 2377 862 2407 Scio
876 2381 905 2408 te
929 2387 988 2407 mm
1010 2386 1073 2407 esse
1090 2378 1147 2408 Br.
1193 2378 1278 2415 Scio,
1293 2381 1322 2408 te
1347 2388 1405 2408 non
1428 2387 1515 2408 usum
1533 2377 1673 2408 amicitia
1695 2387 1759 2409 esse

309 2422 439 2453 antehac
464 2431 530 2452 mea
556 2422 656 2451 Both.
702 2420 896 2451 Lectionem
923 2420 1024 2449 Beut.
1057 2419 1223 2459 improbat
1253 2420 1330 2459 Bip.
1362 2420 1453 2452 ‘Ms.
1479 2420 1518 2451 R.
1542 2424 1577 2450 et
1592 2424 1661 2451 vet.
1679 2420 1758 2451 cod.

310 2464 382 2496 Scio
406 2468 436 2495 te
457 2474 517 2495 non
540 2463 625 2494 esse?
661 2463 842 2494 Lina—43
868 2463 967 2494 Both.
992 2462 1043 2494 M.
1065 2472 1111 2493 mc
1135 2472 1199 2493 esse
1219 2466 1309 2503 atque
1335 2466 1461 2502 gratum
1483 2462 1663 2494 dices—44
1696 2463 1757 2494 ΒΓ.

968 2549 1110 2579 NOTAE

355 2616 397 2645 39
422 2613 578 2654 Numquid
594 2613 733 2652 vis,quin
746 2612 867 2651 abeam]
891 2613 1007 2644 Sermo
1060 2614 1070 2631 ‘
1088 2614 1163 2644 Hoc
1186 2618 1252 2653 est,
1275 2612 1426 2654 significo
1451 2621 1504 2644 me
1531 2611 1625 2643 abire
1637 2610 1660 2646 ζ’
1681 2620 1759 2643 nam

312 2665 533 2701 discedentis,
557 2664 749 2694 sexcenties
769 2673 788 2693 a
812 2664 947 2703 Plauto,
972 2668 1008 2693 et
1062 2664 1189 2696 abituri
1205 2674 1247 2695 ne
1265 2664 1296 2695 id
1315 2664 1397 2694 dui-e
1413 2662 1580 2700 facerent,
1595 2661 1760 2692 dicebant

311 2714 474 2747 Terentio
497 2719 689 2752 usui-patus.
735 2713 888 2743 Donatus
911 2713 952 2743 ad
968 2714 1005 2743 il·
1062 2714 1124 2753 his,
1140 2714 1338 2754 quibuscum
1363 2716 1488 2750 essent,
1506 2710 1665 2752 numquid
1688 2711 1760 2742 vis?

314 2766 371 2796 lud
392 2764 541 2795 Terentii
570 2762 722 2793 Eunuchi
746 2761 835 2793 Actu
855 2766 884 2793 2.
901 2763 1008 2793 Scena
1067 2764 1146 2794 Vous
1180 2763 1300 2804 plait-il
1327 2772 1375 2794 ‹me
1410 2761 1600 2795 commamler
1636 2761 1760 2803 quelque

315 2818 348 2847 3.
386 2816 397 2834 ‘
422 2816 516 2855 Rogo
545 2812 707 2854 numquid
750 2812 855 2849 velit,'
889 2816 1007 2852 notat3
1062 2812 1172 2847 chose?
