1966 3302
454 510 462 520 ⁷
499 528 790 604 PUB.
870 522 1482 605 TERENTII

759 715 1231 775 HECYRA.

267 895 383 928 ACTA
415 897 546 928 LUDIS
578 895 880 928 MEGALENSIB.
916 894 1007 926 SEX.
1038 893 1130 925 JUL.
1164 891 1359 931 CAESARE,
1395 891 1464 924 CN.
1495 887 1721 921 CORNELIO

310 962 578 993 DOLABELLA
602 961 735 992 AEDIL.
760 959 970 992 CURULIB.
1000 958 1097 989 NON
1119 958 1194 988 EST
1218 956 1435 988 PERACTA.
1478 953 1634 985 MODOS
1655 951 1723 982 FE-

312 1027 383 1058 CIT
420 1026 618 1058 FLACCUS
655 1025 837 1065 CLAUDI,
873 1024 1007 1054 TIBIIS
1040 1023 1213 1055 PARIB.¹
1248 1021 1362 1052 TOTA
1392 1018 1556 1051 GRAECA
1591 1016 1725 1048 APOL-

310 1091 497 1122 LODORU
514 1092 529 1109 ²
568 1091 709 1122 FACTA
743 1088 856 1121 EST.3
906 1088 1022 1120 ACTA
1046 1087 1194 1119 PRIMO
1222 1085 1322 1117 SINE
1355 1082 1579 1115 PROLOGO.
1603 1080 1725 1113 DATA

311 1155 532 1196 SECUNDO,
567 1155 638 1187 CN.
664 1154 874 1193 OCTAVIO,
903 1154 941 1185 T.
964 1153 1141 1184 MANLIO
1167 1152 1281 1184 COSS.
1303 1149 1479 1181 RELATA
1501 1148 1588 1179 EST.
1610 1147 1646 1179 L.
1668 1146 1726 1177 AE-

310 1221 441 1252 MILIO
465 1219 613 1251 PAULO
632 1219 763 1250 LUDIS
785 1217 1084 1250 FUNEBRIBUS.
1097 1217 1115 1239 4
1137 1216 1234 1247 NON
1249 1215 1325 1247 EST
1341 1214 1498 1246 PLACIT
1500 1213 1542 1245 A.
1564 1209 1726 1243 TERTIO

313 1285 485 1316 RELATA
521 1285 608 1324 EST,
640 1285 682 1321 Q.
705 1284 881 1323 FULVIO,
915 1283 952 1315 L.
976 1282 1158 1315 MARCIO
1183 1281 1365 1313 AEDILIB.
1388 1277 1599 1311 CURULIB.
1622 1274 1726 1306 EGIT

314 1351 351 1383 L.
378 1349 601 1381 AMBIVIUS
622 1348 804 1380 TURPIO.
828 1346 1031 1378 PLACUIT.

881 1454 936 1465 ‘ee
943 1452 1116 1465 ‘wemno

328 1540 343 1567 1
371 1534 532 1566 Parilibus
557 1535 596 1565 R.
625 1538 659 1564 et
686 1537 771 1564 vett.
796 1532 896 1563 codd.
920 1532 1079 1563 Lina—2
1103 1530 1281 1560 Menandru
1308 1528 1362 1559 Fa.
1394 1528 1494 1558 Bent.
1539 1525 1729 1567 Apollodoru

272 1584 317 1612 est
334 1580 438 1610 Z.—3
466 1578 564 1609 facta
577 1580 623 1607 est
641 1577 770 1606 omittit
796 1576 961 1606 Rom—4
986 1573 1165 1605 Fama-alib.
1193 1573 1315 1602 Bemb.
1357 1570 1621 1602 Funeral.Both.
1658 1569 1730 1599 Ali-

273 1629 325 1654 ter
348 1623 402 1653 hie
421 1622 539 1653 titulus
565 1619 746 1650 exhibetur
770 1619 804 1649 in
833 1617 934 1648 Lind.
959 1617 1039 1656 Bip.
1065 1615 1172 1646 Publii
1201 1615 1337 1646 Terentii
1367 1614 1506 1654 Hecyra.
1539 1613 1623 1644 Acta
1649 1611 1730 1643 ludis

274 1665 438 1702 Romanis,
453 1663 528 1694 Sex.
542 1663 630 1693 ,haio
648 1663 731 1693 Caes.
748 1663 808 1692 Cn.
828 1660 971 1691 Cornelio
988 1659 1152 1690 Dolabella
1167 1657 1266 1689 AEac‘l.
1286 1659 1362 1688 Cur.
1378 1666 1438 1687 mm
1453 1659 1497 1687 est
1512 1657 1638 1696 peracta
1652 1658 1730 1686 tola.

273 1707 465 1745 moclosfecz't
481 1707 612 1737 Flaccus
630 1705 755 1736 Claudii
772 1704 860 1735 tibiis
871 1703 1010 1744 paribus,
1029 1703 1089 1733 Cn.
1108 1701 1253 1738 Octavio,
1269 1701 1304 1731 Τ.
1320 1700 1456 1738 Manlio,
1470 1700 1557 1730 Coss.
1571 1698 1670 1729 relata
1684 1700 1730 1728 est

273 1752 386 1782 iterum
415 1750 495 1781 cuais
513 1748 712 1787 funebribus.
760 1748 876 1778 Remea
896 1749 942 1777 est
958 1745 1064 1783 tertio,
1082 1745 1123 1780 Q.
1142 1744 1172 1775 F
1173 1743 1319 1781 ulvio‚L.
1336 1742 1470 1781 Marcio,
1485 1740 1627 1772 aedilibus
1641 1750 1728 1771 curu·

274 1795 363 1824 libus.
379 1798 415 1824 et
432 1794 479 1823 sic
496 1792 554 1822 ΒΥ.
573 1796 720 1831 excepto
735 1790 894 1830 parilibus.
920 1794 955 1820 at
971 1788 1087 1828 legere
1104 1787 1176 1817 vult
1192 1786 1280 1817 Gov.
1308 1785 1446 1817 Terentii
1462 1784 1602 1824 Hecyra.
1649 1783 1730 1813 Tota

277 1837 391 1867 (ἕπει-α
407 1841 452 1867 est
469 1835 686 1874 ‚apollodor-ou.
704 1834 789 1864 edita
807 1833 865 1863 Cn.
886 1832 1029 1868 Octavio,
1049 1831 1084 1862 Τ.
1101 1829 1222 1860 Manlio
1243 1829 1394 1868 Torquato
1410 1829 1494 1858 Coss.
1524 1826 1607 1857 Acta
1631 1825 1730 1866 primo

274 1880 356 1911 ludis
371 1878 519 1910 Romanis
535 1877 611 1908 Sex.
626 1877 694 1907 Jul.
713 1878 846 1907 Coesare.
885 1875 945 1905 Cn.
975 1875 1070 1905 Corn.
1105 1871 1266 1903 Dolabella
1282 1870 1441 1902 AEdilibus
1466 1868 1642 1903 Caralibus,
1665 1868 1731 1899 sine

276 1923 423 1960 Prologo.
447 1931 507 1951 non
533 1923 579 1951 est
601 1920 729 1959 placita.
775 1918 887 1949 Relata
911 1919 957 1947 est
984 1917 1096 1947 ilerum
1118 1915 1200 1945 ludis
1218 1914 1411 1945 Funebribus
1425 1912 1464 1943 L.
1482 1911 1606 1942 AEmilii
1622 1910 1730 1950 Pauli,

276 1976 334 1996 non
351 1969 397 1996 est
412 1964 525 2004 placita
542 1966 618 1994 tota.
661 1962 779 1994 Relata
805 1964 850 1991 est
878 1960 982 1990 tertio.
1030 1958 1070 1994 Q.
1097 1958 1168 1988 Ful.
1196 1957 1235 1987 L.
1263 1957 1383 1987 Martio
1409 1954 1552 1986 aedr'lz'bus
1566 1953 1731 1984 curulibus.

277 2009 358 2047 Egit
374 2008 413 2038 L.
429 2006 589 2038 Ambit-ias
607 2005 732 2045 Turpio.
748 2005 851 2035 modos
863 2002 944 2040 fecit
963 2001 1111 2032 Claudias
1128 2001 1270 2040 Flaccus,
1289 2000 1400 2031 Claud.
1421 1998 1533 2035 Filius,
1549 1997 1636 2029 tibiis
1646 1996 1733 2037 pari?

279 2051 344 2082 bas.
364 2050 503 2081 Placuit.

762 2232 1028 2264 EXPOSvrlO
1061 2211 1250 2261 Tyrum.

281 2320 381 2351 Aen
406 2325 458 2350 est
476 2320 543 2350 ista
567 2318 681 2349 fabula
697 2317 822 2349 Echira
840 2326 914 2357 quae
936 2315 1102 2357 sequitur,
1119 2323 1217 2355 quam
1235 2313 1375 2344 Lafinus
1391 2312 1539 2344 comicus
1555 2310 1734 2342 Terentius

324 2373 514 2414 composuit
531 2373 619 2403 ludis
638 2371 811 2408 Romanis,
829 2370 862 2401 id
881 2375 932 2401 est
954 2369 1031 2401 dum
1048 2369 1117 2400 ludi
1142 2373 1340 2408 agerentur,
1365 2376 1449 2408 quos
1465 2365 1573 2406 primo
1590 2362 1736 2395 Romani

325 2428 582 2458 adinvenerant.
627 2425 814 2456 Habebant
842 2429 955 2455 autem
987 2423 1096 2462 ludos,
1122 2432 1204 2463 quos
1228 2421 1269 2452 ab
1301 2421 1375 2452 aliis
1405 2418 1565 2459 gentibus
1593 2426 1737 2457 accepe-

323 2486 413 2517 rant,
434 2480 540 2510 Sexto
563 2479 655 2511 Julio
672 2479 820 2517 Caesare,
844 2478 942 2509 Gneo
959 2476 1116 2508 Cornelio
1142 2474 1308 2506 AEdilibus
1332 2473 1504 2506 curulibus
1528 2472 1562 2503 id
1587 2475 1641 2503 est
1663 2469 1735 2501 offi-

325 2535 413 2565 cinm
437 2532 641 2564 habentibus
658 2541 760 2571 supet·
776 2531 903 2561 curiam
920 2534 955 2561 et
974 2534 1139 2561 senatum.
1186 2528 1274 2559 Nam
1288 2527 1400 2559 Julius
1419 2526 1535 2557 Caesar
1551 2534 1610 2565 per
1620 2533 1736 2555 omnes

327 2588 451 2627 gradus
481 2585 697 2617 ascendendo
730 2585 934 2625 dignitatum
967 2584 1124 2624 pervenit
1153 2582 1195 2613 ad
1230 2580 1364 2621 imperii
1392 2579 1536 2620 apicem.
1583 2578 1662 2609 Non
1686 2581 1739 2608 est

327 2644 479 2681 peracta,
496 2639 529 2669 id
547 2643 599 2669 est
616 2647 680 2668 non
693 2643 744 2668 est
762 2639 908 2669 recitata
925 2641 999 2668 tota
1021 2636 1088 2667 ista
1102 2635 1227 2667 fabula.
1271 2634 1331 2665 Bis
1347 2638 1399 2664 est
1414 2632 1570 2663 inchoata
1586 2630 1737 2662 recitari.

327 2694 393 2725 Sud
417 2694 506 2724 sicut
530 2692 601 2732 ipse
625 2692 656 2721 'm
676 2692 813 2731 prologo
838 2691 1020 2730 declamat,
1037 2700 1102 2721 non
1120 2690 1233 2731 potuit
1249 2699 1290 2720 ex
1309 2694 1384 2719 toto
1407 2687 1556 2726 recitari,
1579 2685 1737 2727 quoniam

329 2749 596 2787 supervenerunt
620 2743 689 2773 ludi
714 2743 939 2783 gladiatorum
957 2749 990 2774 et
1009 2742 1204 2774 bestiarum.
1248 2743 1291 2773 Et
1306 2742 1411 2782 coepit
1429 2740 1526 2780 plebs
1539 2739 1687 2780 vulgaris
1702 2744 1739 2770 et

330 2799 413 2832 levis
431 2796 621 2829 vociferare
637 2802 671 2826 et
686 2796 758 2827 illos
773 2795 869 2826 ludo<
885 2801 1116 2837 prospectare,
1131 2795 1358 2837 impeditaque
1377 2799 1429 2825 est
1451 2793 1575 2824 fabula.
1619 2792 1739 2824 'l'ertia
