1966 3302
461 250 881 282 HEAUTowrmona
917 252 1025 282 ACT·
1059 252 1131 281 111.
1164 253 1230 282 sc.
1265 255 1294 282 Ι.
1513 246 1599 286 589

144 343 240 384 ΜΕ.
274 344 404 386 Meus
424 347 606 397 gnatus!
651 345 740 386 CH.
774 345 847 386 Sic
870 350 951 387 est.
1000 348 1096 388 ME.
1128 347 1288 389 Venit!
1335 347 1422 389 CH.
1455 349 1596 391 Certe.

315 411 408 451 ΜΕ.
443 412 588 452 Clinia

143 476 273 519 Meus
294 479 439 521 venit!
501 479 589 519 CH.
627 480 752 520 Dixi.
812 481 910 521 ΜΕ.
945 482 1135 524 Eamus:
1168 483 1252 524 duc
1288 497 1356 524 me
1389 483 1446 524 ad
1480 497 1597 534 eum,

313 548 514 588 obsecro.

141 611 229 653 CH.
263 613 368 654 Non
390 615 481 655 vult
502 619 543 655 te
565 615 674 655 scire
696 627 742 655 se
762 614 929 657 redisse
951 615 1097 665 etiam,
1117 620 1162 656 et
1184 621 1303 657 tuum

139 684 436 739 Conspectum
457 687 629 739 fugitat,
650 692 830 741 propter
850 692 1107 742 peccatum3
1138 695 1231 730 tum
1263 690 1348 731 hoc
1370 691 1509 742 timet,
1542 692 1598 733 25

142 752 214 793 Ne
236 758 308 794 tua
330 753 489 794 duritia
509 755 694 807 antiqua
714 755 792 795 illa
813 755 946 796 etiam
970 756 1162 798 adaucta
1184 758 1258 798 sit.

140 819 237 860 ΜΕ
262 820 364 861 Non
384 827 430 862 tu
451 822 491 861 ei
515 822 685 872 dixisti,
707 827 756 863 ut
776 824 952 864 essem?
1014 823 1102 864 CH.
1125 824 1263 875 Non„
1308 825 1404 866 ΜΕ.
1427 825 1597 876 Quam-

314 889 477 938 obrem,
504 889 718 930 Chreme?

140 953 228 995 CH.
261 953 381 1004 Quia
407 968 614 1008 pessume
636 957 753 998 istoc
775 957 819 997 in
842 962 886 998 te
907 963 1042 1012 atque
1063 960 1107 999 in
1130 960 1257 1000 illum
1279 961 1492 1010 consulis,

139 1021 187 1061 Si
210 1025 252 1061 te
273 1025 358 1062 tam
381 1022 469 1062 leni
487 1029 530 1063 et
555 1024 673 1064 victo
695 1024 840 1065 animo
862 1038 961 1065 esse
983 1028 1247 1067 ostenderis.

139 1087 235 1129 ME.
270 1088 370 1130 Non
392 1103 603 1142 possum:
635 1093 747 1132 satis
774 1091 885 1145 jam,
919 1095 1028 1134 satis
1059 1102 1185 1148 pater
1207 1096 1344 1137 durus
1367 1095 1444 1136 sui.
1507 1096 1595 1137 Cn.

311 1155 379 1196 Ah
397 1157 406 1198 !
1540 1164 1597 1204 30

138 1222 389 1265 Vehemens
410 1225 455 1264 in
477 1232 706 1281 utramque
726 1233 911 1281 partem,
935 1227 1215 1279 Menedeme,
1239 1243 1287 1270 es
1308 1231 1452 1281 nimis,

134 1289 226 1331 Aut
244 1291 443 1344 largitate
463 1293 614 1343 nimia,
636 1300 715 1336 aut
735 1296 1026 1348 parsimonia.

135 1358 189 1398 ln
210 1359 389 1399 eandem
410 1359 626 1413 fraudem,
649 1375 709 1403 ex
729 1363 813 1405 hac
833 1377 893 1414 re,
917 1369 1046 1418 atque
1067 1376 1126 1404 ex
1146 1364 1240 1414 illa,
1262 1365 1444 1406 incides.

136 1425 361 1478 Primum3
393 1428 498 1468 olim
520 1431 686 1482 potius,
711 1445 844 1485 quam
870 1438 1068 1486 paterere
1089 1431 1230 1472 filium

131 1548 203 1582 est?
249 1551 318 1582 Cn.
343 1552 397 1583 Ita
421 1556 478 1583 est.
524 1553 597 1584 ME.
627 1553 740 1584 Venit?
785 1553 853 1584 Cu.
880 1555 982 1585 Certe.
1032 1555 1103 1585 ΜΕ.
1130 1555 1241 1587 Rediit
1267 1567 1352 1588 meus
1367 1558 1482 1599 filius?
1527 1560 1597 1590 Cn.

133 1593 210 1624 Jam
231 1594 308 1625 satis
322 1594 393 1625 dixi
415 1605 483 1626 eum
508 1597 637 1627 venisse.
681 1597 754 1626 ME.
779 1597 922 1634 Eamus;
944 1607 996 1628 oro
1010 1601 1048 1628 ut
1070 1598 1165 1629 ducas
1187 1610 1234 1638 eo,
1256 1600 1307 1630 ubi
1329 1605 1384 1631 est.
1432 1602 1499 1633 CH.
1525 1603 1598 1633 Non

131 1636 199 1667 vult
212 1639 244 1667 te
258 1646 347 1668 suum
361 1638 497 1669 reditum
513 1639 592 1669 scire
602 1649 615 1676 ;
648 1641 743 1670 etiam
759 1642 842 1670 tuam
856 1641 1055 1680 proesentiam
1077 1642 1188 1681 evitat,
1206 1646 1334 1683 propior
1349 1644 1469 1684 culpam
1485 1645 1599 1676 amoris

133 1688 153 1709 α
167 1681 198 1709 te
211 1680 362 1719 prohibiti
374 1691 385 1711 .-
417 1681 527 1712 deinde
542 1682 597 1712 hoc
614 1679 771 1718 formidat
787 1692 825 1713 ne
849 1686 902 1713 tua
915 1683 1052 1722 pristina
1065 1683 1122 1713 illa
1138 1686 1289 1717 severitas
1302 1688 1430 1725 gravior
1435 1688 1528 1725 [κοῖα
1544 1688 1598 1719 sit.

133 1721 208 1752 ΜΕ.
232 1721 286 1753 An
301 1732 362 1753 non
377 1724 491 1754 dixisti
505 1725 533 1755 ei
559 1724 692 1764 qualiter
707 1734 754 1755 me
770 1724 936 1756 haberem!
982 1727 1050 1757 CH.
1076 1727 1150 1757 Non
1174 1728 1254 1759 dixi.
1299 1730 1370 1759 ME.
1399 1730 1427 1759 0
1455 1731 1596 1770 Chreme,

132 1773 226 1804 quare
242 1774 301 1795 mm
318 1765 450 1796 dixisti?
496 1766 564 1798 CH.
589 1766 672 1802 Quia
694 1767 861 1807 pessimum
886 1768 1047 1799 consilium
1062 1769 1146 1810 capis
1169 1772 1316 1802 adversus
1332 1776 1361 1802 te
1387 1776 1418 1802 et
1432 1773 1553 1814 filium,
1569 1775 1598 1804 si

131 1810 164 1836 te
175 1807 311 1846 gesseris
321 1818 396 1847 erga
418 1818 486 1839 eum
500 1812 564 1840 tam.
581 1809 759 1848 indulgenti
773 1813 803 1840 et
818 1810 928 1848 fracto
943 1811 1055 1842 animo.
1098 1813 1174 1843 ΜΕ.
1200 1814 1271 1844 Non
1295 1824 1418 1854 possum
1442 1817 1536 1847 aliter
1550 1827 1597 1848 me

129 1858 250 1888 gerere.
295 1851 360 1881 Fui
371 1852 533 1891 plusquam
549 1862 670 1891 (equum
685 1855 730 1882 est
757 1853 894 1885 acerbus.
939 1853 1008 1884 CH.
1030 1854 1082 1885 Ah
1110 1856 1301 1895 Menedeme,
1323 1858 1417 1888 nimis
1430 1861 1600 1899 prapendes

130 1892 164 1922 in
178 1895 341 1933 utramque
351 1897 485 1933 purtem,
500 1894 533 1925 in
549 1895 700 1925 duritiam
715 1899 745 1925 et
758 1896 1008 1935 indulgentiam;
1026 1907 1134 1937 peccas
1159 1899 1206 1929 vel
1228 1900 1326 1930 nimia
1342 1900 1534 1940 benignitate
1549 1904 1596 1933 vel

131 1935 314 1968 tenacitate:
336 1939 464 1977 utraque
480 1937 537 1969 tibi
548 1938 786 1978 pariterfraudi
801 1939 873 1969 erit.
922 1940 1007 1969 Olim
1016 1942 1386 1984 pertemefecistifilium,
1398 1944 1598 1985 potiusquam

737 2040 814 2052 ΜΝ

131 2108 297 2141 quotquot
322 2109 412 2142 sunt,
436 2104 483 2134 ita
501 2105 637 2145 habent,
663 2106 795 2137 Ubinam
812 2112 870 2147 est,
894 2113 1019 2148 quaeso?
1041 2110 1099 2140 Fa.
1144 2110 1154 2126 ‘
1172 2110 1257 2140 Mss.
1285 2111 1432 2151 quidam,
1459 2118 1494 2143 et
1520 2114 1593 2145 ΕΑ.

132 2145 200 2175 Hic
225 2147 306 2185 apud
331 2157 378 2176 me
401 2147 504 2177 <tomis
532 2149 639 2180 West.
686 2150 695 2166 ⁴
720 2150 839 2181 Nostri
871 2161 1000 2190 omnes,
1026 2152 1091 2183 Hic
1114 2154 1196 2191 apud
1219 2163 1268 2183 me
1290 2155 1382 2185 domi.
1429 2156 1593 2196 Repoue:

130 2189 225 2227 Apud
242 2198 287 2218 me
302 2188 352 2219 hic
367 2189 473 2219 domi!
489 2190 590 2221 Bent.
624 2193 633 2208 ‘
650 2192 729 2222 Vet.
746 2193 822 2224 cod.
846 2194 939 2233 Apud
955 2205 1001 2225 me
1016 2196 1098 2225 domi
1115 2196 1183 2226 est!
1208 2196 1306 2228 Lind.
1354 2198 1414 2228 ΒΓ.
1430 2198 1499 2229 Ha:
1513 2202 1595 2239 apud

129 2241 176 2260 me
206 2232 298 2262 domi.
346 2231 412 2262 Hic
437 2237 516 2263 ante
543 2234 629 2272 apud
654 2234 770 2265 Guelf.
788 2238 818 2266 2.
847 2239 877 2266 3.
923 2239 932 2253 ‘
952 2238 1115 2278 Plerique
1145 2239 1230 2269 Mss.
1260 2246 1293 2269 et
1322 2239 1400 2271 edd.
1435 2248 1517 2272 vett.
1544 2254 1593 2272 re-

130 2273 348 2312 dundantius,
367 2274 432 2305 Hic
446 2285 496 2314 ap.
512 2285 558 2305 me
574 2277 666 2307 domi.
712 2278 774 2308 Fa.
792 2279 904 2310 omisit
920 2280 982 2319 hic,
996 2289 1057 2311 uec
1073 2281 1121 2312 sie
1139 2291 1189 2311 vs.
1202 2287 1347 2314 constat.
1383 2283 1454 2314 Nos
1470 2285 1593 2315 retine-

130 2325 203 2345 mus
218 2316 311 2352 illud,
326 2322 360 2347 et
377 2317 547 2356 rejicimus
574 2319 743 2359 glossema
759 2331 809 2360 ap.
828 2332 877 2352 ‘me
903 2331 945 2352 ex
969 2323 1058 2354 Eun.
1078 2333 1128 2354 ιν.
1153 2327 1184 2354 6.
1199 2327 1229 2354 9.
1258 2325 1450 2365 ingestum!
1472 2328 1594 2367 Rip.—

129 2360 172 2388 22
195 2358 249 2389 Sic
264 2359 311 2390 ita
327 2362 372 2389 est
388 2360 503 2390 Guelf.
528 2362 558 2390 1.
595 2363 648 2392 Ita
670 2367 716 2393 est
745 2366 864 2395 2.-24
889 2364 1078 2405 Distinguit
1104 2366 1163 2397 ΒΓ.
1192 2371 1271 2406 post
1297 2369 1431 2400 redisse:
1466 2372 1595 2411 redisse,

129 2401 225 2431 etiam
240 2404 368 2432 θεὴ-25
393 2402 534 2443 Corrige
553 2412 690 2442 pravam
709 2405 977 2445 distinctionem,
994 2408 1056 2440 hoc
1083 2409 1201 2440 modo:
1230 2410 1430 2450 Conspectum
1448 2412 1593 2451 fugitat:

125 2447 253 2483 propter
275 2447 433 2484 peccatum
449 2445 504 2476 hoc
532 2447 634 2477 timet.
658 2448 761 2480 Bent.
808 2450 942 2481 Probat
958 2451 1053 2483 Perl.
1100 2452 1140 2482 In
1166 2453 1244 2491 Rip.
1274 2453 1421 2493 legitur:
1448 2455 1486 2485 C.
1500 2456 1532 2492 f.
1557 2458 1594 2487 ab

124 2491 304 2525 peccatam.-
342 2490 365 2518 t.
393 2488 424 2518 11.
451 2491 474 2519 t.
521 2488 599 2519 Tum
625 2491 790 2522 omittunt
817 2492 857 2523 Z.
882 2493 1064 2525 Perh—26
1088 2494 1149 2525 Illa
1175 2495 1313 2534 antiqua.
1353 2497 1450 2527 Bem-
1478 2504 1513 2528 et
1537 2500 1592 2530 Vii

128 2529 259 2568 antiqua
271 2529 347 2560 illa:
371 2539 446 2570 quae
465 2531 655 2571 elegantior
679 2534 817 2564 videtur
844 2536 1039 2568 collocatio.
1065 2537 1124 2568 F«.
1171 2540 1179 2554 ‘
1201 2539 1318 2569 Nostri
1338 2548 1453 2571 omnes
1466 2542 1521 2571 illa
1537 2552 1593 2572 ‹m-

129 2571 226 2610 tiqua.
275 2572 418 2603 Nescias
451 2577 563 2604 utrum
593 2575 713 2605 malis.’
751 2577 849 2608 Bent.
907 2580 916 2595 ‘
945 2579 1024 2610 Vet.
1055 2580 1133 2610 cod.
1163 2581 1298 2611 adaucta
1327 2582 1410 2613 siet)
1449 2584 1592 2614 Lind.—

128 2616 170 2643 28
193 2613 303 2644 Codd.
328 2615 430 2646 Rent.
456 2616 489 2646 in
515 2616 614 2648 illum.
660 2617 700 2648 In
717 2619 800 2651 libb.
827 2621 934 2662 antiq.
960 2631 1026 2652 non
1047 2629 1100 2652 est
1123 2623 1185 2653 hoc
1212 2624 1360 2655 alterum
1385 2626 1430 2657 in.
1456 2626 1592 2658 Peuk—

129 2657 171 2686 29
195 2657 274 2687 Vet.
292 2657 367 2688 cod.
395 2658 459 2692 Qui
476 2662 517 2689 te.
543 2659 642 2691 Lind.
690 2662 699 2678 ⁶
718 2662 762 2692 Et
789 2663 872 2693 victo
898 2674 962 2695 esse
987 2665 1100 2695 animo.
1145 2666 1225 2696 0.l.
1240 2677 1266 2697 s.
1284 2671 1313 2697 et
1332 2677 1359 2698 v.
1374 2677 1404 2699 a.
1421 2669 1508 2700 esse!
1533 2670 1591 2701 Fa,

129 2701 138 2714 ‘
153 2698 279 2735 Animo,
295 2700 384 2739 quod
407 2701 547 2731 minime
567 2703 734 2742 oportuit,
757 2705 789 2734 in
808 2706 910 2736 'rhesi
928 2707 1111 2737 delitescit.
1158 2708 1250 2748 Ergo
1267 2715 1362 2739 recte
1377 2711 1491 2749 habet,
1513 2716 1542 2742 ee
1559 2722 1590 2741 v.

129 2750 193 2770 esse
205 2741 247 2770 a.'
272 2742 373 2772 Bent.
411 2742 464 2773 Ita
483 2753 616 2784 quoque
634 2745 824 2778 Rom—30
848 2748 948 2780 Beth.
964 2753 996 2779 at
1015 2760 1076 2790 pro
1091 2750 1227 2781 alu—31
1255 2751 1358 2791 Lege,
1382 2759 1418 2784 ut
1435 2753 1562 2784 melior«
1577 2764 1590 2785 s

129 2781 212 2813 fiant
237 2786 380 2824 numeri,
409 2785 447 2815 V.
476 2790 636 2827 utramque
659 2787 694 2819 in
716 2793 849 2829 partem.
873 2792 1063 2824 Bent.—33
1088 2793 1190 2832 Atque
1211 2794 1282 2824 illac
1303 2795 1420 2827 incides
1445 2797 1591 2828 Both.»-
