1966 3302
352 231 460 274 1008
847 244 886 275 P.
919 232 1160 294 ‘ruizENrii
1196 246 1310 277 Arm

346 338 576 389 Eveniunt,
599 351 700 392 quae
720 351 805 379 non
828 339 993 380 audeas
1016 340 1193 393 optare!
1227 340 1391 382 offendi
1413 340 1673 391 adveniens,

348 406 545 457 Quicum
565 407 786 458 volebam,
807 411 944 460 atque
967 411 1014 447 ut
1034 408 1255 458 volebam,
1277 409 1543 451 collocatam
1562 410 1718 451 filiam.

347 473 484 524 Quod
504 486 587 515 nos
609 475 741 516 ambo
763 488 894 528 opere
910 488 1122 516 maxumo
1146 476 1363 517 dabamus
1384 490 1576 531 operam,
1590 482 1641 518 ut
1661 477 1799 528 fieret,

345 542 451 583 Sine
470 547 624 583 nostra
643 555 765 593 cura,
786 555 999 584 maxuma
1022 556 1104 584 sua
1125 558 1245 595 cura,
1266 545 1361 586 haec
1383 546 1482 586 sola
1503 544 1632 587 fecit.

346 610 424 651 So.
456 609 588 651 Nunc
609 610 717 664 quid
745 623 861 664 opus
898 610 1017 652 facto
1054 612 1125 662 sit,
1159 613 1272 653 vide.
1332 612 1466 654 Pater
1501 611 1802 654 adolescentis

516 678 659 730 venit;
1746 680 1806 720 35

344 743 545 799 Eumque
564 746 712 786 animo
734 745 886 800 iniquo
905 747 986 788 hoc
1010 747 1176 800 oppido
1198 748 1307 789 ferre
1330 748 1466 789 aiunt.
1527 748 1688 790 CHRE.
1723 746 1803 790 Ni-

517 813 580 854 hil
611 814 766 868 pericli
790 813 860 855 'st.
1591 815 1597 820 '

343 880 432 922 Sed
453 895 534 936 per
552 882 676 923 Deos
708 886 842 935 atque
870 881 1097 923 homines!
1128 895 1272 924 meam
1306 895 1404 924 esse
1434 882 1561 933 hanc,
1593 895 1704 925 cave
1738 895 1804 924 re-

514 950 678 1004 sciscat
697 950 945 1005 quisquam.
1180 963 1184 967 ⁴

344 1017 421 1058 So.
455 1016 601 1059 Neine
622 1031 681 1058 ex
701 1031 771 1059 me
794 1018 943 1059 scibit.
1005 1016 1164 1060 CHRE.
1186 1017 1376 1071 Sequere
1397 1030 1494 1060 me:
1515 1017 1634 1060 intus
1654 1021 1804 1060 cetera

517 1086 684 1127 audies.

341 1188 497 1227 insperata
512 1185 669 1225 eveniunt,
690 1195 759 1226 quae
784 1195 822 1216 ue
844 1184 926 1216 votis
951 1184 1074 1224 quidem
1093 1188 1201 1225 petere
1215 1185 1380 1216 audeamus
1393 1184 1408 1215 !
1427 1182 1558 1225 peregre
1572 1192 1725 1224 reversus,
1733 1182 1805 1221 for-

341 1230 420 1261 tuito
433 1229 538 1260 inveni
553 1239 621 1260 cum
633 1239 679 1269 eo,
693 1239 761 1260 cum
772 1238 829 1269 quo
844 1228 1011 1269 cupiebam,
1026 1232 1056 1259 et
1069 1229 1213 1268 quomodo
1227 1228 1362 1259 volebam
1368 1227 1477 1269 filiam
1492 1236 1590 1258 meam
1605 1226 1804 1260 matrimonio

340 1275 553 1313 conjuncturus
590 1273 681 1308 Quod
692 1282 747 1302 nos
761 1271 860 1310 ambo,
878 1281 948 1310 ego,
965 1275 995 1302 et
1003 1270 1112 1309 frater
1127 1271 1293 1310 Demipho,
1306 1280 1508 1311 summopere,
1524 1273 1555 1301 et
1569 1268 1660 1301 enixe
1674 1269 1806 1300 conaba-

341 1326 411 1347 mur
418 1315 538 1354 facere,
554 1316 619 1346 hoec
633 1325 711 1345 auus
725 1316 789 1345 sola
804 1315 870 1345 sine
886 1314 988 1344 labore
1003 1317 1121 1353 nostro,
1136 1318 1169 1344 ut
1184 1314 1239 1345 illa
1253 1324 1372 1344 summu
1387 1315 1489 1345 labore
1499 1323 1553 1343 suo
1567 1311 1710 1353 perfecit.
1743 1312 1804 1344 So.

343 1359 437 1390 Nunc
452 1359 589 1399 prospice
604 1359 677 1398 quid
682 1358 761 1400 fieri
776 1360 919 1396 oportet;
942 1367 1014 1387 mim
1026 1360 1117 1398 pater
1132 1357 1322 1397 Antiphonis
1337 1357 1475 1395 advenit,
1491 1365 1629 1396 eumque,
1642 1355 1697 1386 hoc
1710 1364 1803 1395 prop-

342 1405 391 1433 ter
405 1402 648 1440 matrimonium,
662 1401 858 1432 vehementer
870 1400 987 1431 iratum
1009 1410 1075 1431 esse
1100 1399 1220 1431 dicunt.
1265 1400 1334 1431 CH.
1361 1400 1452 1431 Nihil
1466 1399 1538 1430 hinc
1553 1399 1591 1430 ab
1605 1398 1659 1429 illo
1670 1397 1804 1439 periculi

341 1446 539 1482 metuendum
555 1448 599 1474 est
609 1455 619 1474 .·
641 1445 693 1476 sed
706 1453 762 1484 per
777 1444 861 1475 Deos
876 1446 968 1484 atque
992 1443 1131 1474 homines
1145 1447 1176 1474 te
1192 1443 1338 1483 obtestor,
1364 1452 1437 1473 cave
1451 1452 1488 1473 ne
1503 1442 1663 1483 quisquam
1678 1440 1804 1481 cogno&-

342 1491 393 1519 cat
419 1499 437 1519 a
461 1492 491 1519 te
514 1488 648 1528 puellam
678 1487 756 1518 hanc
780 1496 844 1517 esse
864 1496 962 1517 meam
978 1486 1098 1527 filiam.
1142 1486 1201 1517 So.
1229 1487 1327 1518 Nemo
1351 1495 1390 1517 ex
1414 1496 1460 1518 me
1480 1485 1514 1517 id
1543 1484 1686 1526 accipiet.
1732 1483 1801 1515 Cu.

342 1531 478 1572 Sequere
492 1540 550 1571 me,
566 1530 652 1562 intus
666 1530 700 1561 in
711 1529 828 1561 aedibus
846 1533 948 1561 cetera
963 1529 1022 1560 tibi
1036 1529 1207 1561 declarabo.

955 1623 1194 1637 eeeeeeeeeeee

342 1693 441 1725 abest
458 1693 500 1724 ab
518 1693 676 1725 EP.—32
699 1693 803 1733 Atque
828 1695 863 1723 ut
886 1692 1023 1723 volebam
1038 1691 1163 1723 absunt
1178 1701 1196 1722 a
1221 1691 1322 1722 Witt.
1346 1699 1423 1721 mox
1450 1690 1546 1721 Bem.
1564 1688 1602 1720 in'
1622 1688 1686 1720 hae
1703 1693 1804 1729 parte

342 1737 537 1776 mendosus,
551 1736 653 1767 habet
668 1736 855 1766 conlocatam
865 1738 987 1766 amari.-
1004 1744 1063 1766 nos
1077 1734 1260 1776 legendum
1277 1738 1444 1774 putamus,
1460 1734 1647 1764 conlocatam
1660 1735 1803 1772 gnatam,

342 1785 381 1811 ut
397 1789 513 1811 versus
530 1779 576 1811 sit
602 1778 711 1810 Iamb.
739 1783 876 1810 tetram.
894 1779 1054 1810 catalect.
1080 1782 1118 1808 nt
1134 1777 1255 1815 ceteri,
1271 1786 1339 1807 non
1367 1780 1480 1807 tamen
1496 1780 1687 1807 mutamus:
1711 1779 1802 1807 cete-

342 1832 417 1854 rum
434 1832 495 1864 pro
509 1822 643 1863 quicum,
660 1822 750 1852 idem
767 1821 866 1857 liber,
883 1826 920 1852 et
938 1821 1031 1852 vict.
1057 1826 1092 1852 et
1108 1821 1206 1851 multi
1230 1820 1287 1851 alii
1308 1819 1434 1850 habent
1449 1829 1588 1859 quocum.
1613 1818 1671 1850 Fa.
1718 1818 1801 1853 Quo-

340 1876 409 1897 cum
424 1865 571 1902 volebam,
597 1869 686 1905 atque
699 1869 735 1896 ut
750 1864 895 1904 volebam,
910 1865 1086 1896 collocatam
1099 1863 1221 1905 silium.>
1262 1863 1319 1894 Sic
1343 1862 1439 1893 dedit
1461 1861 1623 1900 Faernus,
1644 1865 1680 1892 et
1702 1870 1818 1891 versu.

339 1909 551 1948 indignante,
569 1913 604 1940 et
620 1910 707 1949 ipso,
722 1908 778 1949 qui
792 1912 922 1947 gnatam
937 1917 980 1938 ex
996 1907 1193 1947 conjectura
1220 1906 1350 1936 maluit.
1397 1905 1530 1941 Quicum
1553 1903 1673 1942 nostrI,
1689 1910 1725 1934 et
1741 1904 1802 1935 Pr.
1837 1905 1839 1907 ’

340 1962 377 1993 p.
393 1954 469 1982 934.
514 1952 591 1983 Hoc
616 1956 727 1982 recte.
773 1952 935 1983 Ceterum
962 1950 1046 1981 illud
1069 1950 1102 1980 in
1120 1949 1289 1980 Bembino
1305 1948 1506 1986 notandum,
1522 1946 1697 1988 profiliam
1721 1947 1802 1986 poni

339 1995 450 2034 amari,
466 1996 559 2026 nulia
582 1994 760 2025 literarum
786 1993 1018 2025 similitudine.
1062 1992 1104 2023 Id
1132 1992 1211 2022 mihi
1241 1991 1377 2032 videtur
1393 2001 1413 2022 a
1439 1995 1636 2022 correctore
1660 1989 1802 2020 metrico

341 2043 466 2078 ortum,
479 2043 517 2069 ut
530 2047 646 2069 versus
662 2037 903 2077 suppleretur:
928 2036 983 2066 cui
995 2035 1044 2066 rei
1058 2035 1158 2065 fidem
1174 2034 1260 2065 facit
1273 2044 1358 2064 unus
1374 2044 1415 2064 ex
1429 2034 1570 2074 nostris,
1585 2043 1604 2064 a
1620 2031 1802 2074 quofiliam

340 2081 447 2117 abest,
471 2091 534 2112 nec
566 2081 637 2121 ejus
665 2080 740 2111 vice
770 2080 950 2120 quicquam
980 2078 1214 2109 substituitur.'
1257 2078 1309 2108 Ex
1337 2076 1387 2108 his
1414 2076 1547 2107 indiciis
1578 2076 1629 2107 sic
1658 2084 1801 2116 repono,

342 2124 477 2159 Quicum
499 2123 637 2155 volebam
663 2126 755 2162 atque
781 2127 814 2154 ut
839 2122 975 2153 volebam
990 2121 1098 2163 filiam
1120 2121 1262 2151 locatam.
1307 2119 1409 2161 Apud
1436 2119 1650 2151 Priscianum
1674 2123 1801 2158 tamen,

343 2168 532 2198 Collocatam
549 2166 667 2208 filiam.
692 2166 793 2197 Bent.
822 2169 857 2196 et
884 2166 932 2200 sic
950 2165 1044 2195 Peri.
1083 2163 1132 2194 At
1154 2163 1350 2195 conciliatam
1372 2173 1474 2194 amore
1499 2162 1579 2202 Bip.
1597 2170 1662 2202 quo
1680 2160 1800 2202 judice

342 2212 351 2226 ‘
371 2211 480 2250 poscit
495 2210 576 2240 illud
589 2212 624 2240 ut
639 2209 785 2248 volebam,
800 2219 842 2240 ne
856 2208 983 2240 frustra
999 2207 1128 2238 dictum
1141 2207 1197 2247 sit,
1211 2216 1325 2238 amore.
1348 2206 1495 2237 Dixerat
1512 2205 1583 2237 scil.
1609 2205 1802 2245 Sophrona,

340 2257 373 2284 ut
388 2263 496 2284 amans
511 2254 621 2284 habere
634 2255 735 2292 posset
749 2253 814 2282 sine
829 2253 910 2283 dote.
959 2252 1160 2282 conlocatam
1175 2260 1256 2281 vero
1269 2260 1338 2283 cum
1350 2247 1452 2290 aitqua
1474 2249 1549 2289 quis
1572 2247 1682 2279 fei-at?
1715 2247 1802 2280 Rec-

341 2296 406 2327 tius
420 2296 594 2336 conciliari,
610 2299 648 2326 ut
663 2295 868 2334 reconciliari,
882 2304 951 2325 cum
965 2304 1032 2334 quo.
1072 2294 1116 2324 Et
1131 2303 1173 2325 eo
1190 2293 1293 2325 verbo
1311 2302 1388 2324 usus
1403 2296 1457 2323 est
1472 2292 1589 2323 Plaut.
1602 2291 1635 2322 iu
1650 2290 1802 2322 honestis

340 2339 469 2379 nuptiis
485 2340 576 2370 'ri-in.
600 2347 641 2369 ιι.
666 2341 741 2369 104.
757 2343 793 2368 et
811 2349 865 2379 ap.
884 2338 974 2377 Nep.
995 2345 1083 2367 xxv.
1102 2339 1154 2367 12.
1177 2339 1209 2367 2.
1233 2336 1360 2376 dicitur
1385 2335 1569 2366 conciliator
1592 2332 1801 2374 meptiarum!

342 2383 498 2413 collatam
525 2382 748 2422 superscript.
775 2382 956 2412 collocatam
977 2379 1094 2412 Guelf.
1109 2382 1228 2410 3.-33
1253 2379 1310 2410 Ita
1325 2389 1355 2410 o.
1371 2379 1391 2410 1.
1410 2388 1435 2409 s.
1452 2377 1543 2418 apud
1561 2377 1621 2408 Fa.
1636 2381 1672 2407 et
1698 2377 1801 2408 Bent-

339 2425 348 2441 ‘
369 2424 423 2455 Αἰ.
439 2425 511 2457 ord.
527 2425 596 2456 dab.
613 2425 731 2465 utfier.
747 2425 841 2464 oper.’
863 2423 1044 2455 Peri-34
1069 2422 1149 2453 Dno
1165 2432 1208 2453 ex
1222 2422 1347 2454 nostris
1361 2431 1518 2452 maxume.
1563 2419 1731 2452 Nimirum
1747 2419 1801 2450 hic

340 2477 457 2498 versus
475 2478 494 2498 a
509 2468 599 2499 mala
614 2477 715 2498 manu
732 2473 797 2498 est.
833 2467 1017 2498 Coi-rector
1033 2465 1153 2507 aliquis
1171 2465 1253 2496 illud
1268 2465 1278 2482 ‘
1291 2464 1391 2498 Quod
1409 2463 1495 2504 nos,’
1519 2463 1607 2505 quod
1626 2461 1669 2494 ad
1684 2461 1801 2503 priora

339 2510 502 2548 refertur,
518 2514 596 2552 post
622 2520 657 2541 se
675 2509 801 2551 aliquid
818 2519 884 2551 qno
910 2508 1078 2540 referatur
1105 2509 1281 2549 requirere
1308 2507 1467 2549 putabat,
1490 2511 1525 2537 et
1540 2506 1629 2537 hunc
1653 2505 1800 2545 benigne

339 2554 543 2584 versiculum
561 2554 604 2585 d'e
621 2563 681 2584 suo
698 2553 863 2585 donabat.
909 2553 1070 2584 Ceterum
1087 2550 1310 2582 distinctione
1338 2554 1472 2581 mutata
1488 2550 1569 2580 nihil
1593 2549 1656 2579 hoc
1672 2547 1800 2579 emble-

340 2601 430 2627 mate
449 2597 514 2627 erit
530 2606 626 2635 opus.
650 2597 747 2627 Bent.
781 2596 813 2627 A
827 2605 892 2636 quo
907 2595 1113 2626 dissentiunt
1127 2595 1206 2635 Bip.
1223 2595 1328 2625 Zeun.
1345 2595 1353 2610 ‘
1370 2593 1544 2633 distinguo
1561 2595 1638 2633 post
1651 2599 1800 2622 maxuma

340 2649 416 2669 cum
441 2639 520 2670 Par.
549 2640 611 2670 Be.
640 2640 713 2670 Mu.
738 2648 804 2669 non
834 2648 909 2670 cum
937 2639 1012 2670 We.
1036 2643 1115 2678 post
1141 2637 1238 2668 curu!
1262 2637 1355 2668 Perl.
1400 2636 1409 2652 ‘
1427 2636 1495 2667 Ms.
1518 2636 1559 2666 R.
1586 2633 1719 2665 maxime
1741 2643 1799 2664 sua

339 2681 439 2712 cura.'
464 2682 647 2713 Lind.--35
676 2683 762 2722 Opus
784 2682 858 2722 quid
881 2681 924 2712 sit
941 2679 1033 2719 facto
1057 2680 1158 2711 Both.
1188 2683 1232 2711 est
1257 2680 1307 2710 M.
1326 2679 1370 2711 G.
1386 2678 1459 2710 ΕΡ.
1474 2682 1511 2709 at
1534 2679 1630 2708 Bem.
1654 2680 1689 2708 et
1706 2675 1798 2708 Vict.

338 2723 382 2754 sit
399 2726 556 2763 apposite
573 2724 614 2754 ad
633 2726 799 2756 rationem
818 2733 943 2756 versus.
965 2723 1023 2755 Fa.
1069 2723 1122 2754 Ex
1139 2723 1330 2754 Meadianis
1355 2722 1443 2753 alter
1465 2721 1531 2757 sit,·
1553 2719 1660 2751 ceteri
1677 2728 1800 2760 perpe-

341 2776 412 2796 ram
428 2771 483 2797 est.
507 2767 695 2798 Belin—37
723 2769 806 2798 Cave
832 2767 932 2798 abest
948 2776 967 2796 a
990 2766 1088 2797 Witt.
1110 2775 1183 2797 cave
1205 2775 1269 2798 esse
1292 2766 1372 2796 hanc
1397 2774 1495 2795 meam
1518 2763 1674 2794 resciscat.
1697 2762 1798 2793 Both.

342 2810 546 2841 tacite.—38
572 2810 625 2841 lta
644 2811 721 2841 Bas.
749 2820 864 2842 versus
888 2809 1083 2850 impeditus,
1099 2814 1136 2842 et
1152 2812 1189 2842 ut
1205 2813 1287 2850 puto
1301 2809 1336 2841 in
1364 2807 1517 2840 omnibus
1540 2805 1635 2838 libris
1658 2804 1797 2838 mendo-
