1966 3302
625 211 840 242 HEGYRAE
873 212 984 244 Acr.
1017 213 1091 244 111.
1120 213 1188 244 sc.
1221 215 1253 246 1.
1571 206 1657 250 833

207 307 238 349 J
242 320 314 350 am
331 307 376 348 in
395 306 478 348 hac
500 319 559 357 re,
581 309 630 348 ut
650 312 837 359 taceam,
859 309 1002 351 cuivis
1021 310 1156 353 facile
1173 310 1286 353 s'citu
1305 314 1386 363 est,
1407 323 1540 365 quam
1559 311 1654 353 fue-

377 375 456 415 rim
476 374 609 414 miser
626 388 636 416 :
1594 380 1651 422 15

204 441 369 483 Tamen
402 454 626 495 nunquam
650 454 787 483 ausus
811 457 914 484 sum
934 458 1137 486 recusare
1159 459 1271 495 eam,
1293 458 1426 499 quam
1446 446 1551 488 mihi
1574 448 1652 489 ob-

371 509 510 549 trudit
529 513 672 563 paterss

196 575 294 617 Vix
305 589 375 617 me
395 576 517 617 illinc
536 577 753 630 abstraxi,
766 582 897 632 atque
914 577 1175 632 impeditum
1194 580 1240 621 in
1261 593 1315 622 ea
1329 581 1542 635 expedivi
1560 582 1652 623 ani-

367 657 486 685 mum
506 658 675 696 meum;

195 709 377 764 Vixque
398 712 482 753 huc
502 713 768 753 contuleram
786 726 796 764 ;
829 713 928 753 hem
946 714 955 755 !
986 727 1103 756 nova
1123 727 1193 756 res
1213 718 1309 757 orta
1328 715 1395 767 ’st‚
1427 729 1562 770 porro
1594 719 1651 759 ab

366 779 449 820 hac
475 793 577 832 quae
597 793 665 821 me
685 781 923 823 abstrahat.

193 844 310 886 Tum
329 849 506 887 matrem
527 860 583 887 ex
603 860 655 888 ea
676 860 720 888 re
742 861 827 898 me,
843 852 919 889 aut
936 862 1134 900 uxorem,
1151 850 1197 891 in
1219 850 1350 905 culpa
1369 852 1649 895 inventurum

370 914 584 966 arbitror3

195 979 333 1032 Quod
352 982 418 1022 ita
438 995 539 1023 cum
560 995 661 1023 esse
684 982 906 1033 invenero,
921 983 1026 1038 quid
1047 989 1196 1035 restat,
1218 986 1304 1027 nisi
1324 999 1455 1041 porro
1475 993 1526 1030 ut
1545 989 1646 1031 fiam

363 1050 494 1091 miser
509 1051 529 1091 ’.Ρ
726 1055 845 1153 -Ϋ
1592 1059 1650 1099 20

192 1173 260 1204 dico
275 1183 391 1213 amore,
406 1175 465 1206 etsi
475 1175 556 1206 nillil
570 1176 682 1212 dicam,
698 1175 823 1216 quisque
831 1175 926 1214 facili
940 1176 1063 1215 negotio
1077 1177 1190 1207 rescire
1201 1180 1318 1218 potest,
1333 1183 1449 1218 quanta
1464 1179 1651 1218 infelicitate

186 1225 314 1256 pressus
319 1217 453 1255 fuerim,
469 1218 506 1248 ob
522 1219 588 1257 ejus
607 1218 772 1249 Bacchidis
789 1219 914 1258 jurgia,
927 1223 957 1250 et
964 1219 1100 1256 fastidia
1113 1230 1125 1255 ;
1150 1223 1252 1251 tamen
1267 1230 1420 1260 nunquam
1436 1232 1550 1261 negare
1562 1221 1650 1262 patri

190 1267 283 1290 ausus
295 1269 374 1298 sum,
386 1261 418 1290 in
431 1271 556 1292 uxorem
571 1261 709 1301 accipere
721 1271 799 1300 eam,
814 1272 903 1301 quam
919 1263 996 1293 mihi
1015 1272 1071 1302 per
1091 1263 1157 1292 vim*
1168 1262 1219 1293 ille
1235 1262 1355 1301 objecit.
1407 1264 1470 1295 Vix
1486 1274 1533 1295 me
1547 1274 1651 1295 amore

190 1300 361 1332 Bacchidis
373 1304 482 1342 avulsi,
490 1307 581 1344 atque
593 1305 626 1334 in
637 1314 672 1334 ea
683 1305 860 1335 devinctum
869 1305 1006 1336 animum
1019 1315 1117 1336 meum
1130 1305 1269 1345 liberavi,
1279 1307 1392 1347 vixque
1403 1317 1538 1339 amorem
1550 1318 1649 1338 meum

189 1353 210 1374 a
225 1344 383 1377 Bacchide
397 1346 430 1376 in
445 1347 523 1377 hanc
538 1357 636 1378 meam
651 1357 779 1378 uxorem
795 1347 1014 1378 Philumenam
1030 1351 1269 1379 transverteram
1283 1358 1295 1384 ,·
1316 1349 1397 1386 hem,
1411 1360 1515 1381 recens
1521 1351 1648 1389 factum

189 1386 297 1418 deiude
311 1388 445 1428 obvenit,
459 1393 586 1429 propter·
600 1391 679 1430 quod
695 1390 812 1420 invitus
827 1391 864 1421 ab
880 1391 937 1421 hac
952 1391 1115 1422 divertam.
1161 1391 1321 1422 Praeterea
1334 1402 1374 1424 ea·
1381 1393 1436 1423 hac
1448 1394 1648 1430 dissensione,

187 1439 239 1460 me
250 1435 477 1471 compertarum
491 1436 564 1473 puto
588 1437 694 1463 utrum
720 1437 819 1464 mater
839 1444 919 1471 meu,
944 1444 985 1464 an
999 1443 1092 1473 uxor,
1115 1434 1157 1464 sit
1173 1434 1236 1472 ejus
1249 1445 1354 1474 causa,
1369 1439 1399 1466 et
1413 1437 1512 1475 origo.
1558 1437 1648 1472 Quod

187 1481 259 1504 cum
279 1484 459 1516 cognovero,
483 1476 558 1516 quid
578 1476 656 1507 mihi
684 1480 835 1516 superest,
859 1477 923 1508 nisi
946 1480 980 1508 ut
1005 1476 1041 1507 in
1060 1480 1218 1517 posterum
1240 1478 1275 1509 in
1298 1478 1431 1510 miseriis
1446 1484 1476 1510 et
1502 1479 1648 1511 (erumnis

799 1580 1042 1594 eeeeeeeeeee

188 1653 256 1686 que
271 1645 360 1676 enim
383 1646 393 1663 ‘
407 1645 591 1677 Gentium'
615 1646 689 1678 fere
704 1647 805 1678 aliter
821 1658 919 1688 qnam
937 1648 1294 1689 adverbiisjungitur.
1317 1650 1432 1682 Plaut.
1449 1651 1524 1682 Mil.
1541 1660 1598 1683 111.
1615 1655 1643 1683 1.

187 1691 241 1720 91.
269 1688 368 1719 West.
385 1689 481 1720 deest
494 1699 622 1730 usquam
637 1691 672 1720 in
692 1691 750 1721 Br.
764 1690 848 1722 GM.
868 1691 1033 1723 Hah—15
1059 1692 1158 1723 Addo
1174 1697 1287 1732 est‚ex
1302 1694 1398 1725 Beni.
1415 1695 1494 1725 Vat.
1511 1700 1545 1725 et
1562 1695 1644 1726 Bas.

188 1731 279 1771 quod
303 1737 339 1762 et
364 1731 398 1762 in
413 1732 508 1763 Vict.
536 1737 623 1770 erat,
647 1733 708 1764 sed
736 1738 854 1773 postea
881 1734 1037 1765 abrasum
1064 1734 1139 1766 fuit.
1165 1736 1224 1767 Fa.
1269 1737 1352 1767 Tres
1370 1747 1412 1767 ex
1428 1738 1551 1768 nostris
1568 1747 1644 1769 cum

187 1773 278 1805 Edd.
294 1778 378 1805 vett.
393 1773 494 1812 facite
509 1779 553 1806 est
569 1776 659 1807 scitu.
705 1776 910 1807 Concinnius
930 1778 1042 1816 paulo.
1064 1779 1250 1810 Bent.--16
1277 1779 1401 1810 Obtulit
1422 1780 1465 1810 V.
1483 1780 1523 1810 C.
1547 1780 1643 1812 Lina.

186 1821 224 1848 et
237 1816 286 1848 sic
301 1816 418 1848 Guelf.
434 1820 466 1848 3.
482 1818 614 1849 obtrusit
631 1818 747 1850 Guelf.
766 1823 882 1851 1.-17
899 1820 966 1851 Hic
984 1830 1098 1851 versus
1116 1826 1229 1861 potest
1248 1827 1430 1863 utcumque
1447 1824 1644 1863 sustentari,

185 1866 224 1890 ut
239 1860 285 1891 sit
300 1860 462 1891 trochaic.
480 1865 615 1892 tetram.
641 1861 819 1902 hypercat.
849 1863 907 1893 sed
935 1863 1127 1903 hujusmodi
1155 1874 1270 1895 versus
1286 1865 1375 1896 iuter·
1393 1865 1560 1896 lambiens
1578 1876 1642 1898 uon

185 1903 300 1943 placet
314 1903 406 1934 mihi.
431 1913 535 1945 quare
551 1904 709 1944 legerim,
725 1909 762 1935 ut
778 1906 810 1935 in
828 1906 925 1936 Bem.
942 1907 997 1936 rix
1010 1916 1056 1938 me
1083 1908 1131 1938 illi
1154 1907 1319 1944 abstraxi3
1342 1909 1388 1939 ita
1413 1908 1479 1938 erit
1505 1915 1643 1940 octona-

184 1945 255 1977 rius
270 1946 456 1986 lambiens,
479 1952 518 1978 ut
532 1947 663 1978 ceteri:
683 1948 732 1978 illi
749 1953 874 1988 autem,
898 1949 953 1979 vel
969 1949 1102 1980 dativus
1119 1951 1196 1991 erit,
1218 1959 1279 1990 pro
1294 1951 1332 1981 ab
1356 1952 1425 1989 illa,
1448 1951 1502 1981 vel
1524 1951 1643 1983 adver-

184 1987 277 2019 bium
292 1988 440 2027 deloco,
464 1990 551 2020 sicut
565 1990 647 2021 alibi
662 1991 694 2022 in
712 1992 799 2022 loco.
823 1991 884 2023 Fa.
930 1992 1051 2023 Nostri
1072 1992 1170 2024 illinc.
1217 1994 1329 2033 Lege:
1360 1994 1421 2024 Vix
1436 2004 1482 2024 me
1496 1994 1568 2025 hinc
1590 1995 1644 2025 ab·

183 2031 297 2062 struxi.
341 2031 351 2047 ‘
364 2031 476 2062 Hinc'
489 2037 527 2063 ut
543 2042 576 2064 v.
600 2036 652 2064 15.
677 2034 686 2051 ‘
702 2033 742 2064 In
758 2034 820 2064 hac
837 2034 894 2065 re.’
917 2035 1013 2066 Bent.
1046 2035 1086 2066 In
1101 2046 1146 2067 ea.
1180 2036 1286 2077 Lege,
1303 2037 1334 2067 in
1350 2047 1394 2076 eo,
1420 2037 1554 2067 scilicet
1577 2039 1585 2053 ‘
1602 2038 1642 2069 In

185 2082 226 2104 eo
241 2083 354 2105 amore
372 2074 596 2115 impeditum‚'
613 2085 681 2106 non
697 2077 728 2107 in
743 2086 783 2107 ea
799 2077 985 2115 Bacchide,
997 2083 1035 2108 ut
1051 2088 1082 2109 v.
1099 2081 1151 2109 14.
1173 2079 1183 2096 ‘
1200 2079 1381 2110 Habebam
1397 2079 1477 2109 alibi
1495 2080 1642 2112 animum

184 2117 290 2147 amori
307 2116 485 2148 deditum!
507 2118 555 2148 sie
572 2117 663 2149 And.
681 2128 717 2150 v.
740 2121 771 2149 1.
795 2122 846 2151 10.
870 2123 880 2138 ‘
894 2119 1164 2152 Adulescentulo
1180 2121 1222 2152 In
1239 2122 1305 2153 alio
1319 2126 1489 2161 occupato
1504 2123 1643 2155 amore.’

183 2159 282 2191 Bent.
325 2160 365 2191 Iu
383 2170 448 2191 uuo
464 2161 549 2191 Mss-
566 2161 778 2192 Leidensium
793 2163 935 2193 estillic.
981 2164 1023 2194 In
1048 2164 1120 2195 ΕΡ.
1144 2164 1226 2195 hinc.
1270 2164 1368 2197 Quod
1393 2174 1472 2195 vero
1488 2165 1641 2198 Faernus

184 2211 227 2233 ex
242 2202 340 2234 Bem.
355 2203 441 2241 legit
456 2203 504 2234 illi
521 2213 583 2243 pro
598 2204 696 2240 illinc,
720 2204 808 2235 idem
825 2211 878 2236 est
894 2206 928 2236 in
944 2206 1045 2237 editis
1061 2206 1263 2246 quibusdam
1281 2207 1444 2247 vetustis;
1467 2209 1524 2239 sed
1542 2214 1575 2239 et
1590 2209 1642 2241 ita

180 2254 205 2276 e
217 2251 360 2286 quatuor
375 2246 460 2278 Mss.
476 2247 565 2277 Pall.
581 2247 690 2278 edidit
702 2247 849 2279 vPar-eus.
897 2249 1020 2290 Neque
1038 2250 1138 2280 aliter
1154 2251 1237 2290 legit
1253 2250 1430 2290 Guyetus;
1453 2251 1509 2291 qui
1526 2256 1640 2283 tamen

180 2287 268 2319 duos
283 2288 385 2319 hosce
401 2299 518 2320 versus
534 2291 669 2330 spurios
687 2295 798 2330 vocat,
821 2291 903 2321 licet
927 2292 999 2322 siue
1016 2292 1233 2324 -detrimento
1260 2294 1377 2324 abesse
1401 2303 1466 2323 non
1485 2295 1614 2334 possint
1630 2307 1638 2325 :

182 2331 298 2372 pergit
313 2332 401 2362 enim
419 2332 616 2372 Pamphilus
631 2333 718 2364 iniis
735 2342 888 2372 narrare,
901 2344 1006 2375 quare
1020 2344 1117 2366 nemo
1134 2336 1310 2377 quisquam
1328 2346 1468 2378 usquam
1486 2338 1639 2377 gentium

181 2383 281 2415 aeque
295 2374 398 2405 miser
413 2375 468 2414 sit,
491 2380 594 2416 atque
612 2375 696 2416 ipse.
741 2376 852 2407 Porro
869 2382 982 2407 autem
1004 2377 1084 2408 nihil
1101 2379 1227 2419 obstat,
1243 2378 1280 2409 τὸ
1295 2379 1343 2409 illi
1360 2388 1433 2410 esse
1451 2389 1638 2419 pronomen

181 2416 337 2452 iuuandi
363 2427 458 2456 casu,
480 2427 590 2459 neque
619 2419 752 2450 dicatur
779 2429 871 2459 mox,
893 2420 1013 2460 Vixque
1027 2421 1067 2451 ad
1082 2421 1160 2452 hanc
1174 2422 1375 2462 contuleram,
1399 2422 1457 2452 sed
1480 2424 1489 2438 ‘
1504 2423 1639 2464 Vixque

181 2459 248 2491 hue
274 2460 484 2491 contuleram
497 2460 517 2499 ;’
541 2461 590 2492 ita
617 2463 706 2492 enim
722 2461 813 2494 And.
831 2465 918 2494 1103.
937 2466 987 2494 12.
1016 2463 1116 2495 West.
1161 2464 1316 2495 Abstraxi
1333 2464 1572 2505 impeditumque
1587 2476 1641 2496 ex-

177 2503 284 2542 pedivi
298 2503 488 2535 Both.-18
511 2503 637 2535 Omnia
652 2505 743 2535 iuter
757 2515 848 2545 porro
864 2506 918 2536 hic
935 2511 970 2536 et
984 2516 1063 2536 mox
1080 2508 1265 2547 repetitum
1282 2508 1411 2538 omittit
1431 2506 1558 2539 A.—l9
1582 2509 1638 2540 Me

182 2545 282 2577 deest
298 2545 331 2576 in
347 2546 446 2577 Bodl.
462 2547 585 2578 Boeud.
601 2553 638 2578 et
651 2548 805 2578 omnibns
823 2548 914 2588 apud
931 2548 1039 2580 Boecl.
1059 2549 1118 2580 Βι·.
1135 2554 1171 2580 et
1187 2550 1216 2580 in
1237 2551 1276 2581 R.
1294 2555 1382 2581 teste
1402 2550 1502 2581 Lind.
1527 2551 1589 2582 Est
1605 2551 1638 2581 in

182 2587 270 2620 GM.
289 2598 349 2628 pro
367 2589 411 2629 gl.
433 2590 442 2606 ‘
461 2590 558 2621 Bem.
575 2594 611 2620 et
626 2591 717 2621 Vict.
735 2591 807 2621 haec
824 2590 928 2621 verba
943 2592 992 2622 sic
1008 2592 1186 2631 collocant,
1203 2597 1267 2623 tum
1284 2596 1414 2624 matrem
1429 2603 1468 2623 ex
1485 2603 1520 2624 ea
1542 2604 1576 2624 re
1591 2604 1640 2625 me

181 2633 236 2661 aut
251 2631 402 2662 uxorem?
427 2633 486 2663 Fa.
531 2633 636 2673 Lege,
653 2634 730 2664 Tum
745 2637 796 2663 uui
815 2637 955 2665 matrem.
979 2635 1081 2667 Bent.
1129 2635 1205 2665 Tam
1226 2639 1353 2666 matrem
1368 2636 1471 2667 Both.
1496 2646 1562 2676 quo
1581 2637 1639 2677 ju-

182 2672 260 2704 dice
275 2677 341 2705 tum
357 2679 410 2705 est
432 2675 609 2716 ineptum;
631 2677 640 2692 ‘
658 2685 733 2706 uam
757 2676 838 2706 nihil
853 2677 908 2707 hic
933 2678 1010 2707 novi
1027 2676 1211 2718 profertur,
1234 2678 1292 2708 sed
1317 2679 1514 2719 exsequitur
1537 2679 1637 2710 modo

184 2715 280 2747 dicta
295 2717 491 2758 Pamphilus
511 2718 791 2759 demonstratque
808 2728 944 2750 causam
960 2721 1095 2760 angoris
1111 2720 1269 2752 sui.'—-20
1293 2722 1380 2752 Vere
1404 2720 1550 2753 affirmat
1578 2721 1637 2752 Ri-

183 2758 269 2797 vius,
292 2761 465 2800 exemplar
479 2766 577 2792 vetus
589 2762 760 2794 Venetum
775 2766 812 2794 et
837 2762 1062 2802 Lugdunense
1079 2764 1194 2804 legere
1208 2775 1216 2796 :
1243 2764 1322 2800 Qua·
1345 2774 1436 2805 quum
1451 2765 1497 2795 ita
1512 2774 1574 2795 esse
1591 2766 1638 2795 in-

270 2812 386 2853 Delph.
400 2819 428 2845 et
452 2815 526 2848 Vur.
543 2817 629 2848 Clas.
835 2817 959 2848 Terent.
1473 2820 1491 2847 3
1516 2818 1548 2849 G
