1966 3302
329 226 444 268 1006
831 239 871 268 P.
904 227 1145 269 ΤΕῐῐΕΝΤιι
1178 239 1295 270 Arm

333 332 491 374 CHRE.
511 331 782 374 Conclusam
801 332 874 374 hic
890 333 1037 376 habeo
1053 347 1233 376 uxorem
1256 347 1425 377 saevam
1439 348 1454 377 τ
1472 349 1640 388 verum,
1661 337 1779 380 istoc

503 401 558 442 de
580 402 769 450 nomine,

329 469 398 510 Eo
418 481 653 523 perperam
674 469 779 509 olim
800 467 913 519 dixi,
933 481 988 509 ne
1009 482 1091 510 vos
1111 468 1225 511 forte
1245 470 1546 524 imprudentes
1567 471 1674 513 foris

328 537 588 586 Effutiretis,
607 540 736 590 atque
758 536 805 577 id
825 550 956 590 porro
977 537 1130 591 aliqua
1150 551 1266 579 uxor
1286 551 1385 579 mea
1406 540 1675 582 rescisceret.

328 605 408 647 So.
439 604 584 646 Hem!
631 605 753 646 Istoc
774 606 852 660 pol
871 618 952 647 nos
983 609 1026 647 te
1055 606 1126 648 hic
1147 607 1341 648 invenire
1363 608 1535 649 miserae
1558 620 1784 665 nunquam

497 673 741 727 potuimus.
1727 676 1786 718 20

328 739 491 782 CHRE.
520 740 647 783 Eho!
678 741 751 782 dic
772 741 896 792 mihi,
933 741 1043 796 quid
1077 743 1141 784 rei
1172 744 1253 785 tibi
1285 747 1354 786 est
1375 756 1477 785 cum
1495 743 1666 787 familia
1685 743 1786 794 hac,

498 808 610 850 unde
631 809 762 850 exis'?

326 875 419 918 Ubi
460 876 552 918 illae
583 878 716 918 sunt'?
791 876 871 918 So,
904 876 1116 918 Miseram
1146 878 1243 920 me!
1305 878 1464 920 CHRE.
1495 877 1642 920 Hem!
1674 879 1784 934 quid

497 946 595 987 est?
627 946 868 986 vivuntne‘?
928 944 1010 987 So.
1040 944 1169 987 Vivit
1197 950 1354 999 gnata:

327 1066 411 1102 Quid
426 1066 482 1098 has
503 1066 616 1098 metuis
625 1067 738 1105 fores?
783 1066 854 1098 CH.
878 1067 946 1098 Hic
969 1069 1054 1099 intus
1077 1067 1255 1099 continetur
1275 1066 1352 1098 mihi
1373 1076 1455 1098 uxor
1469 1065 1558 1106 fera,
1573 1071 1602 1099 et
1618 1067 1762 1099 immanis
1775 1077 1788 1104 ;

324 1110 391 1141 ideo
405 1120 452 1141 me
468 1110 541 1141 olim
555 1111 609 1141 lwc
622 1111 741 1142 nomine
749 1110 831 1153 ficto
854 1109 1031 1150 Stilphonis
1054 1111 1158 1141 vocari
1173 1111 1267 1149 volui,
1289 1120 1328 1141 ne
1342 1120 1394 1141 vos
1408 1109 1578 1142 nescientes
1597 1120 1654 1151 per
1667 1110 1786 1149 incogi-

323 1154 457 1184 tantiam
473 1157 585 1185 temere
600 1154 744 1185 diceretis
756 1153 826 1194 quis
840 1163 947 1193 essem,
962 1159 993 1185 et
1007 1156 1086 1195 quod
1107 1163 1125 1184 a
1147 1164 1195 1184 me
1203 1154 1330 1191 factum
1351 1156 1408 1193 est,
1425 1154 1465 1184 ad
1478 1163 1569 1184 aures
1589 1154 1697 1185 uxoris
1711 1163 1788 1185 meae

320 1198 510 1236 perveniret.
555 1196 616 1228 So.
640 1197 725 1228 Hem
741 1198 910 1236 Pollucem,
925 1197 1040 1228 idcirco
1056 1207 1111 1228 nos
1125 1196 1330 1235 infortunata,²
1341 1196 1399 1228 sub
1415 1196 1470 1227 hoc
1483 1198 1606 1228 nomine
1631 1206 1787 1237 nunquam

325 1244 355 1270 te
370 1240 507 1270 invenire
523 1240 680 1280 potuimus
694 1241 730 1271 in
745 1240 801 1271 hac
815 1240 901 1271 urbe.
948 1240 1016 1272 CH.
1045 1240 1125 1279 Eho,
1140 1240 1190 1270 dic
1204 1240 1293 1279 mihi,
1309 1240 1384 1280 quid
1400 1239 1460 1270 tibi
1474 1240 1522 1270 rei
1536 1243 1583 1271 est
1597 1249 1668 1271 cum
1685 1240 1786 1277 sami-

322 1284 367 1313 lia
383 1283 492 1314 hurum
507 1283 634 1323 oedium,
660 1293 698 1315 ex
713 1283 821 1323 quibus
837 1283 1016 1322 egrederis?
1037 1287 1092 1314 aut
1116 1283 1170 1314 ubi
1190 1283 1257 1313 illae
1275 1286 1370 1314 sunt?
1412 1282 1471 1314 So.
1499 1283 1528 1313 Ο
1543 1293 1591 1314 me
1605 1282 1759 1321 infelicem
1772 1281 1788 1313 !

324 1326 394 1357 Cn.
419 1326 514 1363 Hem,
539 1328 615 1367 quid
639 1324 714 1359 est?
734 1336 808 1358 num
833 1326 908 1358 bene
931 1327 1056 1358 valent?
1100 1327 1160 1359 So.
1188 1326 1279 1359 Valet
1293 1329 1324 1358 et
1347 1325 1425 1358 vivit
1440 1325 1518 1367 filia
1538 1329 1602 1359 tua.
1646 1326 1788 1358 Matrem

934 1419 1173 1432 ‘comestum‘

324 1497 454 1528 peram,
477 1487 541 1518 nisi
561 1487 662 1519 tollas
681 1488 787 1523 Quid.-
812 1492 883 1518 tum
899 1486 988 1517 bene
1004 1485 1157 1523 babebit,
1171 1495 1232 1516 non
1247 1485 1276 1516 is
1290 1484 1411 1516 obsecro
1426 1494 1480 1522 es;
1504 1489 1541 1516 ut
1558 1489 1594 1516 et
1611 1484 1700 1525 apud
1716 1485 1787 1517 Ve-

323 1532 405 1562 lium
424 1532 575 1570 Longum
601 1535 667 1569 est,
693 1541 725 1571 p.
751 1530 859 1562 2213!
881 1531 1068 1562 Bent.-16
1092 1528 1132 1560 In
1156 1528 1319 1569 plusculis
1336 1528 1445 1559 Codd.
1462 1532 1508 1559 est
1536 1528 1672 1567 legitur,
1693 1528 1784 1569 quod

322 1573 477 1604 defendit
497 1574 626 1604 Rivius.
654 1574 749 1604 West.
774 1579 810 1604 et
825 1573 874 1605 sic
890 1574 951 1604 ssr.
988 1573 1073 1603 dixti
1090 1582 1153 1613 pro
1167 1572 1323 1603 dictitasti
1352 1570 1470 1602 Guelf.
1484 1574 1514 1603 2.
1537 1572 1546 1588 ‘
1560 1571 1612 1601 Ex
1629 1576 1785 1603 extrema

322 1617 451 1658 syllaba
469 1616 629 1648 dictionis
646 1617 815 1657 dictitasti,
839 1620 876 1648 et
901 1616 1070 1657 particula
1093 1618 1134 1651 st,
1159 1615 1213 1646 cui
1241 1624 1360 1645 sonum
1388 1614 1517 1645 vocalis
1542 1614 1669 1654 aspiro,
1692 1613 1784 1646 facio

322 1661 524 1702 spondeum,
540 1664 578 1691 ut
595 1660 792 1691 octonarius
809 1659 964 1691 constet!
982 1659 1045 1690 Fa.
1089 1661 1099 1676 ‘
1113 1658 1182 1689 Pro
1198 1657 1237 1688 St
1258 1657 1375 1688 Nostri
1392 1666 1509 1688 omnes
1529 1657 1599 1688 Est.
1632 1656 1699 1688 Sed
1715 1657 1784 1689 Ve-

322 1704 385 1734 lius
402 1704 486 1735 citat
501 1703 562 1734 St.-
588 1708 623 1734 et
640 1713 682 1734 ex
700 1703 727 1734 S
741 1709 776 1734 et
796 1703 824 1734 Τ
837 1702 1003 1743 syllabam
1021 1701 1095 1733 fieri
1112 1706 1230 1739 notat;
1255 1709 1363 1742 quare
1386 1701 1498 1731 salvus
1514 1706 1568 1731 est
1591 1700 1786 1740 spondeus?

322 1746 505 1778 Bent.—17
518 1747 613 1778 Rem.
627 1746 736 1787 primo
747 1746 865 1777 habuit
877 1745 1065 1786 istut-‚quod
1084 1749 1206 1785 postea
1219 1748 1385 1775 mutatum
1403 1743 1502 1774 estin
1517 1743 1605 1780 istoc,
1621 1743 1784 1783 quemad-

320 1790 458 1820 modum
471 1799 587 1820 omnes
603 1790 657 1820 alii
675 1789 751 1820 libri
767 1789 917 1820 habent:
936 1790 996 1819 sed
1015 1789 1119 1818 lectio
1129 1787 1225 1818 Vict.
1242 1787 1321 1817 mihi
1339 1787 1636 1817 vehementissime
1654 1786 1783 1826 placet,

321 1833 399 1863 istoc
414 1842 459 1864 me
474 1833 609 1872 nomine,
631 1838 669 1863 ut
686 1833 730 1864 sit
746 1833 843 1871 ordo,
867 1841 983 1862 verum
1003 1830 1075 1861 dixi
1091 1840 1143 1861 me
1167 1830 1255 1861 istoc
1280 1829 1428 1861 nomine.
1452 1829 1513 1860 Fa.
1562 1829 1645 1860 Istoc
1667 1830 1706 1860 de
1728 1839 1782 1860 no-

320 1876 404 1906 mine
426 1876 535 1906 nostri
558 1885 699 1914 omnes;
724 1875 784 1907 sed
809 1885 891 1906 vera
917 1879 970 1905 est
988 1874 1082 1904 Vict.
1101 1873 1216 1911 lectio,
1231 1873 1315 1904 Istoc
1328 1881 1377 1903 me
1391 1873 1523 1908 nomine,
1547 1878 1583 1902 et
1600 1872 1633 1902 in
1651 1875 1783 1903 textum

320 1919 532 1958 recipienda.
578 1918 632 1949 Sic
651 1919 753 1959 paulo
766 1923 858 1958 ante,
882 1918 933 1949 Ne
947 1927 996 1948 me
1009 1916 1088 1948 istoc
1101 1917 1222 1947 nomine
1237 1915 1435 1956 appellas-sis.-
1459 1919 1495 1946 et
1508 1923 1610 1955 supra
1623 1923 1662 1945 1¹.
1679 1917 1711 1946 3.
1728 1917 1782 1947 45,

320 1961 330 1978 ‘
346 1963 467 2003 Neque
494 1961 541 1992 mi
565 1966 734 2002 cognatus
762 1961 827 1992 fuit
843 1961 1020 2001 quisquam
1043 1959 1131 1990 istoc
1148 1958 1309 1989 nomine:
1332 1958 1428 1989 Bent.
1452 1964 1488 1988 et
1504 1958 1553 1988 sie
1570 1958 1672 1989 Both.
1688 1957 1784 1989 Peri.

319 2004 328 2021 ‘
348 2005 426 2036 Non
451 2004 619 2036 assentior
645 2003 792 2042 Fam-no,
820 2004 976 2040 Heinsio,
1001 2002 1152 2042 Guyeto,
1179 2001 1363 2040 Dacieriae,
1391 2001 1657 2041 Hoogstratano,
1682 2001 1782 2031 nnius

320 2047 513 2079 Victoriani
541 2047 618 2078 libri
646 2047 853 2078 auctoritate
870 2045 1086 2086 legentibus:
1117 2044 1230 2076 Verum
1244 2044 1324 2075 istoc
1347 2054 1395 2075 me
1419 2045 1542 2074 nomine
1565 2052 1601 2074 eo
1619 2052 1783 2083 perperam

319 2091 394 2122 olim
410 2091 490 2122 dixi.
534 2090 689 2129 Scilicet,
714 2089 781 2121 duo
808 2093 987 2128 rogaverat
1009 2088 1189 2128 Sophrona
1213 2088 1446 2125 Chremetem,
1462 2087 1619 2127 primum,
1637 2087 1782 2118 Essetne

320 2134 347 2165 is
365 2144 467 2175 quem
484 2143 620 2174 semper
636 2143 672 2164 se
689 2133 899 2171 dictitasset,
920 2131 1078 2162 nimirum
1104 2131 1262 2171 Stilpho?
1288 2131 1382 2170 dein,
1405 2129 1496 2162 Quid
1521 2133 1695 2160 metueret
1721 2130 1780 2160 bas

321 2176 437 2208 fores?
461 2177 516 2208 Ad
546 2181 755 2217 postremum
780 2175 873 2216 prius
900 2174 1099 2215 respondet,
1121 2174 1131 2191 ‘
1145 2173 1349 2204 Conclusam
1364 2173 1419 2204 hic
1435 2173 1542 2204 babeo
1559 2181 1700 2203 uxorem
1718 2182 1782 2204 sae-

320 2219 422 2252 vam!
445 2219 534 2261 quod
549 2230 653 2261 quum
671 2219 827 2256 dixisset,
844 2219 970 2259 pergit,
988 2219 998 2235 ‘
1012 2217 1140 2248 Verum
1156 2217 1244 2248 istoc
1259 2215 1302 2247 de
1319 2215 1476 2248 nomine.'
1508 2215 1543 2246 Si
1559 2216 1660 2246 aliter
1675 2215 1782 2256 legas,

321 2264 446 2295 vocula
468 2267 476 2280 ‘
493 2263 619 2294 Verum
634 2262 642 2276 '
668 2271 800 2293 omnem
818 2262 884 2292 vim
902 2261 1039 2302 perdit:
1068 2259 1253 2291 dicendum
1278 2258 1366 2290 enim
1387 2257 1514 2298 fuerat,
1537 2258 1653 2296 ‘Tum‚
1677 2267 1783 2298 porro

321 2305 460 2345 autem,’
482 2307 537 2336 vel
554 2306 674 2337 simile.
719 2306 868 2346 Elegans
884 2309 997 2335 autern
1015 2313 1096 2334 usus
1113 2308 1166 2334 est
1189 2302 1368 2344 particulae
1385 2302 1449 2342 De,
1472 2311 1548 2342 pro,
1567 2302 1577 2318 ‘
1589 2300 1678 2343 quod
1698 2302 1781 2332 atti-

320 2354 381 2381 net
397 2349 463 2381 ad.’
486 2349 599 2381 Plaut.
615 2348 704 2380 Rud.
722 2358 772 2380 ιν.
785 2351 816 2380 7.
830 2350 862 2380 2.
879 2347 936 2380 ‘de
951 2348 1010 2378 illo
1022 2346 1149 2385 vidulo,
1161 2346 1331 2386 Sisapias‚
1345 2344 1482 2386 sapias.’
1505 2344 1628 2376 Cicero
1645 2344 1781 2385 passim.-

320 2393 474 2423 Firmant
490 2393 673 2424 lectionem
692 2401 800 2422 meam
820 2392 905 2423 Mss.
930 2390 1114 2423 Leidenses
1131 2389 1295 2430 quinque,
1319 2398 1395 2419 cum
1411 2389 1468 2419 Tr.
1484 2387 1578 2428 Lips.
1597 2386 1718 2418 Boend.
1733 2387 1779 2420 G.

320 2436 420 2466 Witt.
438 2435 497 2466 sed
522 2442 556 2466 et
577 2434 784 2466 editionibus
801 2433 1041 2465 vetustissimis
1058 2436 1093 2463 et
1107 2433 1257 2472 optimis,
1273 2431 1384 2463 Anon.
1400 2431 1499 2464 Junt.
1514 2431 1586 2463 Ste.
1602 2429 1684 2462 Ald.
1698 2430 1781 2461 Tar-

321 2477 383 2510 vis.
399 2479 525 2510 Vener.
545 2478 692 2519 Argent.
707 2478 807 2510 aliis:
831 2486 942 2518 neque
957 2477 1057 2509 aliter
1072 2474 1314 2508 Gambarellus
1339 2478 1376 2505 et
1400 2472 1565 2506 Fabriui.’
1590 2473 1780 2506 West.—18

322 2519 434 2552 Fortes
456 2520 574 2553 Guelf.
589 2524 621 2554 2.
667 2520 877 2552 Auctoribus
906 2519 1005 2552 Bem.
1030 2522 1066 2550 et
1091 2519 1171 2549 Vat.
1194 2518 1264 2549 hem
1286 2516 1435 2549 Faernus
1457 2515 1576 2554 delet;
1599 2524 1699 2557 quem
1726 2524 1778 2546 se-

320 2569 471 2604 quuntur
483 2564 612 2605 Delph.
629 2564 707 2604 Bip.
724 2563 764 2595 Z.
781 2564 878 2594 Peri.
916 2562 1019 2594 Both.
1034 2570 1205 2602 nusquam,·
1221 2560 1418 2602 quojudice
1433 2568 1587 2600 nunquam
1602 2563 1655 2590 est
1670 2557 1778 2589 minus

320 2607 634 2638 commodum—21
661 2608 746 2638 Tres
769 2605 996 2648 antiquissimi
1021 2605 1113 2642 libri,
1134 2609 1169 2635 et
1185 2605 1267 2635 Bas.
1283 2604 1332 2634 ita
1348 2603 1530 2640 collocant,
1551 2601 1627 2642 quid
1651 2601 1698 2632 rei
1719 2601 1778 2632 tien·

321 2652 387 2680 est.-
411 2659 526 2681 versus
544 2655 596 2681 est
615 2654 752 2681 tetram.
767 2649 876 2680 lamb.
893 2649 1052 2680 catalect.
1070 2652 1108 2679 ut
1122 2651 1315 2688 sequentes.
1340 2647 1399 2678 Fa.
1442 2645 1499 2676 Sic
1515 2649 1552 2676 et
1571 2644 1680 2675 nostri
1706 2645 1777 2683 ple-

319 2692 430 2733 rique.
454 2693 638 2724 Bent.—-22
663 2693 822 2723 Muretus
847 2697 882 2723 et
908 2691 1086 2729 Heinsius,
1111 2691 1177 2721 Aut
1194 2690 1325 2720 ubiilloe
1340 2691 1434 2720 stant?
1456 2686 1625 2729 quomodo
1639 2691 1676 2717 et
1692 2686 1777 2719 Mss-

322 2735 478 2774 plerique
503 2745 579 2766 cum
607 2736 779 2775 impressis
807 2735 991 2766 veteribus.
1015 2734 1116 2765 Witt.
1138 2732 1206 2764 Aut
1230 2732 1283 2763 ubi
1304 2731 1391 2763 illoe?
1413 2731 1538 2762 omisso
1563 2732 1644 2760 sunt.
1665 2729 1776 2760 West.

322 2777 374 2808 Ex
392 2779 523 2808 ratione
543 2787 674 2816 versus,
697 2784 732 2809 et
755 2777 822 2808 fide
847 2778 995 2809 omnium
1011 2776 1083 2807 fere
1098 2776 1273 2810 librorum,
1296 2775 1378 2806 etin
1401 2774 1451 2804 bis
1468 2771 1635 2810 Bembini,
1659 2771 1777 2804 deleto

322 2824 388 2861 aut,
411 2825 447 2852 et
471 2821 504 2852 in
520 2820 729 2852 dimetiendo
745 2830 843 2851 versu
861 2821 1025 2862 corripito
1039 2819 1187 2861 priorem
1203 2817 1367 2858 syllabam
1384 2816 1418 2848 in
1434 2816 1509 2847 illa».
1534 2815 1591 2846 Fa.
1637 2815 1719 2846 Duo
1732 2824 1776 2846 ex
