1966 3302
473 233 819 264 ADELPHORUM
855 233 963 262 Ac-T.
999 232 1069 261 ιιι.
1102 232 1169 262 sc.
1205 232 1256 262 11.
1499 224 1582 264 709

139 331 260 372 CAN.
291 329 377 370 Pol
397 328 437 369 is
459 327 638 381 quidem
653 328 745 380 jam
766 328 837 368 hic
860 328 1026 380 aderit3
1058 341 1158 369 nam
1194 339 1417 380 nunquam
1450 340 1582 368 unum

306 396 550 437 intermittit
571 396 701 445 diem,

140 465 466 536 QQ-semper
496 463 654 503 veniat.
713 463 790 503 So.
823 463 955 503 Solus
987 475 1180 503 mearum
1212 461 1485 502 miseriarum
1519 465 1585 502 est

304 530 550 571 remedium.

138 600 258 642 CAN.
292 599 331 639 E
356 611 401 638 re
434 603 540 638 nata
566 597 720 638 melius
741 596 832 637 fieri
852 596 966 637 haud
989 596 1150 650 potuit,
1181 608 1311 650 quam
1334 595 1495 636 factum
1514 594 1582 645 'st,

305 667 432 716 hera3

137 733 328 786 Quando
348 733 505 773 vitium
525 732 719 773 oblatum
741 736 834 783 est3
865 731 984 784 quod
1007 730 1063 771 ad
1091 730 1212 770 illum
1233 729 1389 770 attinet
1408 729 1584 782 potissi-

305 811 450 850 mum;

136 869 304 916 Talem,
324 867 404 907 tali
422 879 593 919 genere,
611 870 742 919 atque
762 865 924 914 animo,
943 869 1093 906 natum
1114 877 1172 905 ex
1191 869 1316 904 tanta
1334 863 1513 904 familia.
1528 864 1585 904 10

137 938 216 978 So.
248 936 322 977 Ita
351 934 428 988 pol
460 937 538 983 est,
568 937 616 974 ut
649 933 786 974 dieis:
819 932 970 973 salvos
999 932 1143 981 nobis,
1176 931 1299 972 Deos
1332 943 1504 985 quaeso,
1536 937 1585 973 ut

306 1002 403 1042 siet.

136 1128 232 1156 vocet.
277 1123 368 1154 CAN.
391 1123 455 1154 Per
471 1122 629 1154 Pollucem
643 1122 670 1152 is
685 1124 767 1152 certe
782 1131 854 1151 mox
867 1124 982 1160 praesto
999 1121 1048 1151 hic
1063 1120 1135 1151 erit.
1181 1118 1310 1150 Etenim
1325 1118 1409 1149 nullo
1424 1122 1520 1149 cessat
1535 1117 1585 1148 die

137 1177 191 1198 nos
218 1168 360 1198 inrisere.
405 1166 462 1196 So.
488 1165 578 1196 Solus
605 1165 633 1195 is
655 1166 728 1194 meis
752 1163 994 1202 «egritudinibus
1009 1164 1158 1194 medetur.
1206 1162 1277 1193 CH.
1300 1162 1353 1192 Ex
1368 1162 1524 1201 repentino
1539 1161 1586 1192 rei

136 1220 220 1248 casu,
247 1209 325 1240 nihil
342 1208 537 1247 fortunatius
563 1207 741 1245 contingere
767 1207 880 1246 potuit,
909 1208 1027 1246 quando
1047 1206 1122 1247 filia
1149 1208 1203 1235 tua
1218 1205 1330 1235 vitiata
1346 1208 1414 1240 est‚·
1437 1207 1586 1244 quantum

133 1253 289 1293 praecipue
300 1255 415 1292 spectat
431 1252 470 1281 ad
483 1251 640 1290 juvmzem,
654 1250 707 1289 qui
730 1250 762 1280 id
780 1250 880 1287 fecit:
904 1259 970 1279 cum
986 1253 1049 1280 tam
1064 1248 1231 1288 praestanti
1241 1248 1282 1278 sit
1289 1247 1409 1286 forma,
1423 1250 1486 1277 tam
1503 1247 1585 1276 clara

135 1296 244 1335 stirpe,
261 1299 324 1325 tam
343 1294 418 1324 bona
431 1294 541 1331 indole,
556 1296 619 1323 tam
641 1292 736 1323 dicite
751 1293 847 1323 domo.
891 1292 949 1323 So.
976 1292 1038 1323 Per
1054 1291 1213 1322 Pollucem
1229 1300 1301 1321 vera
1317 1290 1457 1330 loqueris.
1501 1290 1585 1320 Deos

133 1348 244 1378 precor
258 1341 291 1368 ut
307 1338 385 1368 huuc
400 1336 485 1368 nobis
499 1339 633 1367 servent.

741 1418 799 1430 σοι
805 1418 838 1430 eo
844 1417 982 1430 eeeaeeee

136 1499 199 1527 -7
223 1496 314 1527 Solus
325 1505 461 1527 mearum
473 1495 664 1526 miseriarum
677 1498 720 1525 est
735 1494 914 1525 remedium.
958 1493 1014 1524 Sic
1027 1492 1235 1524 recentiores
1248 1492 1370 1531 nostri,
1380 1491 1437 1522 sed
1453 1496 1586 1523 veteres

136 1548 263 1578 omnes,
278 1538 463 1570 &mearum
487 1542 532 1569 est
561 1537 765 1568 miseriarum.
790 1538 892 1568 Bent.
936 1537 993 1567 lta
1015 1542 1051 1567 et
1077 1537 1137 1567 Br.
1156 1536 1314 1566 Per1.—8
1339 1535 1378 1566 In
1407 1535 1492 1566 Mss.
1509 1535 1586 1565 Lei-

137 1582 296 1613 densibns
322 1582 478 1622 quinque,
507 1581 554 1612 M.
572 1580 615 1611 G.
634 1586 668 1611 et
687 1581 779 1620 Lips.
798 1581 827 1610 E
843 1590 877 1611 re
892 1583 984 1618 narse,
1000 1590 1035 1618 q.
1052 1580 1084 1609 d.
1103 1589 1144 1609 ex
1171 1588 1231 1609 usu
1247 1578 1325 1609 filiae
1341 1589 1348 1609 ε
1375 1587 1472 1618 qnam
1490 1578 1583 1609 lecti-

136 1633 234 1655 onem
259 1635 276 1654 e
302 1623 496 1664 quindecim
525 1624 607 1653 Mss.
639 1628 712 1663 post
741 1623 873 1653 Rivinm
898 1622 1053 1653 defendit
1077 1621 1244 1661 Guyetus.
1290 1620 1357 1652 Sed
1383 1621 1470 1650 scire
1493 1621 1587 1659 licet,

135 1668 330 1698 Terentium
347 1671 355 1684 ⁴
371 1673 484 1697 natam
497 1668 504 1681 '
521 1675 579 1705 pro
594 1665 662 1696 filia
687 1675 866 1706 nunqnam,
881 1666 890 1681 ⁶
909 1670 1045 1704 gnatam
1063 1664 1071 1677 ’
1085 1665 1208 1704 saepius
1231 1663 1370 1695 dixisse.
1416 1663 1456 1693 In
1472 1664 1532 1694 Tr.
1550 1668 1586 1694 et

137 1710 213 1741 EA.
252 1711 338 1741 Here
366 1713 448 1748 nate,
478 1708 567 1749 quod
595 1709 684 1739 valet
714 1709 810 1739 Heroe
837 1712 932 1746 naue,
956 1714 990 1739 et
1015 1712 1204 1746 agnoscunt
1231 1707 1392 1746 plnscnlae
1418 1706 1587 1737 editiones

137 1757 295 1784 veteres:
321 1762 395 1793 quae
410 1752 514 1783 lectio
530 1751 634 1782 nihilo
650 1752 767 1781 melior
783 1756 845 1782 est.
875 1751 971 1781 West.
1015 1751 1046 1781 E
1061 1760 1093 1780 re
1109 1753 1193 1781 ηατα.
1236 1749 1292 1780 Sic
1311 1749 1368 1779 Fa.
1387 1749 1494 1786 dedit,
1509 1758 1585 1779 auc-

137 1800 212 1826 tore
227 1796 388 1826 Donato:
413 1795 471 1825 sed
496 1795 603 1825 nostri
627 1794 763 1824 codices
786 1794 934 1824 universi
954 1793 984 1823 E
997 1803 1031 1824 re
1045 1796 1141 1823 παίω.
1188 1793 1233 1823 Et
1250 1792 1353 1822 satius
1370 1798 1421 1822 est
1439 1792 1586 1830 omnino,

136 1843 175 1869 ut
199 1838 359 1869 librorum
382 1838 528 1868 omnium
550 1837 732 1868 lectionem
758 1837 974 1874 retineamus,
993 1836 1022 1866 E
1038 1846 1071 1866 re
1093 1839 1185 1866 παίω.
1207 1835 1310 1865 Bent.
1357 1835 1454 1864 Ναΐα)
1478 1835 1587 1865 nostri

94 1906 95 1909 ,
136 1880 236 1912 codd.
274 1881 350 1912 Hel.
376 1880 518 1911 Frenate.
543 1880 644 1910 Both.
678 1881 686 1896 ‘
708 1880 781 1909 Ere
803 1883 888 1910 nata.
912 1879 1013 1909 Bent.
1037 1879 1152 1918 inepte
1179 1878 1260 1909 lect.
1287 1882 1479 1917 corruptam
1505 1886 1586 1917 qno-

136 1923 278 1954 rundam
302 1922 401 1954 codd.
427 1928 462 1953 et
485 1922 564 1953 edd.
590 1920 733 1962 praefert
760 1922 791 1952 E
814 1931 847 1952 re
871 1921 976 1952 natoe.'
1001 1922 1079 1960 Bip.
1110 1921 1184 1951 Eroe
1208 1923 1289 1951 natoe
1320 1920 1380 1950 ΒΓ.
1409 1919 1526 1950 Guelf.
1553 1922 1584 1950 3.

137 1966 235 1997 Natoe
251 1969 347 1997 tantae
363 1975 424 2005 pro
439 1966 604 2004 Erenata,
619 1965 718 1995 tertio
735 1965 828 1997 litem
842 1964 1015 2003 dirimens,
1033 1967 1059 1994 l.
1077 1964 1187 1994 Oheru
1201 1966 1230 1994 3.
1254 1963 1350 1993 Natoe
1363 1962 1447 1993 GM.
1462 1967 1496 1992 et
1509 1962 1585 1993 GC.

136 2009 291 2040 Pera—o
316 2009 461 2039 Oblatum
475 2010 595 2048 quando
611 2008 721 2038 titium
738 2008 900 2047 Bip.—10
918 2007 1000 2037 Mss.
1016 2013 1050 2037 et
1068 2006 1220 2046 impressi
1235 2006 1382 2046 qnidam,
1400 2006 1458 2035 tali
1473 2005 1586 2035 (mimo.

135 2051 244 2082 West.
291 2051 445 2082 Restituo
472 2051 645 2092 antiquam
671 2050 791 2081 Poe'tae
817 2055 1010 2087 manum‚et
1035 2059 1128 2080 suum
1153 2049 1217 2079 sibi
1244 2049 1363 2088 reddo,
1387 2048 1505 2085 Talem,
1528 2048 1587 2078 tali

134 2094 261 2133 ingenio
275 2097 364 2133 atque
387 2094 501 2132 animo,
519 2103 551 2124 π.
568 2103 595 2123 e.
621 2097 646 2124 t.
664 2093 695 2131 s.
713 2093 815 2124 Bent.
859 2093 915 2123 Ita
939 2092 1065 2123 habent
1091 2097 1126 2123 et
1149 2092 1251 2122 Both.
1278 2092 1358 2132 Bip.
1398 2091 1512 2130 Talem,
1527 2090 1586 2121 tali

133 2146 257 2176 genere,
275 2136 335 2167 tati
346 2137 447 2167 animo
471 2135 679 2176 Delph.-—ll
706 2135 813 2166 Abest
829 2136 913 2166 uobis
929 2134 1046 2167 Guelf.
1062 2138 1093 2166 3.

487 2438 489 2441 Α
525 2400 727 2442 ACTUS
761 2399 851 2441 ΙΙΙ.
902 2399 1108 2441 SCENA
1140 2399 1205 2440 II.

458 2531 603 2561 GETA.
656 2530 928 2560 SOSTRATA.
981 2530 1273 2559 CANTHARA.

138 2599 226 2642 GE.
258 2599 407 2641 NUNC
434 2598 547 2655 illud
581 2602 663 2648 est,
697 2597 815 2650 quod
850 2597 887 2637 si
924 2610 1075 2638 omnes
1109 2597 1258 2637 omnia
1290 2608 1371 2636 sua
1403 2597 1587 2639 consilia

449 2646 486 2655 κε,
493 2645 534 2654 μη..

310 2667 547 2715 conferant,

184 2765 250 2798 GE.
274 2767 366 2798 Nunc
380 2766 455 2797 talis
471 2768 516 2797 est
531 2764 658 2795 miseria
684 2767 799 2804 nostra,
820 2765 855 2794 ut
871 2761 899 2793 si
914 2772 1016 2794 omnes
1039 2762 1142 2794 omnia
1167 2772 1222 2794 sua
1236 2763 1327 2794 simul
1348 2762 1474 2794 consilia
1497 2762 1586 2793 adhi-
