1966 3302
313 232 400 274 608
810 247 847 276 Ρ.
877 245 1121 276 ΤΕκΕΝΤιι
1159 247 1272 278 Arm

316 342 428 383 Post
448 340 674 382 daturam:
705 341 824 381 mille
844 354 1072 382 nummum
1093 343 1251 397 poscit.
1312 341 1399 385 CH.
1432 342 1488 384 Et
1508 342 1653 397 poscit
1673 341 1770 396 qui-

486 409 611 450 dem!
672 409 754 450 SY.
788 408 909 450 Hui!
1708 411 1768 451 45

317 476 514 517 Dubium
535 475 581 516 id
613 477 715 517 est?
778 475 866 517 CH,
897 475 991 530 Ego
1023 476 1089 517 sic
1122 464 1304 531 putavi:
1341 476 1446 532 quid
1477 491 1591 519 nunc
1620 476 1769 519 facere

488 544 691 595 cogitas?

316 611 400 652 ΞΥ.
431 611 616 664 Egone?
650 610 707 651 ad
730 610 1037 652 Menedemum
1060 611 1161 653 ibo:
1192 612 1352 663 dicam,
1381 612 1496 662 hane
1530 619 1631 654 esse
1663 625 1771 666 cap-

488 682 576 720 tam
597 691 655 719 ex
677 678 827 729 Caria,

317 747 468 788 Ditem
491 750 534 788 et
554 746 774 797 nobilem;
796 746 834 786 si
854 746 1052 796 redimat,
1073 759 1280 800 magnum
1300 747 1446 787 inesse
1461 746 1506 787 in
1521 759 1573 787 ea
1588 744 1771 802 lucrum.

318 816 407 857 CH.
443 814 585 855 Erras.
646 814 730 855 ΞΥ.
772 813 894 864 Quid
932 815 1026 856 ita'?
1088 814 1177 856 CH.
1220 814 1311 855 Pro
1351 814 1614 855 Menedemo
1655 826 1772 856 nunc

489 881 569 922 tibi
589 894 669 933 ego
690 881 960 934 respondeo:

320 951 427 994 Non
464 962 588 990 emo:
619 948 725 1002 quid
764 949 865 990 ais?
926 950 1010 991 ΞΥ.
1042 949 1209 1003 Optata
1241 949 1437 1002 loquere.
1497 947 1586 990 CH.
1628 947 1774 1003 Atqui

488 1030 576 1059 non
596 1020 664 1058 est
690 1030 818 1072 opus.
1087 1011 1090 1013 ’
1718 1016 1777 1057 50

319 1161 403 1192 mille
419 1171 568 1201 nummos,
595 1172 668 1203 quos
689 1161 757 1202 ipsa
775 1162 886 1203 poscit.
933 1162 1001 1194 Cn.
1027 1162 1071 1193 Et
1086 1161 1184 1201 poscit
1200 1159 1322 1201 quidem
1338 1158 1472 1191 Bacchis
1487 1160 1608 1189 tantum
1628 1155 1778 1195 argenti?

319 1204 383 1234 ΞΥ.
408 1203 506 1236 Hui!
527 1216 567 1235 un
582 1206 709 1236 dubium
725 1208 771 1235 est
786 1205 859 1245 quin
884 1205 937 1236 illa
955 1208 1060 1245 poscat
1083 1205 1161 1235 hanc
1185 1201 1362 1235 summam?
1407 1203 1474 1233 CH.
1498 1202 1569 1242 Ego
1583 1210 1644 1231 non
1659 1199 1776 1230 dubito.

322 1246 405 1281 Quid
422 1257 514 1286 nunc,
529 1248 622 1288 Syre,
629 1248 738 1286 facere
753 1247 900 1286 cogitas?
944 1249 1007 1280 ΞΥ.
1033 1248 1117 1283 Quid
1132 1246 1255 1285 faciam
1278 1245 1413 1285 quoeris?
1439 1243 1616 1275 conveniam
1631 1242 1778 1273 Menede-

320 1299 414 1328 mum,
429 1291 530 1320 dicam
545 1291 622 1321 hanc
636 1292 890 1322 adolescentulam
914 1300 978 1322 esse
1003 1294 1126 1331 captam
1152 1293 1182 1320 et
1206 1290 1364 1320 advectam
1380 1298 1396 1319 e
1415 1287 1523 1326 caria,
1536 1286 1725 1325 locupletem,
1748 1287 1780 1316 et

319 1332 399 1362 clari
415 1334 540 1371 generis
563 1338 593 1364 et
610 1334 738 1364 multum
755 1334 834 1364 lucri
850 1334 937 1365 illum
952 1334 1152 1374 quaesiturum
1168 1342 1207 1363 ex
1221 1340 1269 1370 ea,
1285 1331 1314 1361 si
1329 1333 1381 1362 det
1395 1330 1479 1361 mille
1494 1328 1778 1367 drachmarum-pro

320 1374 384 1413 ejus
399 1377 596 1407 redemtione.
643 1377 711 1407 Cn.
737 1376 882 1407 Falleris.
928 1378 991 1408 ΞΥ.
1017 1376 1103 1410 Quid
1117 1375 1187 1406 ita?
1213 1375 1299 1412 Nego
1317 1375 1531 1404 Menedemum
1545 1370 1628 1403 tanti
1646 1371 1779 1411 puellam

320 1419 539 1458 redemtam-um,
556 1422 586 1450 et
601 1420 663 1450 loeo
679 1419 868 1458 Menedemi,
884 1419 942 1450 tibi
957 1429 1037 1450 nunc
1052 1419 1237 1458 respondeo:
1255 1417 1336 1447 Nolo
1353 1426 1450 1447 emere
1460 1426 1471 1447 .·
1493 1415 1567 1455 quid
1580 1411 1682 1445 dicis?
1713 1413 1777 1444 ΞΥ.

321 1460 460 1502 Loquere
474 1462 559 1493 nobis
572 1465 669 1501 grata
683 1462 787 1501 verba,
801 1466 831 1493 et
846 1462 962 1494 nostris
974 1462 1054 1493 votis
1069 1461 1238 1493 commoda.
1284 1460 1353 1492 Cn.
1378 1460 1471 1490 Certe
1484 1468 1545 1489 non
1560 1461 1605 1490 est
1625 1466 1698 1489 usus
1712 1465 1780 1487 eam

935 1586 1173 1600 UO‘OOOOOOO‘O

324 1686 444 1728 poscit.²
468 1687 526 1717 Fa.
568 1687 577 1704 ‘
596 1685 766 1717 Mendosa
782 1685 883 1715 lectio
905 1683 979 1724 jam
1009 1693 1028 1714 a
1053 1682 1170 1714 multis
1187 1682 1319 1714 saeculis
1334 1691 1403 1712 rem
1419 1680 1627 1712 obscuravit.
1673 1679 1782 1710 Revo-

327 1730 411 1761 cabo
430 1729 490 1759 tibi
507 1729 673 1769 sepultam
691 1729 780 1758 illam
799 1728 1023 1768 scripturam:
1051 1726 1136 1761 Quid
1151 1728 1234 1756 tum?
1277 1726 1341 1756 ΞΥ.
1362 1725 1498 1755 Cliniam
1517 1726 1598 1763 orat,
1611 1722 1671 1754 sibi
1690 1726 1724 1752 ut
1748 1722 1782 1753 id

325 1783 405 1803 nunc
419 1774 495 1809 det;
518 1773 571 1802 illa
587 1772 634 1802 illi
649 1775 750 1802 tumen
775 1771 850 1801 Post
865 1771 971 1801 datum
994 1770 1037 1799 iri
1052 1769 1139 1799 mille
1160 1778 1316 1799 nummum
1342 1777 1422 1808 praes
1444 1767 1494 1798 sit.
1541 1767 1611 1797 CH.
1638 1766 1680 1796 Et
1701 1774 1784 1804 prees

326 1817 369 1846 sit
380 1816 523 1854 quidem?
568 1816 632 1846 ΞΥ.
661 1814 728 1844 Hui
747 1813 888 1844 Dubium
911 1814 944 1843 id
968 1815 1034 1843 est?
1057 1822 1113 1851 ego
1140 1810 1185 1841 sic
1207 1812 1326 1851 putavi.
1373 1811 1440 1842 CH.
1466 1809 1551 1845 Quid
1575 1818 1657 1839 nunc
1673 1807 1784 1844 facere

327 1858 446 1896 cogitas
456 1857 475 1888 ?'
494 1858 596 1888 Bent.
641 1863 649 1874 ‘
667 1856 782 1887 Clinia.
826 1856 883 1887 Sic
900 1865 1014 1886 omnes
1031 1854 1151 1893 nostri,
1165 1853 1253 1894 quod
1269 1853 1461 1893 elegantius
1477 1852 1616 1891 vulgato
1635 1850 1784 1881 Cliniam.

329 1901 489 1932 Ceterum
508 1900 601 1931 locus
618 1899 787 1930 difficilis:
814 1899 901 1938 vulg.
918 1899 966 1928 sic
993 1907 1028 1928 se
1057 1897 1183 1928 habet:
1206 1895 1266 1926 sibi.
1292 1897 1339 1927 uti
1363 1897 1397 1926 id
1422 1904 1502 1926 nunc
1528 1895 1598 1925 det:
1622 1893 1710 1924 illum
1735 1892 1786 1923 ini

328 1946 430 1974 tamen
448 1944 522 1974 Post
536 1944 681 1973 daturam
693 1953 733 1973 m.
750 1952 781 1973 n.
796 1941 906 1982 poscit.
944 1940 1053 1971 Codd.
1072 1949 1188 1979 parum
1201 1939 1337 1979 juvant,
1360 1938 1423 1968 nisi
1445 1937 1533 1979 quod
1557 1936 1587 1967 A
1613 1942 1651 1967 et
1674 1935 1703 1966 B
1730 1945 1784 1966 ex·

328 1990 444 2026 poscet,
466 1986 493 2017 C
511 1989 540 2016 et
555 1989 669 2026 poscet,
693 1989 730 2016 ut
753 1984 876 2015 Faerni
894 1992 1029 2024 quoque
1053 1982 1206 2013 nonnulli
1231 1982 1319 2012 libri.
1364 1979 1504 2021 Aliquid
1531 1980 1585 2010 hic
1611 1977 1786 2009 turbatum

331 2039 417 2064 esse,
436 2038 501 2059 non
517 2034 569 2059 est
586 2027 751 2058 dubium!
775 2027 872 2058 Both.
897 2027 955 2067 qui
972 2026 1077 2066 igitur
1093 2026 1140 2056 ita
1157 2024 1339 2055 emendat:
1367 2023 1471 2054 Clinia
1485 2025 1556 2053 orat
1570 2021 1632 2053 sibi
1643 2021 1690 2052 uti
1705 2030 1786 2051 nunc

330 2073 382 2103 det
408 2072 511 2113 (illam
532 2071 581 2102 illi
605 2071 732 2101 interim
756 2069 994 2108 Praestituram)
1016 2068 1100 2099 mille
1123 2061 1305 2104 num'mum‚·
1323 2067 1437 2106 poscit.
1481 2066 1550 2097 Cn.
1577 2065 1620 2095 Et
1643 2066 1786 2104 exposcet

332 2116 476 2154 quidem?
523 2114 628 2144 Clinia
654 2114 715 2144 Br.
738 2113 823 2144 GM.
847 2112 1058 2152 nemin—45
1090 2111 1169 2141 Non
1194 2109 1407 2149 distinguunt
1435 2113 1515 2149 post
1539 2108 1684 2138 daturam
1709 2106 1787 2147 Rip.

333 2158 374 2189 Z.
391 2157 517 2197 Delph.
541 2158 550 2174 ‘
567 2157 667 2196 Vulg.
692 2157 849 2186 nummum
871 2155 985 2194 poscit:
1018 2154 1059 2184 al.
1073 2154 1158 2184 Mss.
1184 2158 1220 2184 et
1248 2152 1325 2183 edd.
1355 2156 1440 2183 vett.
1467 2160 1606 2182 nummos
1629 2159 1660 2190 p.
1683 2149 1735 2180 uti
1752 2153 1788 2179 et

333 2200 432 2231 dein:
457 2204 485 2230 et
501 2203 602 2240 poscet
616 2199 747 2238 quidem.
780 2198 953 2237 Scriptum
972 2196 1127 2237 primitus
1144 2195 1280 2233 credas,
1294 2204 1449 2225 nummum
1463 2194 1590 2234 spondet
1601 2203 1612 2224 .·
1635 2201 1674 2222 ac
1687 2191 1787 2223 dein:

333 2246 363 2274 et
376 2245 502 2283 spondet
519 2241 560 2282 q.'
585 2243 662 2281 Bip.
713 2242 761 2272 M.
776 2246 811 2271 et
827 2239 949 2271 Boend.
976 2239 1138 2279 Exposcit.
1160 2238 1247 2270 GM.
1273 2238 1317 2268 Et
1338 2239 1541 2277 poscet.-46
1564 2234 1742 2266 Dubiumne
1756 2234 1791 2265 id

331 2289 399 2317 est?
425 2287 519 2316 Bem-
543 2294 607 2315 non
625 2284 728 2315 habet
745 2283 946 2324 particulam
968 2292 1017 2320 ne,
1040 2282 1111 2312 sine
1128 2290 1195 2322 qua
1214 2281 1333 2311 melius
1352 2278 1508 2320 procedit
1524 2277 1729 2316 trochaicus,
1753 2282 1790 2308 et

334 2338 510 2368 personam
523 2328 711 2359 Chremetis
722 2330 863 2357 annotat
877 2330 954 2366 post
965 2326 1084 2364 putavi.
1100 2325 1158 2355 Fa.
1184 2323 1238 2354 Ita
1251 2328 1285 2354 et
1298 2323 1390 2354 Perl.
1405 2322 1484 2362 Bip.
1498 2321 1598 2352 Both.
1612 2320 1791 2351 Dubiumne

336 2372 396 2402 ΒΓ.
415 2370 528 2402 Guelf.
544 2373 576 2401 2.
594 2373 712 2401 3.-48
729 2370 814 2400 Mss.
833 2374 867 2399 et
884 2367 1039 2408 impressi
1057 2367 1204 2407 quidam,
1221 2376 1262 2397 m.
1279 2366 1311 2396 in
1327 2375 1363 2396 ea
1377 2375 1442 2396 esse
1456 2365 1478 2395 l.
1495 2364 1602 2395 West.
1635 2366 1644 2380 ‘
1657 2362 1715 2393 Sic
1732 2362 1791 2393 de-

335 2414 386 2445 dit
399 2414 457 2444 Fa.
471 2413 559 2454 quod
577 2423 595 2443 a
609 2411 863 2443 correctoribus
880 2411 1014 2441 venisse
1027 2410 1174 2450 suspicio
1187 2414 1253 2440 est.
1297 2409 1435 2448 Quippe
1447 2407 1553 2438 nostri
1568 2405 1704 2437 codices
1719 2404 1792 2435 uni-

337 2457 427 2487 versi
440 2466 515 2487 cum
529 2454 608 2486 edd.
620 2460 702 2486 vett.
717 2465 757 2486 m.
773 2454 806 2485 in
819 2465 854 2485 ea
864 2464 926 2485 esse
942 2454 962 2484 l.
1007 2453 1171 2493 Repono:
1191 2461 1232 2482 m.
1246 2461 1309 2482 esse
1323 2451 1357 2482 in
1372 2460 1408 2481 ea
1423 2460 1457 2481 re
1472 2449 1505 2480 l.¹
1523 2449 1626 2480 Bent.
1663 2449 1672 2465 ‘
1687 2447 1790 2487 Vulg.

336 2500 369 2529 z'n
386 2509 421 2529 ea
437 2499 545 2529 minus
562 2498 699 2529 usitate.
733 2498 771 2528 In
786 2507 818 2528 eo
835 2497 857 2527 i.
873 2505 903 2527 e.
918 2496 951 2526 in
969 2504 1008 2526 ea
1025 2505 1074 2527 re.
1110 2496 1151 2535 B,
1170 2494 1198 2526 C
1212 2494 1322 2534 inesse,
1339 2493 1427 2524 sicut
1443 2492 1532 2532 vulg.
1547 2491 1629 2522 Hel.
1645 2499 1792 2530 magnum

337 2542 366 2573 ei
382 2552 445 2573 esse
460 2541 494 2571 l.’
518 2541 621 2571 Both.
646 2541 702 2581 qui
720 2540 791 2579 dat,
807 2550 848 2570 m.
866 2540 962 2569 inesse
978 2538 1011 2569 in
1026 2548 1060 2569 eo
1075 2540 1096 2569 l.
1140 2539 1199 2568 Br.
1214 2546 1255 2567 m.
1268 2537 1302 2567 in
1317 2546 1352 2567 ea
1367 2545 1431 2567 esse
1446 2536 1477 2566 l.
1514 2535 1605 2566 Perl.
1622 2544 1664 2565 m.
1679 2542 1742 2564 esse
1757 2532 1792 2563 in

337 2595 373 2616 ea
391 2585 412 2615 l.
458 2583 544 2614 Hah.
560 2586 590 2613 et
607 2584 640 2613 in
665 2584 739 2614 loco
759 2583 937 2613 verborum
953 2581 986 2611 in
1001 2591 1035 2611 ea
1060 2580 1177 2612 Guelf.
1192 2582 1312 2610 2.-49
1339 2579 1496 2611 Quatuor
1518 2577 1577 2608 hos
1603 2579 1793 2617 postremos

340 2637 407 2657 vss.
424 2627 591 2666 expungit
610 2626 699 2666 Guy.
727 2627 821 2656 West.
864 2626 873 2640 ‘
890 2624 930 2655 In
948 2624 1012 2654 Ms-
1038 2623 1082 2654 R.
1107 2633 1187 2654 nunc
1206 2621 1328 2653 deest!
1351 2621 1532 2652 Lind.-50
1558 2619 1641 2650 Mss.
1657 2623 1693 2650 et
1709 2617 1794 2649 editi

341 2669 492 2709 quidam,
514 2670 576 2699 ΞΥ.
604 2669 688 2703 Quid
704 2668 792 2707 agis?
827 2667 883 2698 Ita
895 2671 930 2697 et
946 2666 1183 2705 Calpliurnius.
1204 2665 1302 2696 West.
1346 2665 1355 2680 ‘
1369 2663 1486 2704 Aliqui
1503 2662 1593 2701 libri,
1616 2662 1692 2701 quid
1703 2661 1795 2700 agis?

340 2713 430 2743 iuter
446 2721 528 2752 quos
546 2711 641 2741 Beni.
669 2715 705 2741 et
733 2709 825 2741 Bas.’
849 2710 907 2740 1³a.
954 2710 1049 2740 ‘Non
1073 2718 1158 2740 emo.-
1178 2707 1255 2748 'quid
1280 2706 1372 2746 agis?
1410 2708 1471 2738 ΞΥ.
1495 2716 1522 2735 o.
1548 2706 1568 2736 l.
1614 2704 1671 2736 Sic
1697 2702 1795 2734 dedit

339 2755 399 2785 Fa.
414 2758 448 2785 et
465 2755 511 2784 sic
530 2753 662 2793 quidem
681 2753 833 2793 plerique
852 2752 968 2782 nostri.
1007 2751 1075 2782 Sed
1093 2750 1171 2788 duo,
1196 2754 1231 2781 et
1251 2754 1333 2780 vett.
1351 2749 1429 2780 edd.
1444 2748 1503 2778 ais.
1540 2747 1669 2778 Recte:
1695 2745 1794 2777 modo

341 2806 522 2837 personam
540 2802 671 2828 mutes:
698 2796 765 2826 Cu.
791 2795 863 2825 Non
880 2804 955 2826 emo.
1000 2794 1064 2825 ΞΥ.
1089 2794 1175 2830 Quid
1199 2793 1270 2824 ais?
1292 2803 1320 2824 ο.
1347 2791 1382 2823 l.'
1405 2792 1506 2823 Bent.
1550 2789 1607 2822 Ita
1630 2794 1666 2821 et
1693 2789 1793 2821 Both.
