<?xml version="1.0" encoding="UTF-8"?>
<!DOCTYPE html PUBLIC "-//W3C//DTD XHTML 1.0 Transitional//EN"
    "http://www.w3.org/TR/xhtml1/DTD/xhtml1-transitional.dtd">
<html xmlns="http://www.w3.org/1999/xhtml" xml:lang="en" lang="en">
 <head>
  <title>
</title>
<meta http-equiv="Content-Type" content="text/html;charset=utf-8" />
  <meta name='ocr-system' content='tesseract 3.04.00' />
  <meta name='ocr-capabilities' content='ocr_page ocr_carea ocr_par ocr_line ocrx_word'/>
</head>
<body>
  <div class='ocr_page' id='page_1' title='image "./pubterentiiafric02tereuoft/pubterentiiafric02tereuoft_0458.png"; bbox 0 0 1966 3302; ppageno 0'>
   <div class='ocr_carea' id='block_1_1' title="bbox 307 252 1263 294">
    <p class='ocr_par' dir='ltr' id='par_1_1' title="bbox 307 252 1263 294">
     <span class='ocr_line' id='line_1_1' title="bbox 307 252 1263 294; baseline -0.012 0"><span class='ocrx_word' id='word_1_1' title='bbox 307 252 392 294; x_wconf 80' lang='lat'>948</span> <span class='ocrx_word' id='word_1_2' title='bbox 801 258 840 286; x_wconf 85' lang='lat' dir='ltr'>P.</span> <span class='ocrx_word' id='word_1_3' title='bbox 873 255 1113 286; x_wconf 78' lang='lat' dir='ltr'>TERENTn</span> <span class='ocrx_word' id='word_1_4' title='bbox 1148 254 1263 285; x_wconf 67' lang='lat' dir='ltr'>Arm</span> 
     </span>
    </p>
   </div>
   <div class='ocr_carea' id='block_1_2' title="bbox 306 346 1765 1003">
    <p class='ocr_par' dir='ltr' id='par_1_2' title="bbox 307 346 1538 402">
     <span class='ocr_line' id='line_1_2' title="bbox 307 346 1538 402; baseline -0.01 -3"><span class='ocrx_word' id='word_1_5' title='bbox 307 358 415 399; x_wconf 88' lang='lat' dir='ltr'>Non</span> <span class='ocrx_word' id='word_1_6' title='bbox 432 355 515 397; x_wconf 84' lang='lat' dir='ltr'>fuit</span> <span class='ocrx_word' id='word_1_7' title='bbox 534 364 719 396; x_wconf 86' lang='lat' dir='ltr'>necesse</span> <span class='ocrx_word' id='word_1_8' title='bbox 740 351 901 393; x_wconf 83' lang='lat' dir='ltr'>habere</span> <span class='ocrx_word' id='word_1_9' title='bbox 919 362 929 390; x_wconf 75' lang='lat' dir='ltr'>t</span> <span class='ocrx_word' id='word_1_10' title='bbox 963 350 1062 399; x_wconf 89' lang='lat' dir='ltr'>sed,</span> <span class='ocrx_word' id='word_1_11' title='bbox 1085 349 1131 390; x_wconf 91' lang='lat' dir='ltr'>id</span> <span class='ocrx_word' id='word_1_12' title='bbox 1152 348 1271 402; x_wconf 92' lang='lat' dir='ltr'>quod</span> <span class='ocrx_word' id='word_1_13' title='bbox 1293 349 1366 389; x_wconf 83' lang='lat' dir='ltr'>lex</span> <span class='ocrx_word' id='word_1_14' title='bbox 1381 346 1538 401; x_wconf 61' lang='lat' dir='ltr'>jubet,</span> 
     </span>
    </p>

    <p class='ocr_par' dir='ltr' id='par_1_3' title="bbox 308 418 1267 473">
     <span class='ocr_line' id='line_1_3' title="bbox 308 418 1267 473; baseline -0.01 -7"><span class='ocrx_word' id='word_1_15' title='bbox 308 425 473 466; x_wconf 79' lang='lat' dir='ltr'>Dotem</span> <span class='ocrx_word' id='word_1_16' title='bbox 495 422 688 471; x_wconf 82' lang='lat' dir='ltr'>daretis;</span> <span class='ocrx_word' id='word_1_17' title='bbox 721 422 933 473; x_wconf 83' lang='lat' dir='ltr'>quaereret</span> <span class='ocrx_word' id='word_1_18' title='bbox 954 419 1091 459; x_wconf 81' lang='lat' dir='ltr'>alium</span> <span class='ocrx_word' id='word_1_19' title='bbox 1110 418 1267 457; x_wconf 88' lang='lat' dir='ltr'>virum.</span> 
     </span>
    </p>

    <p class='ocr_par' dir='ltr' id='par_1_4' title="bbox 309 482 1405 542">
     <span class='ocr_line' id='line_1_4' title="bbox 309 482 1405 542; baseline -0.01 -10"><span class='ocrx_word' id='word_1_20' title='bbox 309 492 409 542; x_wconf 84' lang='lat' dir='ltr'>Qua</span> <span class='ocrx_word' id='word_1_21' title='bbox 429 490 595 531; x_wconf 81' lang='lat' dir='ltr'>ratione</span> <span class='ocrx_word' id='word_1_22' title='bbox 617 488 793 541; x_wconf 85' lang='lat' dir='ltr'>inopem</span> <span class='ocrx_word' id='word_1_23' title='bbox 815 486 966 539; x_wconf 82' lang='lat' dir='ltr'>potius</span> <span class='ocrx_word' id='word_1_24' title='bbox 984 484 1176 526; x_wconf 83' lang='lat' dir='ltr'>ducebat</span> <span class='ocrx_word' id='word_1_25' title='bbox 1194 483 1371 523; x_wconf 90' lang='lat' dir='ltr'>domum</span> <span class='ocrx_word' id='word_1_26' title='bbox 1386 482 1405 521; x_wconf 76' lang='lat' dir='ltr'>‘l</span> 
     </span>
    </p>

    <p class='ocr_par' dir='ltr' id='par_1_5' title="bbox 306 546 1764 739">
     <span class='ocr_line' id='line_1_5' title="bbox 309 546 1696 604; baseline -0.009 -5"><span class='ocrx_word' id='word_1_27' title='bbox 309 560 398 601; x_wconf 85' lang='lat' dir='ltr'>GE.</span> <span class='ocrx_word' id='word_1_28' title='bbox 432 557 533 598; x_wconf 90' lang='lat' dir='ltr'>Non</span> <span class='ocrx_word' id='word_1_29' title='bbox 554 555 682 604; x_wconf 84' lang='lat' dir='ltr'>ratio,</span> <span class='ocrx_word' id='word_1_30' title='bbox 699 566 850 595; x_wconf 88' lang='lat' dir='ltr'>verum</span> <span class='ocrx_word' id='word_1_31' title='bbox 868 555 1090 604; x_wconf 84' lang='lat' dir='ltr'>argentum</span> <span class='ocrx_word' id='word_1_32' title='bbox 1113 550 1277 590; x_wconf 84' lang='lat' dir='ltr'>deerat.</span> <span class='ocrx_word' id='word_1_33' title='bbox 1339 548 1430 589; x_wconf 81' lang='lat' dir='ltr'>DE.</span> <span class='ocrx_word' id='word_1_34' title='bbox 1461 546 1660 587; x_wconf 85' lang='lat' dir='ltr'><strong>Sumeret</strong></span> <span class='ocrx_word' id='word_1_35' title='bbox 1683 563 1696 576; x_wconf 73' lang='lat'>=</span> 
     </span>
     <span class='ocr_line' id='line_1_6' title="bbox 306 614 1764 666; baseline -0.009 0"><span class='ocrx_word' id='word_1_36' title='bbox 306 624 546 666; x_wconf 88' lang='lat' dir='ltr'>Alicunde.</span> <span class='ocrx_word' id='word_1_37' title='bbox 606 622 695 664; x_wconf 82' lang='lat' dir='ltr'>GE.</span> <span class='ocrx_word' id='word_1_38' title='bbox 727 619 971 661; x_wconf 85' lang='lat' dir='ltr'>Alicunde!</span> <span class='ocrx_word' id='word_1_39' title='bbox 1005 618 1113 659; x_wconf 89' lang='lat' dir='ltr'>nihil</span> <span class='ocrx_word' id='word_1_40' title='bbox 1132 620 1200 658; x_wconf 78' lang='lat' dir='ltr'>est</span> <span class='ocrx_word' id='word_1_41' title='bbox 1221 616 1341 657; x_wconf 88' lang='lat' dir='ltr'>dictu</span> <span class='ocrx_word' id='word_1_42' title='bbox 1362 615 1557 656; x_wconf 83' lang='lat' dir='ltr'>facilius.</span> <span class='ocrx_word' id='word_1_43' title='bbox 1706 614 1764 655; x_wconf 84' lang='lat'>70</span> 
     </span>
     <span class='ocr_line' id='line_1_7' title="bbox 308 683 1380 739; baseline -0.009 -6"><span class='ocrx_word' id='word_1_44' title='bbox 308 693 403 734; x_wconf 82' lang='lat' dir='ltr'>DE.</span> <span class='ocrx_word' id='word_1_45' title='bbox 436 691 686 739; x_wconf 88' lang='lat' dir='ltr'>Postremo,</span> <span class='ocrx_word' id='word_1_46' title='bbox 709 689 747 729; x_wconf 91' lang='lat' dir='ltr'>si</span> <span class='ocrx_word' id='word_1_47' title='bbox 767 687 891 728; x_wconf 91' lang='lat' dir='ltr'>nullo</span> <span class='ocrx_word' id='word_1_48' title='bbox 912 686 1002 728; x_wconf 81' lang='lat' dir='ltr'>alio</span> <span class='ocrx_word' id='word_1_49' title='bbox 1021 689 1168 739; x_wconf 85' lang='lat' dir='ltr'>pacto,</span> <span class='ocrx_word' id='word_1_50' title='bbox 1201 683 1380 725; x_wconf 82' lang='lat' dir='ltr'>foenore.</span> 
     </span>
    </p>

    <p class='ocr_par' dir='ltr' id='par_1_6' title="bbox 309 747 1638 808">
     <span class='ocr_line' id='line_1_8' title="bbox 309 747 1638 808; baseline -0.009 -8"><span class='ocrx_word' id='word_1_51' title='bbox 309 759 399 800; x_wconf 75' lang='lat' dir='ltr'>GE.</span> <span class='ocrx_word' id='word_1_52' title='bbox 432 757 528 799; x_wconf 88' lang='lat' dir='ltr'>Hui</span> <span class='ocrx_word' id='word_1_53' title='bbox 546 757 554 798; x_wconf 91' lang='lat'><strong>!</strong></span> <span class='ocrx_word' id='word_1_54' title='bbox 587 756 702 797; x_wconf 85' lang='lat' dir='ltr'>dixti</span> <span class='ocrx_word' id='word_1_55' title='bbox 721 755 923 808; x_wconf 84' lang='lat' dir='ltr'><strong>pulchre,</strong></span> <span class='ocrx_word' id='word_1_56' title='bbox 943 751 1163 806; x_wconf 82' lang='lat' dir='ltr'>siquidem</span> <span class='ocrx_word' id='word_1_57' title='bbox 1184 750 1422 804; x_wconf 87' lang='lat' dir='ltr'>quisquam</span> <span class='ocrx_word' id='word_1_58' title='bbox 1443 747 1638 789; x_wconf 86' lang='lat' dir='ltr'>crederet</span> 
     </span>
    </p>

    <p class='ocr_par' dir='ltr' id='par_1_7' title="bbox 307 817 1631 946">
     <span class='ocr_line' id='line_1_9' title="bbox 307 817 1631 871; baseline -0.008 -4"><span class='ocrx_word' id='word_1_59' title='bbox 307 827 374 867; x_wconf 90' lang='lat' dir='ltr'>Te</span> <span class='ocrx_word' id='word_1_60' title='bbox 396 826 515 867; x_wconf 76' lang='lat' dir='ltr'>vivo,</span> <span class='ocrx_word' id='word_1_61' title='bbox 577 824 668 864; x_wconf 84' lang='lat' dir='ltr'>DE.</span> <span class='ocrx_word' id='word_1_62' title='bbox 701 822 822 871; x_wconf 89' lang='lat' dir='ltr'>Non,</span> <span class='ocrx_word' id='word_1_63' title='bbox 841 833 929 861; x_wconf 89' lang='lat' dir='ltr'>non</span> <span class='ocrx_word' id='word_1_64' title='bbox 949 820 1013 861; x_wconf 92' lang='lat' dir='ltr'>sic</span> <span class='ocrx_word' id='word_1_65' title='bbox 1035 819 1230 860; x_wconf 82' lang='lat' dir='ltr'>futurum</span> <span class='ocrx_word' id='word_1_66' title='bbox 1249 817 1328 858; x_wconf 68' lang='grc' dir='ltr'>’δῖε</span> <span class='ocrx_word' id='word_1_67' title='bbox 1357 829 1444 857; x_wconf 90' lang='lat' dir='ltr'>non</span> <span class='ocrx_word' id='word_1_68' title='bbox 1464 819 1631 869; x_wconf 84' lang='lat' dir='ltr'>potest.</span> 
     </span>
     <span class='ocr_line' id='line_1_10' title="bbox 308 883 1578 946; baseline -0.009 -11"><span class='ocrx_word' id='word_1_69' title='bbox 308 892 446 946; x_wconf 80' lang='lat' dir='ltr'>Egon’</span> <span class='ocrx_word' id='word_1_70' title='bbox 467 894 586 934; x_wconf 84' lang='lat' dir='ltr'>illam</span> <span class='ocrx_word' id='word_1_71' title='bbox 609 904 709 933; x_wconf 88' lang='lat' dir='ltr'>cum</span> <span class='ocrx_word' id='word_1_72' title='bbox 731 890 810 931; x_wconf 89' lang='lat' dir='ltr'>illo</span> <span class='ocrx_word' id='word_1_73' title='bbox 831 895 881 930; x_wconf 89' lang='lat' dir='ltr'>ut</span> <span class='ocrx_word' id='word_1_74' title='bbox 900 888 1048 942; x_wconf 83' lang='lat' dir='ltr'>patiar</span> <span class='ocrx_word' id='word_1_75' title='bbox 1067 890 1248 940; x_wconf 81' lang='lat' dir='ltr'><strong>nuptam</strong></span> <span class='ocrx_word' id='word_1_76' title='bbox 1268 898 1407 938; x_wconf 84' lang='lat' dir='ltr'>unum</span> <span class='ocrx_word' id='word_1_77' title='bbox 1428 883 1545 925; x_wconf 90' lang='lat' dir='ltr'>diem</span> <span class='ocrx_word' id='word_1_78' title='bbox 1558 884 1578 924; x_wconf 70' lang='grc' dir='ltr'>’ἱ</span> 
     </span>
    </p>

    <p class='ocr_par' dir='ltr' id='par_1_8' title="bbox 308 950 1765 1003">
     <span class='ocr_line' id='line_1_11' title="bbox 308 950 1765 1003; baseline -0.009 0"><span class='ocrx_word' id='word_1_79' title='bbox 308 962 433 1003; x_wconf 86' lang='lat' dir='ltr'>Nihil</span> <span class='ocrx_word' id='word_1_80' title='bbox 455 973 590 1001; x_wconf 80' lang='lat' dir='ltr'>suave</span> <span class='ocrx_word' id='word_1_81' title='bbox 612 959 815 1000; x_wconf 84' lang='lat' dir='ltr'>meritum</span> <span class='ocrx_word' id='word_1_82' title='bbox 837 957 904 998; x_wconf 88' lang='lat' dir='ltr'>&#39;st.</span> <span class='ocrx_word' id='word_1_83' title='bbox 965 955 1209 996; x_wconf 84' lang='lat' dir='ltr'>Hominem</span> <span class='ocrx_word' id='word_1_84' title='bbox 1229 950 1618 995; x_wconf 83' lang='lat' dir='ltr'>commonstrarier</span> <span class='ocrx_word' id='word_1_85' title='bbox 1707 951 1765 992; x_wconf 82' lang='lat'>75</span> 
     </span>
    </p>
   </div>
   <div class='ocr_carea' id='block_1_3' title="bbox 305 1094 1767 1438">
    <p class='ocr_par' dir='ltr' id='par_1_9' title="bbox 305 1094 1767 1438">
     <span class='ocr_line' id='line_1_12' title="bbox 306 1094 1767 1139; baseline -0.005 -8"><span class='ocrx_word' id='word_1_86' title='bbox 306 1100 339 1131; x_wconf 80' lang='lat' dir='ltr'>in</span> <span class='ocrx_word' id='word_1_87' title='bbox 362 1110 490 1131; x_wconf 76' lang='lat' dir='ltr'>uxorem</span> <span class='ocrx_word' id='word_1_88' title='bbox 517 1101 671 1139; x_wconf 81' lang='lat' dir='ltr'>accipere.-</span> <span class='ocrx_word' id='word_1_89' title='bbox 694 1101 748 1130; x_wconf 81' lang='lat' dir='ltr'>sed</span> <span class='ocrx_word' id='word_1_90' title='bbox 770 1099 803 1129; x_wconf 82' lang='lat' dir='ltr'>id</span> <span class='ocrx_word' id='word_1_91' title='bbox 832 1099 911 1139; x_wconf 83' lang='lat' dir='ltr'>quod</span> <span class='ocrx_word' id='word_1_92' title='bbox 937 1099 1004 1137; x_wconf 81' lang='lat' dir='ltr'>lege</span> <span class='ocrx_word' id='word_1_93' title='bbox 1026 1097 1228 1128; x_wconf 79' lang='lat' dir='ltr'>constitutum</span> <span class='ocrx_word' id='word_1_94' title='bbox 1251 1099 1309 1135; x_wconf 84' lang='lat' dir='ltr'>est,</span> <span class='ocrx_word' id='word_1_95' title='bbox 1335 1095 1487 1137; x_wconf 80' lang='lat' dir='ltr'>poteratis</span> <span class='ocrx_word' id='word_1_96' title='bbox 1505 1096 1608 1126; x_wconf 84' lang='lat' dir='ltr'>dotem</span> <span class='ocrx_word' id='word_1_97' title='bbox 1629 1094 1658 1125; x_wconf 74' lang='lat' dir='ltr'>ei</span> <span class='ocrx_word' id='word_1_98' title='bbox 1679 1094 1767 1134; x_wconf 79' lang='lat' dir='ltr'>dare,</span> 
     </span>
     <span class='ocr_line' id='line_1_13' title="bbox 305 1136 1766 1180; baseline -0.005 -7"><span class='ocrx_word' id='word_1_99' title='bbox 305 1146 341 1173; x_wconf 80' lang='lat' dir='ltr'>ut</span> <span class='ocrx_word' id='word_1_100' title='bbox 363 1143 423 1173; x_wconf 77' lang='lat' dir='ltr'>sibi</span> <span class='ocrx_word' id='word_1_101' title='bbox 445 1143 541 1174; x_wconf 77' lang='lat' dir='ltr'>alium</span> <span class='ocrx_word' id='word_1_102' title='bbox 563 1143 665 1173; x_wconf 71' lang='lat' dir='ltr'>virum</span> <span class='ocrx_word' id='word_1_103' title='bbox 687 1142 881 1180; x_wconf 74' lang='lat' dir='ltr'>adjungeret.</span> <span class='ocrx_word' id='word_1_104' title='bbox 927 1141 1063 1180; x_wconf 77' lang='lat' dir='ltr'>Propter</span> <span class='ocrx_word' id='word_1_105' title='bbox 1079 1150 1170 1180; x_wconf 86' lang='lat' dir='ltr'>quam</span> <span class='ocrx_word' id='word_1_106' title='bbox 1184 1139 1336 1170; x_wconf 74' lang='lat' dir='ltr'>rationem</span> <span class='ocrx_word' id='word_1_107' title='bbox 1357 1138 1461 1179; x_wconf 78' lang='lat' dir='ltr'>potius</span> <span class='ocrx_word' id='word_1_108' title='bbox 1482 1147 1610 1177; x_wconf 81' lang='lat' dir='ltr'>egenam</span> <span class='ocrx_word' id='word_1_109' title='bbox 1631 1136 1766 1167; x_wconf 83' lang='lat' dir='ltr'>omnium</span> 
     </span>
     <span class='ocr_line' id='line_1_14' title="bbox 306 1180 1765 1224; baseline -0.005 -8"><span class='ocrx_word' id='word_1_110' title='bbox 306 1195 410 1216; x_wconf 81' lang='lat' dir='ltr'>rerum</span> <span class='ocrx_word' id='word_1_111' title='bbox 430 1185 559 1216; x_wconf 79' lang='lat' dir='ltr'>ducebat</span> <span class='ocrx_word' id='word_1_112' title='bbox 582 1183 729 1216; x_wconf 80' lang='lat' dir='ltr'>domwn?</span> <span class='ocrx_word' id='word_1_113' title='bbox 774 1185 840 1214; x_wconf 81' lang='lat' dir='ltr'>GE.</span> <span class='ocrx_word' id='word_1_114' title='bbox 864 1184 938 1214; x_wconf 82' lang='lat' dir='ltr'>Non</span> <span class='ocrx_word' id='word_1_115' title='bbox 952 1183 1034 1214; x_wconf 82' lang='lat' dir='ltr'>ratio</span> <span class='ocrx_word' id='word_1_116' title='bbox 1054 1182 1225 1224; x_wconf 79' lang='lat' dir='ltr'>deficiebat,</span> <span class='ocrx_word' id='word_1_117' title='bbox 1248 1183 1302 1212; x_wconf 82' lang='lat' dir='ltr'>sed</span> <span class='ocrx_word' id='word_1_118' title='bbox 1322 1184 1497 1220; x_wconf 82' lang='lat' dir='ltr'>argentum.</span> <span class='ocrx_word' id='word_1_119' title='bbox 1542 1180 1608 1211; x_wconf 78' lang='lat' dir='ltr'>DE.</span> <span class='ocrx_word' id='word_1_120' title='bbox 1634 1180 1765 1210; x_wconf 78' lang='lat' dir='ltr'>Poterat</span> 
     </span>
     <span class='ocr_line' id='line_1_15' title="bbox 306 1221 1765 1268; baseline -0.005 -10"><span class='ocrx_word' id='word_1_121' title='bbox 306 1229 344 1258; x_wconf 80' lang='lat' dir='ltr'>ab</span> <span class='ocrx_word' id='word_1_122' title='bbox 359 1229 459 1268; x_wconf 80' lang='lat' dir='ltr'>aliquo</span> <span class='ocrx_word' id='word_1_123' title='bbox 481 1231 586 1258; x_wconf 75' lang='lat' dir='ltr'>mutuo</span> <span class='ocrx_word' id='word_1_124' title='bbox 601 1236 730 1258; x_wconf 77' lang='lat' dir='ltr'>sumere.</span> <span class='ocrx_word' id='word_1_125' title='bbox 776 1226 844 1257; x_wconf 79' lang='lat' dir='ltr'>GE.</span> <span class='ocrx_word' id='word_1_126' title='bbox 866 1225 916 1257; x_wconf 78' lang='lat' dir='ltr'>Ab</span> <span class='ocrx_word' id='word_1_127' title='bbox 936 1227 1062 1265; x_wconf 78' lang='lat' dir='ltr'>aliquo?</span> <span class='ocrx_word' id='word_1_128' title='bbox 1085 1225 1164 1256; x_wconf 71' lang='lat' dir='ltr'>nihil</span> <span class='ocrx_word' id='word_1_129' title='bbox 1178 1227 1225 1255; x_wconf 81' lang='lat' dir='ltr'>est</span> <span class='ocrx_word' id='word_1_130' title='bbox 1239 1225 1323 1255; x_wconf 77' lang='lat' dir='ltr'>dictu</span> <span class='ocrx_word' id='word_1_131' title='bbox 1330 1223 1475 1262; x_wconf 81' lang='lat' dir='ltr'>facilius.</span> <span class='ocrx_word' id='word_1_132' title='bbox 1521 1223 1591 1253; x_wconf 80' lang='lat' dir='ltr'>DE.</span> <span class='ocrx_word' id='word_1_133' title='bbox 1619 1221 1765 1260; x_wconf 77' lang='lat' dir='ltr'>Tandem,</span> 
     </span>
     <span class='ocr_line' id='line_1_16' title="bbox 305 1264 1765 1309; baseline -0.004 -9"><span class='ocrx_word' id='word_1_134' title='bbox 305 1271 333 1300; x_wconf 80' lang='lat' dir='ltr'>si</span> <span class='ocrx_word' id='word_1_135' title='bbox 347 1271 429 1301; x_wconf 81' lang='lat' dir='ltr'>nullo</span> <span class='ocrx_word' id='word_1_136' title='bbox 444 1272 505 1301; x_wconf 81' lang='lat' dir='ltr'>alz&#39;o</span> <span class='ocrx_word' id='word_1_137' title='bbox 520 1270 607 1300; x_wconf 88' lang='lat' dir='ltr'>modo</span> <span class='ocrx_word' id='word_1_138' title='bbox 622 1269 703 1300; x_wconf 82' lang='lat' dir='ltr'>sumi</span> <span class='ocrx_word' id='word_1_139' title='bbox 718 1270 831 1309; x_wconf 80' lang='lat' dir='ltr'>potuit,</span> <span class='ocrx_word' id='word_1_140' title='bbox 846 1270 956 1300; x_wconf 81' lang='lat' dir='ltr'>saltem</span> <span class='ocrx_word' id='word_1_141' title='bbox 969 1268 1024 1298; x_wconf 83' lang='lat' dir='ltr'>sub</span> <span class='ocrx_word' id='word_1_142' title='bbox 1032 1269 1154 1306; x_wconf 83' lang='lat' dir='ltr'>foenore</span> <span class='ocrx_word' id='word_1_143' title='bbox 1168 1267 1331 1306; x_wconf 75' lang='lat' dir='ltr'>acciperet.</span> <span class='ocrx_word' id='word_1_144' title='bbox 1375 1266 1442 1298; x_wconf 83' lang='lat' dir='ltr'>GE.</span> <span class='ocrx_word' id='word_1_145' title='bbox 1467 1265 1538 1296; x_wconf 78' lang='lat' dir='ltr'>Hm·</span> <span class='ocrx_word' id='word_1_146' title='bbox 1551 1264 1566 1296; x_wconf 82' lang='lat' dir='ltr'><em>l</em></span> <span class='ocrx_word' id='word_1_147' title='bbox 1587 1265 1664 1296; x_wconf 81' lang='lat' dir='ltr'>scite</span> <span class='ocrx_word' id='word_1_148' title='bbox 1683 1264 1765 1294; x_wconf 80' lang='lat' dir='ltr'>locu-</span> 
     </span>
     <span class='ocr_line' id='line_1_17' title="bbox 308 1307 1766 1353; baseline -0.005 -9"><span class='ocrx_word' id='word_1_149' title='bbox 308 1316 357 1344; x_wconf 78' lang='lat' dir='ltr'>tus</span> <span class='ocrx_word' id='word_1_150' title='bbox 372 1323 416 1350; x_wconf 84' lang='lat' dir='ltr'>es,</span> <span class='ocrx_word' id='word_1_151' title='bbox 431 1314 459 1344; x_wconf 82' lang='lat' dir='ltr'>si</span> <span class='ocrx_word' id='word_1_152' title='bbox 474 1313 596 1353; x_wconf 80' lang='lat' dir='ltr'>quidem</span> <span class='ocrx_word' id='word_1_153' title='bbox 610 1313 702 1349; x_wconf 77' lang='lat' dir='ltr'>ullus,</span> <span class='ocrx_word' id='word_1_154' title='bbox 717 1316 746 1343; x_wconf 82' lang='lat' dir='ltr'>te</span> <span class='ocrx_word' id='word_1_155' title='bbox 761 1312 843 1350; x_wconf 80' lang='lat' dir='ltr'>vivo,</span> <span class='ocrx_word' id='word_1_156' title='bbox 858 1310 931 1352; x_wconf 77' lang='lat' dir='ltr'>filio</span> <span class='ocrx_word' id='word_1_157' title='bbox 944 1311 1106 1351; x_wconf 77' lang='lat' dir='ltr'>pecuniam</span> <span class='ocrx_word' id='word_1_158' title='bbox 1120 1313 1260 1340; x_wconf 82' lang='lat' dir='ltr'>mutuam</span> <span class='ocrx_word' id='word_1_159' title='bbox 1274 1310 1349 1340; x_wconf 85' lang='lat' dir='ltr'>dare</span> <span class='ocrx_word' id='word_1_160' title='bbox 1361 1309 1462 1340; x_wconf 71' lang='lat' dir='ltr'>vellet.</span> <span class='ocrx_word' id='word_1_161' title='bbox 1512 1309 1579 1338; x_wconf 80' lang='lat' dir='ltr'>DE.</span> <span class='ocrx_word' id='word_1_162' title='bbox 1604 1307 1689 1346; x_wconf 80' lang='lat' dir='ltr'>Non,</span> <span class='ocrx_word' id='word_1_163' title='bbox 1704 1315 1766 1337; x_wconf 81' lang='lat' dir='ltr'>non</span> 
     </span>
     <span class='ocr_line' id='line_1_18' title="bbox 307 1349 1766 1393; baseline -0.005 -7"><span class='ocrx_word' id='word_1_164' title='bbox 307 1356 351 1386; x_wconf 81' lang='lat' dir='ltr'>sic</span> <span class='ocrx_word' id='word_1_165' title='bbox 381 1366 431 1387; x_wconf 84' lang='lat' dir='ltr'>res</span> <span class='ocrx_word' id='word_1_166' title='bbox 456 1365 488 1386; x_wconf 82' lang='lat' dir='ltr'>se</span> <span class='ocrx_word' id='word_1_167' title='bbox 513 1355 657 1386; x_wconf 83' lang='lat' dir='ltr'>habebit:</span> <span class='ocrx_word' id='word_1_168' title='bbox 681 1351 766 1386; x_wconf 67' lang='lat' dir='ltr'>istud</span> <span class='ocrx_word' id='word_1_169' title='bbox 791 1363 854 1385; x_wconf 85' lang='lat' dir='ltr'>esse</span> <span class='ocrx_word' id='word_1_170' title='bbox 881 1363 941 1384; x_wconf 77' lang='lat' dir='ltr'>non</span> <span class='ocrx_word' id='word_1_171' title='bbox 969 1356 1084 1393; x_wconf 81' lang='lat' dir='ltr'>potest.</span> <span class='ocrx_word' id='word_1_172' title='bbox 1129 1353 1238 1391; x_wconf 81' lang='lat' dir='ltr'>Egone</span> <span class='ocrx_word' id='word_1_173' title='bbox 1268 1352 1356 1382; x_wconf 78' lang='lat' dir='ltr'>illam</span> <span class='ocrx_word' id='word_1_174' title='bbox 1384 1361 1453 1382; x_wconf 87' lang='lat' dir='ltr'>cum</span> <span class='ocrx_word' id='word_1_175' title='bbox 1481 1350 1535 1381; x_wconf 78' lang='lat' dir='ltr'>illo</span> <span class='ocrx_word' id='word_1_176' title='bbox 1559 1359 1655 1381; x_wconf 79' lang='lat' dir='ltr'>unum</span> <span class='ocrx_word' id='word_1_177' title='bbox 1684 1349 1766 1379; x_wconf 82' lang='lat' dir='ltr'>diem</span> 
     </span>
     <span class='ocr_line' id='line_1_19' title="bbox 306 1390 1766 1438; baseline -0.005 -9"><span class='ocrx_word' id='word_1_178' title='bbox 306 1401 435 1438; x_wconf 71' lang='lat' dir='ltr'>nuptam</span> <span class='ocrx_word' id='word_1_179' title='bbox 449 1408 571 1429; x_wconf 79' lang='lat' dir='ltr'>munere</span> <span class='ocrx_word' id='word_1_180' title='bbox 585 1398 708 1428; x_wconf 82' lang='lat' dir='ltr'>sinam?</span> <span class='ocrx_word' id='word_1_181' title='bbox 730 1397 814 1428; x_wconf 82' lang='lat' dir='ltr'>nulla</span> <span class='ocrx_word' id='word_1_182' title='bbox 824 1405 938 1427; x_wconf 84' lang='lat' dir='ltr'>merces</span> <span class='ocrx_word' id='word_1_183' title='bbox 948 1397 1022 1426; x_wconf 79' lang='lat' dir='ltr'>adeo</span> <span class='ocrx_word' id='word_1_184' title='bbox 1034 1395 1137 1426; x_wconf 80' lang='lat' dir='ltr'>suavis</span> <span class='ocrx_word' id='word_1_185' title='bbox 1147 1394 1225 1426; x_wconf 79' lang='lat' dir='ltr'>mihi</span> <span class='ocrx_word' id='word_1_186' title='bbox 1237 1403 1302 1425; x_wconf 83' lang='lat' dir='ltr'>esse</span> <span class='ocrx_word' id='word_1_187' title='bbox 1314 1396 1415 1434; x_wconf 79' lang='lat' dir='ltr'>potest</span> <span class='ocrx_word' id='word_1_188' title='bbox 1427 1396 1462 1424; x_wconf 83' lang='lat' dir='ltr'>ut</span> <span class='ocrx_word' id='word_1_189' title='bbox 1474 1393 1507 1424; x_wconf 84' lang='lat' dir='ltr'>id</span> <span class='ocrx_word' id='word_1_190' title='bbox 1517 1393 1624 1434; x_wconf 80' lang='lat' dir='ltr'>patiar</span> <span class='ocrx_word' id='word_1_191' title='bbox 1633 1402 1647 1429; x_wconf 91' lang='lat'><em>;</em></span> <span class='ocrx_word' id='word_1_192' title='bbox 1669 1390 1766 1422; x_wconf 79' lang='lat' dir='ltr'>homi-</span> 
     </span>
    </p>
   </div>
   <div class='ocr_carea' id='block_1_4' title="bbox 931 1478 1172 1492">
    <p class='ocr_par' dir='ltr' id='par_1_10' title="bbox 931 1478 1172 1492">
     <span class='ocr_line' id='line_1_20' title="bbox 931 1478 1172 1492; baseline -0.008 0"><span class='ocrx_word' id='word_1_193' title='bbox 931 1478 1172 1492; x_wconf 56' lang='lat' dir='ltr'>eeeeeeeeeee</span> 
     </span>
    </p>
   </div>
   <div class='ocr_carea' id='block_1_5' title="bbox 310 1541 1770 2817">
    <p class='ocr_par' dir='ltr' id='par_1_11' title="bbox 310 1541 1770 2817">
     <span class='ocr_line' id='line_1_21' title="bbox 310 1541 1766 1578; baseline -0.003 -1"><span class='ocrx_word' id='word_1_194' title='bbox 310 1546 459 1577; x_wconf 87' lang='lat' dir='ltr'>occurrit</span> <span class='ocrx_word' id='word_1_195' title='bbox 483 1545 517 1576; x_wconf 92' lang='lat' dir='ltr'>in</span> <span class='ocrx_word' id='word_1_196' title='bbox 544 1546 682 1576; x_wconf 87' lang='lat' dir='ltr'>Phorm.</span> <span class='ocrx_word' id='word_1_197' title='bbox 711 1554 736 1576; x_wconf 92' lang='lat'>1.</span> <span class='ocrx_word' id='word_1_198' title='bbox 763 1548 794 1576; x_wconf 86' lang='grc'>4.</span> <span class='ocrx_word' id='word_1_199' title='bbox 814 1545 967 1578; x_wconf 84' lang='lat'>29.&#39;-66</span> <span class='ocrx_word' id='word_1_200' title='bbox 990 1545 1067 1575; x_wconf 89' lang='lat' dir='ltr'>Duo</span> <span class='ocrx_word' id='word_1_201' title='bbox 1095 1548 1229 1575; x_wconf 84' lang='lat' dir='ltr'>veteres</span> <span class='ocrx_word' id='word_1_202' title='bbox 1257 1542 1361 1573; x_wconf 84' lang='lat' dir='ltr'>nostri</span> <span class='ocrx_word' id='word_1_203' title='bbox 1387 1550 1553 1573; x_wconf 81' lang='lat' dir='ltr'><strong><em>necessum.</em></strong></span> <span class='ocrx_word' id='word_1_204' title='bbox 1576 1541 1766 1572; x_wconf 60' lang='lat' dir='ltr'>genn—67</span> 
     </span>
     <span class='ocr_line' id='line_1_22' title="bbox 310 1583 1765 1628; baseline -0.004 -9"><span class='ocrx_word' id='word_1_205' title='bbox 310 1589 419 1619; x_wconf 81' lang='lat' dir='ltr'>Alium</span> <span class='ocrx_word' id='word_1_206' title='bbox 429 1592 580 1628; x_wconf 80' lang='lat' dir='ltr'>quoereret</span> <span class='ocrx_word' id='word_1_207' title='bbox 596 1589 783 1619; x_wconf 60' lang='lat' dir='ltr'>Rutu—68</span> <span class='ocrx_word' id='word_1_208' title='bbox 809 1588 879 1622; x_wconf 80' lang='lat' dir='ltr'>Qua</span> <span class='ocrx_word' id='word_1_209' title='bbox 895 1589 997 1628; x_wconf 80' lang='lat' dir='ltr'>potius</span> <span class='ocrx_word' id='word_1_210' title='bbox 1011 1588 1130 1618; x_wconf 78' lang='lat' dir='ltr'>ratione</span> <span class='ocrx_word' id='word_1_211' title='bbox 1146 1587 1265 1626; x_wconf 81' lang='lat' dir='ltr'>inopem</span> <span class='ocrx_word' id='word_1_212' title='bbox 1281 1585 1415 1616; x_wconf 83' lang='lat' dir='ltr'>id.—70</span> <span class='ocrx_word' id='word_1_213' title='bbox 1439 1585 1493 1615; x_wconf 84' lang='lat' dir='ltr'>Ex</span> <span class='ocrx_word' id='word_1_214' title='bbox 1509 1585 1606 1615; x_wconf 84' lang='lat' dir='ltr'>Bem.</span> <span class='ocrx_word' id='word_1_215' title='bbox 1622 1583 1765 1623; x_wconf 85' lang='lat' dir='ltr'>legimus</span> 
     </span>
     <span class='ocr_line' id='line_1_23' title="bbox 310 1624 1767 1670; baseline -0.004 -9"><span class='ocrx_word' id='word_1_216' title='bbox 310 1631 414 1661; x_wconf 77' lang='lat' dir='ltr'>dicto.-</span> <span class='ocrx_word' id='word_1_217' title='bbox 439 1631 528 1670; x_wconf 85' lang='lat' dir='ltr'>quod</span> <span class='ocrx_word' id='word_1_218' title='bbox 547 1631 728 1670; x_wconf 86' lang='lat' dir='ltr'>perspicue</span> <span class='ocrx_word' id='word_1_219' title='bbox 740 1631 861 1661; x_wconf 89' lang='lat' dir='ltr'>melius</span> <span class='ocrx_word' id='word_1_220' title='bbox 880 1635 941 1661; x_wconf 83' lang='lat' dir='ltr'>est.</span> <span class='ocrx_word' id='word_1_221' title='bbox 985 1630 1063 1661; x_wconf 86' lang='lat' dir='ltr'>Hoc</span> <span class='ocrx_word' id='word_1_222' title='bbox 1085 1629 1174 1660; x_wconf 89' lang='lat' dir='ltr'>enim</span> <span class='ocrx_word' id='word_1_223' title='bbox 1192 1630 1306 1659; x_wconf 83' lang='lat' dir='ltr'>dicere</span> <span class='ocrx_word' id='word_1_224' title='bbox 1323 1628 1394 1658; x_wconf 87' lang='lat' dir='ltr'>vult</span> <span class='ocrx_word' id='word_1_225' title='bbox 1411 1626 1514 1664; x_wconf 86' lang='lat' dir='ltr'>Geta,</span> <span class='ocrx_word' id='word_1_226' title='bbox 1536 1625 1617 1656; x_wconf 75' lang='lat' dir='ltr'>nihil</span> <span class='ocrx_word' id='word_1_227' title='bbox 1635 1624 1767 1656; x_wconf 75' lang='lat' dir='ltr'>facilius</span> 
     </span>
     <span class='ocr_line' id='line_1_24' title="bbox 311 1667 1768 1714; baseline -0.003 -11"><span class='ocrx_word' id='word_1_228' title='bbox 311 1682 382 1703; x_wconf 86' lang='lat' dir='ltr'>esse</span> <span class='ocrx_word' id='word_1_229' title='bbox 400 1683 500 1714; x_wconf 89' lang='lat' dir='ltr'>quam</span> <span class='ocrx_word' id='word_1_230' title='bbox 518 1673 656 1704; x_wconf 83' lang='lat' dir='ltr'>dicere:</span> <span class='ocrx_word' id='word_1_231' title='bbox 680 1682 746 1703; x_wconf 91' lang='lat' dir='ltr'>non</span> <span class='ocrx_word' id='word_1_232' title='bbox 774 1672 865 1714; x_wconf 89' lang='lat' dir='ltr'>quod</span> <span class='ocrx_word' id='word_1_233' title='bbox 890 1673 969 1710; x_wconf 91' lang='lat' dir='ltr'>hoc,</span> <span class='ocrx_word' id='word_1_234' title='bbox 995 1671 1086 1713; x_wconf 86' lang='lat' dir='ltr'>quod</span> <span class='ocrx_word' id='word_1_235' title='bbox 1108 1672 1196 1702; x_wconf 85' lang='lat' dir='ltr'>dixit</span> <span class='ocrx_word' id='word_1_236' title='bbox 1213 1670 1397 1709; x_wconf 80' lang='lat' dir='ltr'>Demipho,</span> <span class='ocrx_word' id='word_1_237' title='bbox 1425 1669 1468 1699; x_wconf 90' lang='lat' dir='ltr'>sit</span> <span class='ocrx_word' id='word_1_238' title='bbox 1484 1667 1681 1699; x_wconf 75' lang='lat' dir='ltr'>facillimum</span> <span class='ocrx_word' id='word_1_239' title='bbox 1697 1678 1768 1699; x_wconf 88' lang='lat' dir='ltr'>om-</span> 
     </span>
     <span class='ocr_line' id='line_1_25' title="bbox 311 1710 1766 1752; baseline -0.002 -7"><span class='ocrx_word' id='word_1_240' title='bbox 311 1715 403 1746; x_wconf 88' lang='lat' dir='ltr'>nium</span> <span class='ocrx_word' id='word_1_241' title='bbox 420 1715 462 1746; x_wconf 87' lang='lat' dir='ltr'>ad</span> <span class='ocrx_word' id='word_1_242' title='bbox 479 1715 673 1746; x_wconf 89' lang='lat' dir='ltr'>dicendum.</span> <span class='ocrx_word' id='word_1_243' title='bbox 698 1715 757 1746; x_wconf 76' lang='lat' dir='ltr'>Fa.</span> <span class='ocrx_word' id='word_1_244' title='bbox 803 1715 923 1747; x_wconf 86' lang='lat' dir='ltr'>Nostri</span> <span class='ocrx_word' id='word_1_245' title='bbox 938 1715 1025 1746; x_wconf 80' lang='lat' dir='ltr'>dictu</span> <span class='ocrx_word' id='word_1_246' title='bbox 1036 1726 1046 1745; x_wconf 92' lang='lat'>.·</span> <span class='ocrx_word' id='word_1_247' title='bbox 1064 1719 1098 1745; x_wconf 84' lang='lat' dir='ltr'>et</span> <span class='ocrx_word' id='word_1_248' title='bbox 1114 1718 1209 1745; x_wconf 86' lang='lat' dir='ltr'>recte</span> <span class='ocrx_word' id='word_1_249' title='bbox 1223 1725 1231 1745; x_wconf 69' lang='grc' dir='ltr'><strong><em>ε</em></strong></span> <span class='ocrx_word' id='word_1_250' title='bbox 1250 1713 1341 1744; x_wconf 77' lang='lat' dir='ltr'>Nihil</span> <span class='ocrx_word' id='word_1_251' title='bbox 1355 1710 1580 1749; x_wconf 80' lang='lat' dir='ltr'>dictufacilius</span> <span class='ocrx_word' id='word_1_252' title='bbox 1594 1714 1652 1749; x_wconf 74' lang='lat' dir='ltr'>ese,</span> <span class='ocrx_word' id='word_1_253' title='bbox 1666 1720 1766 1752; x_wconf 86' lang='lat' dir='ltr'>qnam</span> 
     </span>
     <span class='ocr_line' id='line_1_26' title="bbox 310 1754 1767 1794; baseline -0.001 -7"><span class='ocrx_word' id='word_1_254' title='bbox 310 1758 393 1788; x_wconf 89' lang='lat' dir='ltr'>illud</span> <span class='ocrx_word' id='word_1_255' title='bbox 417 1762 425 1776; x_wconf 78' lang='lat'><em>⁴</em></span> <span class='ocrx_word' id='word_1_256' title='bbox 440 1757 633 1789; x_wconf 84' lang='lat' dir='ltr'>Alicunde.’</span> <span class='ocrx_word' id='word_1_257' title='bbox 678 1757 819 1789; x_wconf 86' lang='lat' dir='ltr'>Fefellit</span> <span class='ocrx_word' id='word_1_258' title='bbox 844 1758 900 1789; x_wconf 90' lang='lat' dir='ltr'>hic</span> <span class='ocrx_word' id='word_1_259' title='bbox 923 1767 982 1788; x_wconf 84' lang='lat' dir='ltr'>sua</span> <span class='ocrx_word' id='word_1_260' title='bbox 1010 1756 1176 1788; x_wconf 75' lang='lat' dir='ltr'>Faernum</span> <span class='ocrx_word' id='word_1_261' title='bbox 1199 1755 1383 1787; x_wconf 77' lang='lat' dir='ltr'>subtilitas,</span> <span class='ocrx_word' id='word_1_262' title='bbox 1428 1755 1524 1785; x_wconf 79' lang='lat' dir='ltr'>Dicto</span> <span class='ocrx_word' id='word_1_263' title='bbox 1541 1754 1664 1793; x_wconf 70' lang='lat' dir='ltr'>Delph.</span> <span class='ocrx_word' id='word_1_264' title='bbox 1688 1754 1767 1794; x_wconf 86' lang='lat' dir='ltr'>Bip.</span> 
     </span>
     <span class='ocr_line' id='line_1_27' title="bbox 310 1795 1768 1840; baseline -0.003 -10"><span class='ocrx_word' id='word_1_265' title='bbox 310 1803 392 1830; x_wconf 84' lang='lat'>—71</span> <span class='ocrx_word' id='word_1_266' title='bbox 419 1801 525 1832; x_wconf 86' lang='lat' dir='ltr'>Codd.</span> <span class='ocrx_word' id='word_1_267' title='bbox 550 1800 688 1840; x_wconf 88' lang='lat' dir='ltr'>quidam</span> <span class='ocrx_word' id='word_1_268' title='bbox 713 1801 797 1832; x_wconf 86' lang='lat' dir='ltr'>Mss.</span> <span class='ocrx_word' id='word_1_269' title='bbox 822 1804 856 1831; x_wconf 85' lang='lat' dir='ltr'>et</span> <span class='ocrx_word' id='word_1_270' title='bbox 884 1799 1040 1840; x_wconf 86' lang='lat' dir='ltr'>impressi</span> <span class='ocrx_word' id='word_1_271' title='bbox 1063 1804 1141 1840; x_wconf 88' lang='lat' dir='ltr'>post</span> <span class='ocrx_word' id='word_1_272' title='bbox 1170 1799 1242 1831; x_wconf 89' lang='grc' dir='ltr'>ΕΡ.</span> <span class='ocrx_word' id='word_1_273' title='bbox 1271 1799 1317 1829; x_wconf 80' lang='lat' dir='ltr'>vel</span> <span class='ocrx_word' id='word_1_274' title='bbox 1331 1797 1413 1834; x_wconf 85' lang='lat' dir='ltr'>foen.</span> <span class='ocrx_word' id='word_1_275' title='bbox 1438 1797 1546 1828; x_wconf 83' lang='lat' dir='ltr'>West.</span> <span class='ocrx_word' id='word_1_276' title='bbox 1589 1795 1630 1826; x_wconf 85' lang='grc' dir='ltr'>Τὸ</span> <span class='ocrx_word' id='word_1_277' title='bbox 1645 1797 1704 1834; x_wconf 71' lang='grc' dir='ltr'>τοὶ,</span> <span class='ocrx_word' id='word_1_278' title='bbox 1731 1800 1768 1827; x_wconf 89' lang='lat' dir='ltr'>et</span> 
     </span>
     <span class='ocr_line' id='line_1_28' title="bbox 311 1838 1766 1883; baseline -0.001 -11"><span class='ocrx_word' id='word_1_279' title='bbox 311 1844 484 1883; x_wconf 86' lang='lat' dir='ltr'>respuitur</span> <span class='ocrx_word' id='word_1_280' title='bbox 500 1852 519 1874; x_wconf 85' lang='lat' dir='ltr'>a</span> <span class='ocrx_word' id='word_1_281' title='bbox 536 1852 646 1878; x_wconf 86' lang='lat' dir='ltr'>versu,</span> <span class='ocrx_word' id='word_1_282' title='bbox 670 1852 733 1874; x_wconf 88' lang='lat' dir='ltr'>nec</span> <span class='ocrx_word' id='word_1_283' title='bbox 750 1848 801 1874; x_wconf 87' lang='lat' dir='ltr'>est</span> <span class='ocrx_word' id='word_1_284' title='bbox 819 1843 851 1873; x_wconf 91' lang='lat' dir='ltr'>in</span> <span class='ocrx_word' id='word_1_285' title='bbox 869 1843 1045 1878; x_wconf 77' lang='lat' dir='ltr'>Bembina,</span> <span class='ocrx_word' id='word_1_286' title='bbox 1064 1852 1103 1874; x_wconf 88' lang='lat' dir='ltr'>ac</span> <span class='ocrx_word' id='word_1_287' title='bbox 1131 1851 1174 1872; x_wconf 91' lang='lat' dir='ltr'>ne</span> <span class='ocrx_word' id='word_1_288' title='bbox 1198 1842 1232 1872; x_wconf 94' lang='lat' dir='ltr'>in</span> <span class='ocrx_word' id='word_1_289' title='bbox 1249 1841 1306 1872; x_wconf 88' lang='lat' dir='ltr'>Vi.</span> <span class='ocrx_word' id='word_1_290' title='bbox 1322 1839 1470 1882; x_wconf 87' lang='lat' dir='ltr'>quidem,</span> <span class='ocrx_word' id='word_1_291' title='bbox 1487 1839 1550 1870; x_wconf 89' lang='lat' dir='ltr'>nisi</span> <span class='ocrx_word' id='word_1_292' title='bbox 1567 1838 1766 1879; x_wconf 86' lang='lat' dir='ltr'>adjectum:</span> 
     </span>
     <span class='ocr_line' id='line_1_29' title="bbox 311 1881 1768 1926; baseline -0.003 -11"><span class='ocrx_word' id='word_1_293' title='bbox 311 1895 373 1916; x_wconf 85' lang='lat' dir='ltr'>nec</span> <span class='ocrx_word' id='word_1_294' title='bbox 391 1896 409 1916; x_wconf 91' lang='lat' dir='ltr'>a</span> <span class='ocrx_word' id='word_1_295' title='bbox 425 1886 483 1917; x_wconf 88' lang='lat' dir='ltr'>Pr.</span> <span class='ocrx_word' id='word_1_296' title='bbox 500 1886 651 1926; x_wconf 86' lang='lat' dir='ltr'>ponitur,</span> <span class='ocrx_word' id='word_1_297' title='bbox 662 1886 791 1917; x_wconf 86' lang='lat' dir='ltr'>citante</span> <span class='ocrx_word' id='word_1_298' title='bbox 804 1886 894 1916; x_wconf 84' lang='lat' dir='ltr'>hunc</span> <span class='ocrx_word' id='word_1_299' title='bbox 910 1886 1020 1916; x_wconf 90' lang='lat' dir='ltr'>locum</span> <span class='ocrx_word' id='word_1_300' title='bbox 1034 1885 1120 1916; x_wconf 89' lang='lat' dir='ltr'>libro</span> <span class='ocrx_word' id='word_1_301' title='bbox 1134 1893 1195 1915; x_wconf 78' lang='lat' dir='ltr'>xv.</span> <span class='ocrx_word' id='word_1_302' title='bbox 1213 1889 1248 1914; x_wconf 89' lang='lat' dir='ltr'>ut</span> <span class='ocrx_word' id='word_1_303' title='bbox 1260 1884 1396 1924; x_wconf 89' lang='lat' dir='ltr'>quidem</span> <span class='ocrx_word' id='word_1_304' title='bbox 1413 1883 1448 1913; x_wconf 91' lang='lat' dir='ltr'>in</span> <span class='ocrx_word' id='word_1_305' title='bbox 1465 1882 1536 1922; x_wconf 82' lang='lat' dir='ltr'>ejus</span> <span class='ocrx_word' id='word_1_306' title='bbox 1553 1881 1648 1912; x_wconf 88' lang='lat' dir='ltr'>libris</span> <span class='ocrx_word' id='word_1_307' title='bbox 1660 1881 1768 1921; x_wconf 86' lang='lat' dir='ltr'>scrip-</span> 
     </span>
     <span class='ocr_line' id='line_1_30' title="bbox 310 1923 1766 1967; baseline -0.003 -9"><span class='ocrx_word' id='word_1_308' title='bbox 310 1928 353 1958; x_wconf 77' lang='lat' dir='ltr'>tis</span> <span class='ocrx_word' id='word_1_309' title='bbox 378 1928 513 1967; x_wconf 85' lang='lat' dir='ltr'>legitur.</span> <span class='ocrx_word' id='word_1_310' title='bbox 543 1928 597 1959; x_wconf 77' lang='lat' dir='ltr'>Fa.</span> <span class='ocrx_word' id='word_1_311' title='bbox 641 1928 673 1958; x_wconf 91' lang='lat' dir='ltr'><strong>A</strong></span> <span class='ocrx_word' id='word_1_312' title='bbox 691 1929 871 1958; x_wconf 87' lang='lat' dir='ltr'>veterrimo</span> <span class='ocrx_word' id='word_1_313' title='bbox 887 1931 1002 1958; x_wconf 88' lang='lat' dir='ltr'>nostro</span> <span class='ocrx_word' id='word_1_314' title='bbox 1019 1937 1094 1958; x_wconf 91' lang='lat' dir='ltr'>cum</span> <span class='ocrx_word' id='word_1_315' title='bbox 1111 1926 1241 1958; x_wconf 88' lang='lat' dir='ltr'>duobus</span> <span class='ocrx_word' id='word_1_316' title='bbox 1258 1927 1333 1957; x_wconf 84' lang='lat' dir='ltr'>aliis</span> <span class='ocrx_word' id='word_1_317' title='bbox 1351 1925 1449 1955; x_wconf 85' lang='lat' dir='ltr'>abest</span> <span class='ocrx_word' id='word_1_318' title='bbox 1472 1925 1531 1955; x_wconf 85' lang='lat' dir='ltr'>vel.</span> <span class='ocrx_word' id='word_1_319' title='bbox 1576 1923 1680 1964; x_wconf 89' lang='lat' dir='ltr'>Apud</span> <span class='ocrx_word' id='word_1_320' title='bbox 1706 1924 1766 1955; x_wconf 83' lang='lat' dir='ltr'>Pr.</span> 
     </span>
     <span class='ocr_line' id='line_1_31' title="bbox 312 1966 1768 2011; baseline -0.002 -10"><span class='ocrx_word' id='word_1_321' title='bbox 312 1980 344 2011; x_wconf 91' lang='lat' dir='ltr'>p.</span> <span class='ocrx_word' id='word_1_322' title='bbox 364 1973 456 2002; x_wconf 90' lang='grc'><strong>1009.</strong></span> <span class='ocrx_word' id='word_1_323' title='bbox 475 1970 596 2011; x_wconf 87' lang='lat' dir='ltr'>scripti</span> <span class='ocrx_word' id='word_1_324' title='bbox 614 1970 679 2001; x_wconf 88' lang='lat' dir='ltr'>duo</span> <span class='ocrx_word' id='word_1_325' title='bbox 694 1971 739 2001; x_wconf 80' lang='lat' dir='ltr'>vel</span> <span class='ocrx_word' id='word_1_326' title='bbox 753 1971 891 2001; x_wconf 83' lang='lat' dir='ltr'>habent.</span> <span class='ocrx_word' id='word_1_327' title='bbox 915 1971 1011 2001; x_wconf 82' lang='lat' dir='ltr'>Bent.</span> <span class='ocrx_word' id='word_1_328' title='bbox 1056 1970 1172 2000; x_wconf 81' lang='lat' dir='ltr'>Foenus</span> <span class='ocrx_word' id='word_1_329' title='bbox 1192 1969 1319 2000; x_wconf 88' lang='lat' dir='ltr'>rectius</span> <span class='ocrx_word' id='word_1_330' title='bbox 1335 1967 1498 1999; x_wconf 84' lang='lat' dir='ltr'>scribitur</span> <span class='ocrx_word' id='word_1_331' title='bbox 1513 1975 1575 2007; x_wconf 88' lang='lat' dir='ltr'>per</span> <span class='ocrx_word' id='word_1_332' title='bbox 1590 1966 1735 2006; x_wconf 85' lang='lat' dir='ltr'>simplex</span> <span class='ocrx_word' id='word_1_333' title='bbox 1751 1977 1768 1998; x_wconf 88' lang='lat' dir='ltr'>e</span> 
     </span>
     <span class='ocr_line' id='line_1_32' title="bbox 310 2009 1767 2053; baseline -0.002 -11"><span class='ocrx_word' id='word_1_334' title='bbox 310 2023 408 2053; x_wconf 78' lang='lat' dir='ltr'>quam</span> <span class='ocrx_word' id='word_1_335' title='bbox 427 2023 538 2053; x_wconf 80' lang='lat' dir='ltr'>perce.</span> <span class='ocrx_word' id='word_1_336' title='bbox 563 2014 605 2044; x_wconf 88' lang='lat' dir='ltr'>R.</span> <span class='ocrx_word' id='word_1_337' title='bbox 620 2013 664 2044; x_wconf 88' lang='lat' dir='ltr'>D.</span> <span class='ocrx_word' id='word_1_338' title='bbox 715 2013 768 2043; x_wconf 87' lang='lat' dir='ltr'>Vel</span> <span class='ocrx_word' id='word_1_339' title='bbox 781 2012 904 2051; x_wconf 76' lang='lat' dir='ltr'>foenore</span> <span class='ocrx_word' id='word_1_340' title='bbox 928 2013 1075 2044; x_wconf 81' lang='lat' dir='ltr'>Br.—73</span> <span class='ocrx_word' id='word_1_341' title='bbox 1100 2011 1131 2042; x_wconf 89' lang='lat' dir='ltr'><strong>A</strong></span> <span class='ocrx_word' id='word_1_342' title='bbox 1155 2011 1354 2052; x_wconf 83' lang='lat' dir='ltr'>quibusdam</span> <span class='ocrx_word' id='word_1_343' title='bbox 1382 2009 1565 2040; x_wconf 88' lang='lat' dir='ltr'>Codicibus</span> <span class='ocrx_word' id='word_1_344' title='bbox 1583 2009 1674 2049; x_wconf 86' lang='lat' dir='ltr'>prius</span> <span class='ocrx_word' id='word_1_345' title='bbox 1692 2009 1767 2040; x_wconf 82' lang='lat' dir='ltr'>Non</span> 
     </span>
     <span class='ocr_line' id='line_1_33' title="bbox 312 2052 1769 2097; baseline -0.001 -13"><span class='ocrx_word' id='word_1_346' title='bbox 312 2055 420 2087; x_wconf 84' lang='lat' dir='ltr'>abest.</span> <span class='ocrx_word' id='word_1_347' title='bbox 448 2056 542 2087; x_wconf 84' lang='lat' dir='ltr'>West.</span> <span class='ocrx_word' id='word_1_348' title='bbox 589 2056 663 2085; x_wconf 87' lang='lat' dir='ltr'>Non</span> <span class='ocrx_word' id='word_1_349' title='bbox 679 2055 862 2097; x_wconf 82' lang='lat' dir='ltr'>potestfieri</span> <span class='ocrx_word' id='word_1_350' title='bbox 878 2054 997 2087; x_wconf 85' lang='lat' dir='ltr'>Guelf.</span> <span class='ocrx_word' id='word_1_351' title='bbox 1015 2057 1134 2086; x_wconf 82' lang='grc'><strong>3.-74</strong></span> <span class='ocrx_word' id='word_1_352' title='bbox 1159 2055 1229 2093; x_wconf 79' lang='lat' dir='ltr'>Ego</span> <span class='ocrx_word' id='word_1_353' title='bbox 1246 2054 1346 2084; x_wconf 88' lang='lat' dir='ltr'>Both.</span> <span class='ocrx_word' id='word_1_354' title='bbox 1363 2053 1444 2092; x_wconf 90' lang='lat' dir='ltr'>Bip.</span> <span class='ocrx_word' id='word_1_355' title='bbox 1483 2052 1561 2083; x_wconf 90' lang='lat' dir='ltr'>Non</span> <span class='ocrx_word' id='word_1_356' title='bbox 1578 2052 1769 2091; x_wconf 84' lang='lat' dir='ltr'>interrogat</span> 
     </span>
     <span class='ocr_line' id='line_1_34' title="bbox 310 2093 1768 2138; baseline -0.001 -10"><span class='ocrx_word' id='word_1_357' title='bbox 310 2098 391 2137; x_wconf 89' lang='lat' dir='ltr'>Bip.</span> <span class='ocrx_word' id='word_1_358' title='bbox 406 2098 439 2128; x_wconf 90' lang='lat' dir='ltr'>in</span> <span class='ocrx_word' id='word_1_359' title='bbox 456 2096 521 2128; x_wconf 85' lang='lat' dir='ltr'>fine</span> <span class='ocrx_word' id='word_1_360' title='bbox 539 2101 751 2129; x_wconf 45' lang='lat' dir='ltr'>versum—23</span> <span class='ocrx_word' id='word_1_361' title='bbox 771 2098 844 2137; x_wconf 80' lang='lat' dir='ltr'>Ego</span> <span class='ocrx_word' id='word_1_362' title='bbox 861 2097 1025 2138; x_wconf 87' lang='lat' dir='ltr'>scriptum</span> <span class='ocrx_word' id='word_1_363' title='bbox 1042 2096 1148 2128; x_wconf 85' lang='lat' dir='ltr'>fuisse</span> <span class='ocrx_word' id='word_1_364' title='bbox 1163 2102 1258 2136; x_wconf 77' lang='lat' dir='ltr'>puto.</span> <span class='ocrx_word' id='word_1_365' title='bbox 1292 2096 1350 2127; x_wconf 79' lang='lat' dir='ltr'>Nil</span> <span class='ocrx_word' id='word_1_366' title='bbox 1360 2105 1451 2126; x_wconf 80' lang='lat' dir='ltr'>suave</span> <span class='ocrx_word' id='word_1_367' title='bbox 1466 2093 1588 2126; x_wconf 75' lang='lat' dir='ltr'>meritu’</span> <span class='ocrx_word' id='word_1_368' title='bbox 1603 2097 1659 2125; x_wconf 80' lang='lat' dir='ltr'>est.</span> <span class='ocrx_word' id='word_1_369' title='bbox 1676 2094 1768 2126; x_wconf 78' lang='lat' dir='ltr'>Gov-</span> 
     </span>
     <span class='ocr_line' id='line_1_35' title="bbox 314 2136 1770 2180; baseline -0.001 -10"><span class='ocrx_word' id='word_1_370' title='bbox 314 2141 407 2170; x_wconf 72' lang='lat' dir='ltr'>Nihil</span> <span class='ocrx_word' id='word_1_371' title='bbox 429 2150 521 2172; x_wconf 75' lang='lat' dir='ltr'>suave</span> <span class='ocrx_word' id='word_1_372' title='bbox 547 2139 699 2171; x_wconf 70' lang='lat' dir='ltr'>meritum*</span> <span class='ocrx_word' id='word_1_373' title='bbox 724 2140 767 2180; x_wconf 78' lang='lat' dir='ltr'>st]</span> <span class='ocrx_word' id='word_1_374' title='bbox 790 2140 844 2170; x_wconf 88' lang='lat' dir='ltr'>Ita</span> <span class='ocrx_word' id='word_1_375' title='bbox 867 2140 949 2171; x_wconf 87' lang='lat' dir='ltr'>Mss.</span> <span class='ocrx_word' id='word_1_376' title='bbox 968 2139 1085 2170; x_wconf 85' lang='lat' dir='ltr'>Leidd.</span> <span class='ocrx_word' id='word_1_377' title='bbox 1102 2148 1231 2176; x_wconf 85' lang='lat' dir='ltr'>omnes,</span> <span class='ocrx_word' id='word_1_378' title='bbox 1248 2138 1346 2169; x_wconf 87' lang='lat' dir='ltr'>Bodl.</span> <span class='ocrx_word' id='word_1_379' title='bbox 1364 2137 1486 2168; x_wconf 84' lang='lat' dir='ltr'>Boend.</span> <span class='ocrx_word' id='word_1_380' title='bbox 1504 2137 1546 2168; x_wconf 83' lang='lat' dir='ltr'>G.</span> <span class='ocrx_word' id='word_1_381' title='bbox 1575 2137 1667 2177; x_wconf 89' lang='lat' dir='ltr'>Lips.</span> <span class='ocrx_word' id='word_1_382' title='bbox 1685 2136 1770 2169; x_wconf 88' lang='lat' dir='ltr'>Wit.</span> 
     </span>
     <span class='ocr_line' id='line_1_36' title="bbox 311 2179 1766 2222; baseline -0.002 -9"><span class='ocrx_word' id='word_1_383' title='bbox 311 2183 361 2213; x_wconf 93' lang='lat' dir='ltr'>M.</span> <span class='ocrx_word' id='word_1_384' title='bbox 378 2188 413 2213; x_wconf 88' lang='lat' dir='ltr'>et</span> <span class='ocrx_word' id='word_1_385' title='bbox 427 2184 484 2213; x_wconf 89' lang='lat' dir='ltr'>Tr.</span> <span class='ocrx_word' id='word_1_386' title='bbox 497 2193 574 2213; x_wconf 89' lang='lat' dir='ltr'>cum</span> <span class='ocrx_word' id='word_1_387' title='bbox 591 2182 661 2213; x_wconf 84' lang='lat' dir='ltr'>EP.</span> <span class='ocrx_word' id='word_1_388' title='bbox 678 2181 751 2213; x_wconf 84' lang='lat' dir='ltr'>EA.</span> <span class='ocrx_word' id='word_1_389' title='bbox 770 2183 837 2214; x_wconf 87' lang='lat' dir='ltr'>ET.</span> <span class='ocrx_word' id='word_1_390' title='bbox 851 2182 1006 2217; x_wconf 85' lang='lat' dir='ltr'>Venetis,</span> <span class='ocrx_word' id='word_1_391' title='bbox 1026 2181 1107 2222; x_wconf 87' lang='lat' dir='ltr'>Arg.</span> <span class='ocrx_word' id='word_1_392' title='bbox 1122 2180 1378 2221; x_wconf 82' lang='lat' dir='ltr'>Antverpiensi‚</span> <span class='ocrx_word' id='word_1_393' title='bbox 1391 2181 1489 2213; x_wconf 87' lang='lat' dir='ltr'>Junt.</span> <span class='ocrx_word' id='word_1_394' title='bbox 1507 2179 1586 2210; x_wconf 88' lang='lat' dir='ltr'>Ald.</span> <span class='ocrx_word' id='word_1_395' title='bbox 1604 2180 1656 2211; x_wconf 90' lang='lat' dir='ltr'>St.</span> <span class='ocrx_word' id='word_1_396' title='bbox 1669 2179 1766 2210; x_wconf 87' lang='lat' dir='ltr'>aliis:</span> 
     </span>
     <span class='ocr_line' id='line_1_37' title="bbox 312 2223 1767 2265; baseline -0.001 -11"><span class='ocrx_word' id='word_1_397' title='bbox 312 2234 420 2265; x_wconf 79' lang='lat' dir='ltr'>neque</span> <span class='ocrx_word' id='word_1_398' title='bbox 438 2225 537 2256; x_wconf 85' lang='lat' dir='ltr'>aliter</span> <span class='ocrx_word' id='word_1_399' title='bbox 551 2224 788 2256; x_wconf 85' lang='lat' dir='ltr'>Gambarellus</span> <span class='ocrx_word' id='word_1_400' title='bbox 805 2230 840 2256; x_wconf 91' lang='lat' dir='ltr'>et</span> <span class='ocrx_word' id='word_1_401' title='bbox 856 2225 1006 2256; x_wconf 82' lang='lat' dir='ltr'>Fabrini.</span> <span class='ocrx_word' id='word_1_402' title='bbox 1053 2225 1097 2255; x_wconf 89' lang='lat' dir='ltr'>Et</span> <span class='ocrx_word' id='word_1_403' title='bbox 1116 2224 1250 2255; x_wconf 88' lang='lat' dir='ltr'>videtur</span> <span class='ocrx_word' id='word_1_404' title='bbox 1266 2223 1458 2261; x_wconf 79' lang='lat' dir='ltr'>Goveanus,</span> <span class='ocrx_word' id='word_1_405' title='bbox 1473 2231 1616 2263; x_wconf 87' lang='lat' dir='ltr'>eumque</span> <span class='ocrx_word' id='word_1_406' title='bbox 1629 2226 1767 2253; x_wconf 80' lang='lat' dir='ltr'>secutus</span> 
     </span>
     <span class='ocr_line' id='line_1_38' title="bbox 317 2263 1768 2308; baseline -0.003 -10"><span class='ocrx_word' id='word_1_407' title='bbox 317 2268 487 2308; x_wconf 84' lang='lat' dir='ltr'>Guyetns‚</span> <span class='ocrx_word' id='word_1_408' title='bbox 503 2272 631 2298; x_wconf 86' lang='lat' dir='ltr'>temere</span> <span class='ocrx_word' id='word_1_409' title='bbox 645 2272 774 2298; x_wconf 88' lang='lat' dir='ltr'>mutare</span> <span class='ocrx_word' id='word_1_410' title='bbox 792 2269 824 2298; x_wconf 90' lang='lat' dir='ltr'>in</span> <span class='ocrx_word' id='word_1_411' title='bbox 841 2268 935 2298; x_wconf 82' lang='lat' dir='ltr'>Nihil</span> <span class='ocrx_word' id='word_1_412' title='bbox 948 2277 1040 2298; x_wconf 80' lang='lat' dir='ltr'>suave</span> <span class='ocrx_word' id='word_1_413' title='bbox 1053 2266 1177 2297; x_wconf 80' lang='lat' dir='ltr'>meritu&#39;</span> <span class='ocrx_word' id='word_1_414' title='bbox 1195 2266 1290 2305; x_wconf 82' lang='lat' dir='ltr'>&#39;st,h.</span> <span class='ocrx_word' id='word_1_415' title='bbox 1307 2276 1338 2297; x_wconf 87' lang='lat' dir='ltr'>e.</span> <span class='ocrx_word' id='word_1_416' title='bbox 1350 2266 1490 2297; x_wconf 73' lang='lat' dir='ltr'>Meritus</span> <span class='ocrx_word' id='word_1_417' title='bbox 1503 2269 1561 2304; x_wconf 80' lang='lat' dir='ltr'>est,</span> <span class='ocrx_word' id='word_1_418' title='bbox 1577 2265 1653 2295; x_wconf 86' lang='lat' dir='ltr'>sub.</span> <span class='ocrx_word' id='word_1_419' title='bbox 1668 2263 1768 2295; x_wconf 79' lang='lat' dir='ltr'>Anti-</span> 
     </span>
     <span class='ocr_line' id='line_1_39' title="bbox 312 2306 1767 2351; baseline -0.001 -12"><span class='ocrx_word' id='word_1_420' title='bbox 312 2311 390 2350; x_wconf 83' lang='lat' dir='ltr'>pho.</span> <span class='ocrx_word' id='word_1_421' title='bbox 437 2310 585 2340; x_wconf 88' lang='lat' dir='ltr'>Nimium</span> <span class='ocrx_word' id='word_1_422' title='bbox 610 2317 774 2351; x_wconf 85' lang='lat' dir='ltr'>quantum</span> <span class='ocrx_word' id='word_1_423' title='bbox 791 2320 808 2341; x_wconf 83' lang='lat' dir='ltr'>a</span> <span class='ocrx_word' id='word_1_424' title='bbox 827 2311 916 2350; x_wconf 81' lang='lat' dir='ltr'>vulg.</span> <span class='ocrx_word' id='word_1_425' title='bbox 938 2311 1020 2341; x_wconf 83' lang='lat' dir='ltr'>leet.</span> <span class='ocrx_word' id='word_1_426' title='bbox 1037 2309 1108 2340; x_wconf 88' lang='lat' dir='ltr'>abit</span> <span class='ocrx_word' id='word_1_427' title='bbox 1125 2309 1323 2349; x_wconf 83' lang='lat' dir='ltr'>conjectura</span> <span class='ocrx_word' id='word_1_428' title='bbox 1338 2309 1415 2341; x_wconf 76' lang='lat' dir='ltr'>Joll.</span> <span class='ocrx_word' id='word_1_429' title='bbox 1432 2308 1568 2346; x_wconf 84' lang='lat' dir='ltr'>Clerici,</span> <span class='ocrx_word' id='word_1_430' title='bbox 1585 2306 1662 2338; x_wconf 85' lang='lat' dir='ltr'>Art.</span> <span class='ocrx_word' id='word_1_431' title='bbox 1681 2306 1767 2338; x_wconf 83' lang='lat' dir='ltr'>Crit.</span> 
     </span>
     <span class='ocr_line' id='line_1_40' title="bbox 312 2349 1767 2392; baseline -0.002 -10"><span class='ocrx_word' id='word_1_432' title='bbox 312 2361 370 2383; x_wconf 78' lang='grc' dir='ltr'>ιιι.</span> <span class='ocrx_word' id='word_1_433' title='bbox 390 2355 417 2383; x_wconf 86' lang='grc'>1.</span> <span class='ocrx_word' id='word_1_434' title='bbox 433 2355 463 2383; x_wconf 81' lang='grc'>4.</span> <span class='ocrx_word' id='word_1_435' title='bbox 480 2355 510 2384; x_wconf 88' lang='grc'>7.</span> <span class='ocrx_word' id='word_1_436' title='bbox 524 2353 670 2391; x_wconf 79' lang='lat' dir='ltr'>legentis</span> <span class='ocrx_word' id='word_1_437' title='bbox 685 2364 693 2385; x_wconf 85' lang='grc'>;</span> <span class='ocrx_word' id='word_1_438' title='bbox 718 2353 811 2384; x_wconf 78' lang='lat' dir='ltr'>Nihil</span> <span class='ocrx_word' id='word_1_439' title='bbox 825 2363 931 2392; x_wconf 78' lang='lat' dir='ltr'>suave,</span> <span class='ocrx_word' id='word_1_440' title='bbox 946 2353 980 2383; x_wconf 76' lang='grc' dir='ltr'>πὶ</span> <span class='ocrx_word' id='word_1_441' title='bbox 995 2353 1090 2383; x_wconf 78' lang='lat' dir='ltr'>citum</span> <span class='ocrx_word' id='word_1_442' title='bbox 1104 2355 1161 2383; x_wconf 82' lang='lat' dir='ltr'>est.</span> <span class='ocrx_word' id='word_1_443' title='bbox 1188 2352 1292 2382; x_wconf 91' lang='lat' dir='ltr'>West.</span> <span class='ocrx_word' id='word_1_444' title='bbox 1338 2351 1431 2382; x_wconf 77' lang='lat' dir='ltr'>Nihil</span> <span class='ocrx_word' id='word_1_445' title='bbox 1445 2360 1535 2381; x_wconf 81' lang='lat' dir='ltr'>suave</span> <span class='ocrx_word' id='word_1_446' title='bbox 1549 2349 1693 2380; x_wconf 80' lang='lat' dir='ltr'>meritum</span> <span class='ocrx_word' id='word_1_447' title='bbox 1705 2349 1767 2389; x_wconf 74' lang='lat' dir='ltr'>est]</span> 
     </span>
     <span class='ocr_line' id='line_1_41' title="bbox 311 2391 1766 2434; baseline -0.002 -9"><span class='ocrx_word' id='word_1_448' title='bbox 311 2395 488 2425; x_wconf 85' lang='lat' dir='ltr'>Donatus:</span> <span class='ocrx_word' id='word_1_449' title='bbox 511 2395 520 2411; x_wconf 91' lang='lat'>‘</span> <span class='ocrx_word' id='word_1_450' title='bbox 534 2395 627 2425; x_wconf 89' lang='lat' dir='ltr'>Nihil</span> <span class='ocrx_word' id='word_1_451' title='bbox 650 2395 729 2425; x_wconf 88' lang='lat' dir='ltr'>mihi</span> <span class='ocrx_word' id='word_1_452' title='bbox 746 2395 915 2426; x_wconf 87' lang='lat' dir='ltr'>mercedis</span> <span class='ocrx_word' id='word_1_453' title='bbox 930 2405 1033 2426; x_wconf 87' lang='lat' dir='ltr'>suave</span> <span class='ocrx_word' id='word_1_454' title='bbox 1049 2399 1116 2433; x_wconf 86' lang='lat' dir='ltr'>est,</span> <span class='ocrx_word' id='word_1_455' title='bbox 1139 2399 1176 2425; x_wconf 92' lang='lat' dir='ltr'>ut</span> <span class='ocrx_word' id='word_1_456' title='bbox 1192 2403 1256 2434; x_wconf 83' lang='lat' dir='ltr'>ego</span> <span class='ocrx_word' id='word_1_457' title='bbox 1278 2394 1370 2425; x_wconf 88' lang='lat' dir='ltr'>illam</span> <span class='ocrx_word' id='word_1_458' title='bbox 1388 2403 1464 2424; x_wconf 90' lang='lat' dir='ltr'>cum</span> <span class='ocrx_word' id='word_1_459' title='bbox 1486 2393 1543 2424; x_wconf 92' lang='lat' dir='ltr'>illo</span> <span class='ocrx_word' id='word_1_460' title='bbox 1559 2396 1702 2432; x_wconf 86' lang='lat' dir='ltr'>nuptam</span> <span class='ocrx_word' id='word_1_461' title='bbox 1718 2391 1766 2422; x_wconf 85' lang='lat' dir='ltr'>fe-</span> 
     </span>
     <span class='ocr_line' id='line_1_42' title="bbox 312 2434 1766 2476; baseline -0.001 -10"><span class='ocrx_word' id='word_1_462' title='bbox 312 2446 382 2467; x_wconf 87' lang='lat' dir='ltr'>ram</span> <span class='ocrx_word' id='word_1_463' title='bbox 397 2448 405 2468; x_wconf 76' lang='lat'>2</span> <span class='ocrx_word' id='word_1_464' title='bbox 429 2447 520 2468; x_wconf 79' lang='lat' dir='ltr'>suave</span> <span class='ocrx_word' id='word_1_465' title='bbox 537 2439 680 2468; x_wconf 72' lang='lat' dir='ltr'>meritum</span> <span class='ocrx_word' id='word_1_466' title='bbox 695 2438 784 2469; x_wconf 87' lang='lat' dir='ltr'>enim</span> <span class='ocrx_word' id='word_1_467' title='bbox 802 2447 938 2469; x_wconf 87' lang='lat' dir='ltr'>suavem</span> <span class='ocrx_word' id='word_1_468' title='bbox 954 2437 1147 2468; x_wconf 86' lang='lat' dir='ltr'>mercedem</span> <span class='ocrx_word' id='word_1_469' title='bbox 1162 2436 1356 2476; x_wconf 62' lang='lat' dir='ltr'>significat?</span> <span class='ocrx_word' id='word_1_470' title='bbox 1400 2435 1490 2468; x_wconf 83' lang='lat' dir='ltr'>Quid</span> <span class='ocrx_word' id='word_1_471' title='bbox 1517 2434 1672 2466; x_wconf 80' lang='lat' dir='ltr'>faceret?</span> <span class='ocrx_word' id='word_1_472' title='bbox 1697 2434 1766 2465; x_wconf 79' lang='lat' dir='ltr'>[lli-</span> 
     </span>
     <span class='ocr_line' id='line_1_43' title="bbox 313 2475 1768 2521; baseline -0.001 -12"><span class='ocrx_word' id='word_1_473' title='bbox 313 2484 411 2519; x_wconf 81' lang='lat' dir='ltr'>gatus</span> <span class='ocrx_word' id='word_1_474' title='bbox 428 2479 596 2510; x_wconf 81' lang='lat' dir='ltr'>mendosae</span> <span class='ocrx_word' id='word_1_475' title='bbox 616 2480 767 2519; x_wconf 83' lang='lat' dir='ltr'>lectioni,</span> <span class='ocrx_word' id='word_1_476' title='bbox 792 2481 886 2521; x_wconf 87' lang='lat' dir='ltr'>pejus</span> <span class='ocrx_word' id='word_1_477' title='bbox 909 2481 1012 2511; x_wconf 86' lang='lat' dir='ltr'>nihilo</span> <span class='ocrx_word' id='word_1_478' title='bbox 1029 2479 1127 2517; x_wconf 86' lang='lat' dir='ltr'>dixit,</span> <span class='ocrx_word' id='word_1_479' title='bbox 1143 2488 1184 2509; x_wconf 91' lang='lat' dir='ltr'>ne</span> <span class='ocrx_word' id='word_1_480' title='bbox 1199 2479 1279 2509; x_wconf 84' lang='lat' dir='ltr'>nihil</span> <span class='ocrx_word' id='word_1_481' title='bbox 1296 2479 1438 2509; x_wconf 84' lang='lat' dir='ltr'>diceret.</span> <span class='ocrx_word' id='word_1_482' title='bbox 1484 2478 1546 2509; x_wconf 88' lang='lat' dir='ltr'>Est</span> <span class='ocrx_word' id='word_1_483' title='bbox 1571 2484 1695 2514; x_wconf 86' lang='lat' dir='ltr'>tamen,</span> <span class='ocrx_word' id='word_1_484' title='bbox 1710 2475 1768 2518; x_wconf 91' lang='lat' dir='ltr'>qui</span> 
     </span>
     <span class='ocr_line' id='line_1_44' title="bbox 312 2520 1768 2562; baseline -0.001 -11"><span class='ocrx_word' id='word_1_485' title='bbox 312 2522 374 2551; x_wconf 86' lang='lat' dir='ltr'>hoc</span> <span class='ocrx_word' id='word_1_486' title='bbox 389 2532 407 2552; x_wconf 87' lang='lat' dir='ltr'>a</span> <span class='ocrx_word' id='word_1_487' title='bbox 426 2523 562 2553; x_wconf 85' lang='lat' dir='ltr'>Donato</span> <span class='ocrx_word' id='word_1_488' title='bbox 585 2523 594 2539; x_wconf 91' lang='lat'>‘</span> <span class='ocrx_word' id='word_1_489' title='bbox 611 2523 724 2562; x_wconf 83' lang='lat' dir='ltr'>paucis</span> <span class='ocrx_word' id='word_1_490' title='bbox 743 2523 853 2554; x_wconf 85' lang='lat' dir='ltr'>verbis</span> <span class='ocrx_word' id='word_1_491' title='bbox 870 2523 997 2562; x_wconf 87' lang='lat' dir='ltr'>optime</span> <span class='ocrx_word' id='word_1_492' title='bbox 1014 2523 1220 2562; x_wconf 84' lang='lat' dir='ltr'>explicatum</span> <span class='ocrx_word' id='word_1_493' title='bbox 1234 2521 1242 2534; x_wconf 92' lang='lat'>’</span> <span class='ocrx_word' id='word_1_494' title='bbox 1259 2526 1367 2561; x_wconf 83' lang='lat' dir='ltr'>putet.</span> <span class='ocrx_word' id='word_1_495' title='bbox 1412 2520 1560 2551; x_wconf 88' lang='lat' dir='ltr'>Felicem</span> <span class='ocrx_word' id='word_1_496' title='bbox 1578 2528 1657 2550; x_wconf 88' lang='lat' dir='ltr'>sane</span> <span class='ocrx_word' id='word_1_497' title='bbox 1673 2528 1768 2550; x_wconf 85' lang='lat' dir='ltr'>cere-</span> 
     </span>
     <span class='ocr_line' id='line_1_45' title="bbox 314 2562 1768 2605; baseline -0.001 -12"><span class='ocrx_word' id='word_1_498' title='bbox 314 2564 383 2594; x_wconf 88' lang='lat' dir='ltr'>bri!</span> <span class='ocrx_word' id='word_1_499' title='bbox 409 2564 476 2594; x_wconf 77' lang='lat' dir='ltr'>Sed</span> <span class='ocrx_word' id='word_1_500' title='bbox 492 2574 665 2605; x_wconf 85' lang='lat' dir='ltr'>quousque</span> <span class='ocrx_word' id='word_1_501' title='bbox 683 2565 820 2596; x_wconf 85' lang='lat' dir='ltr'>tandem</span> <span class='ocrx_word' id='word_1_502' title='bbox 837 2565 878 2596; x_wconf 91' lang='lat' dir='ltr'>ab</span> <span class='ocrx_word' id='word_1_503' title='bbox 896 2565 959 2595; x_wconf 87' lang='lat' dir='ltr'>hac</span> <span class='ocrx_word' id='word_1_504' title='bbox 975 2564 1132 2596; x_wconf 79' lang='lat' dir='ltr'>lectionis</span> <span class='ocrx_word' id='word_1_505' title='bbox 1146 2565 1239 2594; x_wconf 85' lang='lat' dir='ltr'>larva</span> <span class='ocrx_word' id='word_1_506' title='bbox 1256 2563 1420 2594; x_wconf 85' lang='lat' dir='ltr'>ludificari</span> <span class='ocrx_word' id='word_1_507' title='bbox 1438 2571 1497 2594; x_wconf 86' lang='lat' dir='ltr'>nos</span> <span class='ocrx_word' id='word_1_508' title='bbox 1515 2562 1684 2592; x_wconf 81' lang='lat' dir='ltr'>sinemus?</span> <span class='ocrx_word' id='word_1_509' title='bbox 1702 2562 1768 2592; x_wconf 88' lang='lat' dir='ltr'>Re-</span> 
     </span>
     <span class='ocr_line' id='line_1_46' title="bbox 314 2604 1769 2645; baseline -0.001 -10"><span class='ocrx_word' id='word_1_510' title='bbox 314 2615 415 2645; x_wconf 85' lang='lat' dir='ltr'>pone,</span> <span class='ocrx_word' id='word_1_511' title='bbox 429 2607 488 2636; x_wconf 81' lang='lat' dir='ltr'>Nil</span> <span class='ocrx_word' id='word_1_512' title='bbox 503 2617 593 2637; x_wconf 74' lang='lat' dir='ltr'>suave</span> <span class='ocrx_word' id='word_1_513' title='bbox 605 2607 759 2639; x_wconf 73' lang='lat' dir='ltr'>meritust.</span> <span class='ocrx_word' id='word_1_514' title='bbox 804 2607 923 2638; x_wconf 81' lang='lat' dir='ltr'>Merita</span> <span class='ocrx_word' id='word_1_515' title='bbox 938 2611 996 2645; x_wconf 77' lang='lat' dir='ltr'>est,</span> <span class='ocrx_word' id='word_1_516' title='bbox 1013 2607 1070 2637; x_wconf 89' lang='lat' dir='ltr'>illa</span> <span class='ocrx_word' id='word_1_517' title='bbox 1088 2606 1232 2645; x_wconf 87' lang='lat' dir='ltr'>scilicet,</span> <span class='ocrx_word' id='word_1_518' title='bbox 1251 2606 1307 2636; x_wconf 90' lang='lat' dir='ltr'>illa</span> <span class='ocrx_word' id='word_1_519' title='bbox 1323 2606 1401 2636; x_wconf 90' lang='lat' dir='ltr'>dolo</span> <span class='ocrx_word' id='word_1_520' title='bbox 1416 2610 1451 2636; x_wconf 90' lang='lat' dir='ltr'>et</span> <span class='ocrx_word' id='word_1_521' title='bbox 1465 2605 1594 2635; x_wconf 85' lang='lat' dir='ltr'>malitia</span> <span class='ocrx_word' id='word_1_522' title='bbox 1608 2604 1769 2644; x_wconf 84' lang='lat' dir='ltr'>imposita</span> 
     </span>
     <span class='ocr_line' id='line_1_47' title="bbox 314 2645 1770 2689; baseline -0.001 -12"><span class='ocrx_word' id='word_1_523' title='bbox 314 2647 395 2684; x_wconf 83' lang='lat' dir='ltr'>filio,</span> <span class='ocrx_word' id='word_1_524' title='bbox 424 2654 460 2678; x_wconf 82' lang='lat' dir='ltr'>ut</span> <span class='ocrx_word' id='word_1_525' title='bbox 477 2658 600 2688; x_wconf 82' lang='lat' dir='ltr'>genere</span> <span class='ocrx_word' id='word_1_526' title='bbox 618 2650 782 2689; x_wconf 86' lang='lat' dir='ltr'>proxima.</span> <span class='ocrx_word' id='word_1_527' title='bbox 831 2650 943 2680; x_wconf 84' lang='lat' dir='ltr'>Minus</span> <span class='ocrx_word' id='word_1_528' title='bbox 960 2650 1045 2680; x_wconf 87' lang='lat' dir='ltr'>bene</span> <span class='ocrx_word' id='word_1_529' title='bbox 1063 2649 1149 2680; x_wconf 89' lang='lat' dir='ltr'>Gov.</span> <span class='ocrx_word' id='word_1_530' title='bbox 1167 2654 1202 2679; x_wconf 87' lang='lat' dir='ltr'>et</span> <span class='ocrx_word' id='word_1_531' title='bbox 1217 2649 1384 2688; x_wconf 79' lang='lat' dir='ltr'>Guyetus‚</span> <span class='ocrx_word' id='word_1_532' title='bbox 1409 2647 1469 2678; x_wconf 79' lang='lat' dir='ltr'>Nil</span> <span class='ocrx_word' id='word_1_533' title='bbox 1489 2655 1583 2677; x_wconf 74' lang='lat' dir='ltr'>suave</span> <span class='ocrx_word' id='word_1_534' title='bbox 1601 2645 1770 2685; x_wconf 77' lang='lat' dir='ltr'>meritu&#39;se,</span> 
     </span>
     <span class='ocr_line' id='line_1_48' title="bbox 315 2690 1767 2733; baseline 0 -13"><span class='ocrx_word' id='word_1_535' title='bbox 315 2690 466 2729; x_wconf 80' lang='lat' dir='ltr'>Antipho</span> <span class='ocrx_word' id='word_1_536' title='bbox 479 2691 623 2722; x_wconf 84' lang='lat' dir='ltr'>scilicet.</span> <span class='ocrx_word' id='word_1_537' title='bbox 646 2693 864 2733; x_wconf 81' lang='lat' dir='ltr'>Qnippejam</span> <span class='ocrx_word' id='word_1_538' title='bbox 881 2698 1061 2723; x_wconf 81' lang='lat' dir='ltr'>excusatus</span> <span class='ocrx_word' id='word_1_539' title='bbox 1078 2696 1151 2721; x_wconf 88' lang='lat' dir='ltr'>erat</span> <span class='ocrx_word' id='word_1_540' title='bbox 1169 2691 1337 2731; x_wconf 83' lang='lat' dir='ltr'>Antipho:</span> <span class='ocrx_word' id='word_1_541' title='bbox 1354 2700 1414 2721; x_wconf 87' lang='lat' dir='ltr'>nec</span> <span class='ocrx_word' id='word_1_542' title='bbox 1430 2698 1505 2721; x_wconf 87' lang='lat' dir='ltr'>eum</span> <span class='ocrx_word' id='word_1_543' title='bbox 1519 2698 1561 2719; x_wconf 88' lang='lat' dir='ltr'>ex</span> <span class='ocrx_word' id='word_1_544' title='bbox 1574 2693 1767 2728; x_wconf 87' lang='lat' dir='ltr'>compacto,</span> 
     </span>
     <span class='ocr_line' id='line_1_49' title="bbox 316 2731 1767 2774; baseline 0 -13"><span class='ocrx_word' id='word_1_545' title='bbox 316 2733 374 2762; x_wconf 73' lang='lat' dir='ltr'>sed</span> <span class='ocrx_word' id='word_1_546' title='bbox 402 2733 489 2762; x_wconf 84' lang='lat' dir='ltr'>bona</span> <span class='ocrx_word' id='word_1_547' title='bbox 515 2732 582 2764; x_wconf 81' lang='lat' dir='ltr'>fide</span> <span class='ocrx_word' id='word_1_548' title='bbox 610 2735 643 2763; x_wconf 92' lang='lat' dir='ltr'>in</span> <span class='ocrx_word' id='word_1_549' title='bbox 662 2735 796 2774; x_wconf 79' lang='lat' dir='ltr'>nuptias</span> <span class='ocrx_word' id='word_1_550' title='bbox 813 2740 959 2766; x_wconf 81' lang='lat' dir='ltr'>tractum</span> <span class='ocrx_word' id='word_1_551' title='bbox 976 2734 1116 2764; x_wconf 83' lang='lat' dir='ltr'>invitum</span> <span class='ocrx_word' id='word_1_552' title='bbox 1134 2733 1297 2764; x_wconf 87' lang='lat' dir='ltr'>credebat</span> <span class='ocrx_word' id='word_1_553' title='bbox 1314 2742 1429 2763; x_wconf 78' lang='lat' dir='ltr'>senex.</span> <span class='ocrx_word' id='word_1_554' title='bbox 1452 2732 1549 2762; x_wconf 83' lang='lat' dir='ltr'>Bent.</span> <span class='ocrx_word' id='word_1_555' title='bbox 1594 2731 1655 2762; x_wconf 76' lang='lat' dir='ltr'>Nil</span> <span class='ocrx_word' id='word_1_556' title='bbox 1675 2740 1767 2762; x_wconf 69' lang='lat' dir='ltr'>suave</span> 
     </span>
     <span class='ocr_line' id='line_1_50' title="bbox 315 2773 1766 2817; baseline -0.001 -13"><span class='ocrx_word' id='word_1_557' title='bbox 315 2775 457 2806; x_wconf 76' lang='lat' dir='ltr'>meritum</span> <span class='ocrx_word' id='word_1_558' title='bbox 473 2775 534 2814; x_wconf 80' lang='lat' dir='ltr'>est]</span> <span class='ocrx_word' id='word_1_559' title='bbox 559 2775 586 2806; x_wconf 95' lang='grc' dir='ltr'>Ι.</span> <span class='ocrx_word' id='word_1_560' title='bbox 603 2786 631 2806; x_wconf 88' lang='lat' dir='ltr'>e.</span> <span class='ocrx_word' id='word_1_561' title='bbox 649 2777 737 2807; x_wconf 80' lang='lat' dir='ltr'>milla</span> <span class='ocrx_word' id='word_1_562' title='bbox 751 2782 803 2808; x_wconf 86' lang='lat' dir='ltr'>est</span> <span class='ocrx_word' id='word_1_563' title='bbox 821 2782 889 2808; x_wconf 89' lang='lat' dir='ltr'>tam</span> <span class='ocrx_word' id='word_1_564' title='bbox 904 2787 1026 2817; x_wconf 83' lang='lat' dir='ltr'>magna</span> <span class='ocrx_word' id='word_1_565' title='bbox 1042 2785 1184 2811; x_wconf 86' lang='lat' dir='ltr'>merces,</span> <span class='ocrx_word' id='word_1_566' title='bbox 1209 2776 1336 2806; x_wconf 88' lang='lat' dir='ltr'>nullum</span> <span class='ocrx_word' id='word_1_567' title='bbox 1354 2779 1485 2806; x_wconf 88' lang='lat' dir='ltr'>tantum</span> <span class='ocrx_word' id='word_1_568' title='bbox 1503 2773 1663 2814; x_wconf 84' lang='lat' dir='ltr'>pretium,</span> <span class='ocrx_word' id='word_1_569' title='bbox 1678 2773 1766 2814; x_wconf 85' lang='lat' dir='ltr'>quod</span> 
     </span>
    </p>
   </div>
  </div>
 </body>
</html>
