1966 3302
308 252 394 296 626
799 262 843 292 P.
878 257 1119 290 TEREN'ru
1157 259 1272 290 Amzi

312 358 520 412 Sperabit
540 360 729 399 sumtum
751 355 836 396 sibi
858 367 993 396 senex
1017 354 1211 396 levatum
1232 366 1332 395 esse
1353 353 1505 394 harum
1527 350 1662 394 abitu.

313 427 416 477 Nae,
452 426 525 467 ille
557 423 672 465 haud
706 424 806 473 scit,
837 423 1018 476 paulum
1049 422 1179 473 lucri,
1211 426 1420 477 quantum
1450 421 1491 461 ei
1519 419 1666 460 damni
1689 431 1770 473 ap-

519 495 643 534 ortet.
1712 487 1771 528 25

311 561 381 603 Tu
411 507 559 602 neslcis
590 559 652 609 id,
685 558 803 614 quod
836 557 942 608 scis,
971 557 1154 607 Dromo,
1175 557 1213 598 si
1235 556 1404 610 sapies.
1466 555 1563 597 DR.
1595 553 1771 596 Mutum

483 628 620 669 dices,

309 748 443 789 sperabit
467 749 622 788 impensas
646 746 708 778 sibi
735 754 799 777 esse
826 743 995 775 diminutas
1010 743 1121 774 harum
1135 742 1270 774 discessu
1284 741 1562 778 muliercularum;
1583 744 1666 771 certe
1679 749 1774 772 senex

315 791 461 822 Chremes
475 791 613 830 ignorat,
635 792 784 830 quantum
811 787 930 823 damni,
953 787 1007 818 hoc
1020 787 1146 827 paulum
1160 785 1239 816 lucri
1254 784 1373 826 afferat
1395 784 1434 815 ei.
1481 785 1528 815 Tu
1545 784 1673 823 Dromo,
1694 784 1775 824 quod

311 834 384 872 scis,
407 833 629 871 dissimulabis,
653 832 742 872 quasi
757 830 890 872 nescias,
912 831 939 861 si
962 830 1119 869 sapienter
1145 829 1192 860 vis
1214 837 1320 868 agere.
1367 827 1444 860 Du.
1465 827 1553 858 Adeo
1567 826 1722 858 taciturus
1737 835 1773 856 ea

312 887 390 916 sum,
403 880 438 907 ut
453 879 572 908 mutum
587 885 634 906 me
656 885 719 906 esse
734 874 831 906 dicas.

921 957 1164 970 eeeeeeeeeee

314 1027 420 1060 reuda
436 1031 557 1065 erant3
581 1036 647 1058 non
664 1027 771 1058 solum
788 1024 942 1057 ferenda.
990 1024 1091 1058 Quod
1109 1023 1218 1055 ceteri
1233 1026 1264 1054 et
1280 1022 1391 1059 ferant
1413 1020 1575 1060 habeant,
1599 1018 1679 1051 inde
1705 1018 1776 1052 fac-

314 1077 386 1103 tum
406 1076 471 1111 est,
492 1070 570 1112 quia
587 1070 718 1111 antiqui
735 1068 871 1107 ecferant
887 1068 1096 1108 scribebant,
1111 1071 1149 1098 nt
1166 1075 1256 1097 nunc
1273 1065 1306 1096 in
1324 1065 1505 1095 veterrimo
1522 1061 1639 1095 Plauti
1656 1062 1776 1093 codice

314 1124 449 1154 semper
465 1117 518 1144 est
535 1113 722 1154 scriptum3
746 1116 780 1142 et
796 1111 938 1143 Terent.
964 1111 1018 1141 hie
1041 1119 1093 1141 lv.
1110 1113 1142 1141 3.
1160 1112 1213 1141 31.
1237 1110 1246 1125 ‘
1265 1106 1414 1138 che=·0.'
1429 1107 1438 1122 ⁷
1462 1107 1560 1138 Bent.
1605 1106 1649 1136 Et
1666 1104 1777 1143 ferant

314 1158 374 1189 Br.
392 1155 510 1188 Guelf.
526 1159 558 1188 2.
601 1156 647 1187 Et
664 1158 742 1196 post
757 1155 931 1185 attulerunt
946 1156 1067 1185 3.-24
1091 1153 1182 1192 (ἓιιγ.
1200 1161 1261 1182 suo
1278 1150 1434 1189 arbitrio,
1457 1153 1496 1181 ut
1512 1149 1615 1187 solet,
1640 1148 1775 1188 scribit,

312 1201 478 1241 legitque,
503 1198 663 1240 speravit.
686 1198 793 1229 West.
839 1197 848 1214 ‘
863 1197 916 1228 Ex
944 1197 1042 1227 Bem.
1070 1200 1106 1227 et
1137 1194 1210 1226 aliis
1237 1193 1398 1234 antiquis,
1421 1199 1607 1233 versusque
1634 1191 1779 1227 ratione,

313 1243 425 1274 scribe
452 1241 593 1274 harunc!
626 1242 685 1272 Fa.
740 1241 748 1257 ‘
762 1239 874 1271 Etiam
904 1249 986 1270 unus
1012 1248 1055 1270 ex
1080 1237 1205 1269 nostris
1233 1236 1382 1268 omnium
1409 1234 1611 1267 veterrimus
1637 1232 1778 1264 harunc!

316 1287 417 1317 Bent.
462 1285 519 1316 Ita
535 1289 571 1316 et
586 1285 645 1316 Br.
662 1283 740 1324 Bip.
758 1283 796 1314 Z.
812 1282 1000 1314 Boiu-25
1026 1281 1111 1312 Mss.
1125 1285 1159 1312 et
1173 1279 1257 1311 editi
1275 1278 1424 1320 quidam,
1447 1278 1502 1309 hoc
1513 1277 1671 1318 paululum
1687 1276 1778 1308 lucri.

314 1330 419 1360 WVest.
465 1328 536 1359 Hoc
559 1329 685 1369 paulum
701 1348 708 1356 .
724 1348 754 1358 ..
771 1325 813 1357 eii
836 1326 939 1356 Bent.
987 1325 1060 1356 Hoc
1085 1324 1208 1364 paulum
1234 1322 1314 1362 Bip.
1342 1321 1436 1352 Peri.
1463 1320 1587 1360 Delph.
1633 1318 1777 1350 Bothius

314 1373 369 1403 hoc
381 1372 508 1413 paulum
523 1393 531 1402 .
544 1393 551 1402 .
565 1394 574 1402 .
590 1370 651 1402 illi.
697 1370 757 1401 ΒΓ.
773 1368 828 1399 hoc
838 1368 1008 1409 paululum.
1054 1366 1222 1398 Paululum
1238 1365 1341 1396 etiam
1359 1362 1474 1396 Guelf.
1489 1364 1608 1394 2.—26
1633 1362 1671 1393 Τ.
1685 1371 1717 1392 τι.
1732 1362 1778 1401 id,

314 1425 343 1455 q.
360 1425 386 1446 s.
404 1415 536 1453 Dromo,
557 1413 584 1444 si
598 1414 709 1453 sapies.
751 1412 910 1442 Solicitat
924 1411 999 1441 haec
1023 1409 1114 1451 Guy.
1132 1413 1294 1448 tanquam
1313 1407 1440 1447 spuria,
1462 1411 1497 1439 et
1513 1415 1555 1438 ex
1572 1406 1661 1437 Eun.
1679 1413 1730 1437 lv.
1745 1406 1779 1436 4.

315 1460 367 1489 54.
382 1466 559 1499 expressa.
588 1457 690 1487 West.
737 1453 806 1486 Alii
821 1454 985 1486 omittunt
999 1453 1045 1484 id.
1088 1453 1149 1484 ΒΓ.
1165 1449 1303 1484 Multum
1317 1449 1411 1482 dices.

972 1548 1116 1582 NOTAE

359 1632 400 1660 25
419 1628 493 1668 Nae,
505 1626 572 1667 ille]
595 1625 894 1668 SignificatSyrus
909 1634 1022 1656 senem
1077 1622 1238 1665 ὀξύμωρον.
1297 1620 1498 1662 Composita
1534 1620 1607 1651 haec
1640 1628 1704 1651 vox
1735 1629 1779 1651 ex

317 1680 534 1712 Chremetem
549 1677 685 1709 facilius
701 1677 854 1718 potuisse
877 1676 1023 1708 Bacchi·
1077 1674 1145 1715 ὀξὺς
1159 1678 1292 1713 acutus,
1317 1676 1353 1704 et
1367 1670 1464 1712 μωρὸς
1480 1669 1604 1702 faunis.
1644 1669 1780 1711 Nempe

318 1731 396 1762 dem
417 1728 624 1771 aliquamdiu
652 1728 758 1768 alere,
776 1737 877 1769 quam
901 1726 1022 1759 decem
1076 1730 1175 1758 acute
1201 1723 1340 1764 dicitur,
1369 1721 1459 1764 quod
1485 1720 1580 1752 fatue
1610 1720 1781 1761 prolatum

317 1781 416 1812 minis
433 1779 643 1812 defraudari.
1077 1775 1237 1807 videtur:
1266 1773 1314 1805 sic
1332 1772 1453 1806 Cicero
1469 1772 1504 1803 in
1521 1772 1650 1802 Bruto:
1675 1771 1685 1788 ‘
1702 1771 1781 1801 Eio-

361 1833 404 1861 26
430 1830 475 1860 Τιι
504 1828 604 1859 nescis
625 1828 672 1866 id,
696 1828 777 1868 quod
788 1825 865 1867 scis]
887 1826 942 1857 Sic
957 1826 1021 1857 Te·
1078 1826 1218 1868 quentia
1235 1823 1324 1866 loqui
1347 1821 1540 1861 dedidicit,’
1550 1826 1586 1853 et
1601 1821 1783 1862 Horatius,

321 1881 450 1912 rentius
466 1880 500 1911 in
518 1878 683 1911 Eunucho
700 1888 707 1909 :
737 1879 783 1910 Tu
803 1879 855 1918 pol
876 1878 903 1908 si
924 1877 1022 1918 sapis,
1078 1876 1157 1909 Ode
1175 1874 1305 1907 annalib.
1324 1882 1349 1906 1.
1384 1873 1394 1890 ‘
1411 1872 1617 1905 Insanientis
1632 1872 1711 1904 dnm
1728 1882 1782 1903 sa-

320 1932 400 1974 quod
408 1931 597 1972 scismescz's:
608 1934 658 1962 est
674 1928 785 1972 figura
796 1928 1022 1962 dictaGraece
1078 1926 1220 1969 pientiae
1237 1924 1422 1958 Consultus
1441 1922 1544 1955 erro!

715 2213 919 2257 ACTUS
952 2213 1036 2255 IV.
1092 2210 1298 2254 SCENA
1328 2210 1387 2252 V.

818 2345 1073 2377 CHREMES.
1106 2345 1280 2376 SYRUS.

326 2418 414 2460 CH.
445 2418 535 2459 ITA
554 2430 623 2458 me
645 2415 706 2458 Di
728 2416 956 2465 amabunt,
976 2418 1023 2455 ut
1042 2426 1157 2455 nunc
1182 2409 1437 2453 Menedemi
1457 2409 1600 2451 vicem

327 2487 512 2528 Miseret
528 2498 624 2537 me3
655 2488 825 2525 tantum
843 2482 1077 2524 devenisse
1097 2480 1153 2521 ad
1175 2492 1273 2520 eum
1293 2478 1413 2519 mali.

370 2608 438 2639 Cn.
463 2608 516 2638 Ιια
531 2617 578 2638 me
593 2605 653 2638 Dii
670 2605 795 2647 Juvent,
816 2608 851 2636 ut
866 2614 949 2635 nunc
964 2603 1114 2635 misereor
1127 2600 1313 2634 incommodi
1337 2597 1513 2632 Menedemi
1524 2608 1536 2635 ;
1558 2595 1674 2628 scilicet
1697 2597 1786 2626 tanta

948 2696 1009 2710 000
1013 2694 1192 2708 ’κωδύα

370 2767 413 2798 In
427 2767 481 2798 ed.
498 2766 601 2797 Both.
618 2768 652 2796 et
668 2764 748 2804 Bip.
765 2764 819 2796 bic
846 2763 966 2803 incipit
984 2762 1065 2794 Act.
1084 2772 1132 2794 iv.
1149 2763 1202 2793 Sc.
1224 2762 1319 2792 1.—1
1343 2759 1353 2777 ‘
1368 2758 1450 2790 Mss.
1477 2760 1512 2788 et
1538 2754 1623 2786 editi
1651 2751 1787 2794 quidam

327 2814 445 2842 ament.
489 2810 580 2849 Guy.
596 2808 757 2840 amassint.
804 2807 870 2838 Alii
887 2807 971 2838 Mss.
988 2806 1034 2837 Di
1051 2806 1124 2836 bene
1136 2807 1252 2836 ament,
1298 2802 1383 2834 Mss.
1399 2805 1435 2832 et
1450 2798 1532 2831 editi
1548 2796 1684 2839 quidam
1701 2794 1788 2827 anti-
