1966 3302
306 191 393 234 526
798 206 838 237 P.
869 205 1113 238 TERENTu
1146 208 1264 239 Arm

307 297 487 340 Utinam
507 299 588 341 tibi
606 300 895 353 commitigari
910 301 1084 343 videam
1109 303 1313 345 sandalio
1332 305 1497 359 caput!

305 365 392 407 Sed
413 367 528 408 fores
550 381 759 422 crepuere
783 370 838 410 ab
869 382 933 410 ea.
993 370 1085 410 TH.
1117 370 1257 413 Perii!
1288 372 1395 426 quid
1427 374 1513 414 hoc
1535 376 1679 415 autem
1699 371 1758 415 'st

475 436 611 476 mali?
1726 442 1756 482 5

305 500 440 543 Hunc
471 515 551 555 ego
582 516 808 556 nunquam
839 503 1032 547 videram
1066 507 1222 549 etiam:
1265 507 1475 561 quidnam
1511 520 1755 562 properans

472 570 575 611 hinc
596 571 804 624 prosilit?

299 690 355 718 est.
407 688 536 720 Utinam
557 689 615 721 tibi
630 690 750 722 videam
765 690 928 722 demulceri
942 692 1143 723 calceamento
1158 696 1262 732 caput.
1307 693 1369 724 Sed
1384 693 1480 734 quid?
1493 693 1582 732 fores
1595 692 1661 731 ejus
1673 695 1754 723 stre-

296 739 400 769 puere.
444 732 510 763 ΤΗ.
537 733 652 764 Perii!
677 734 762 769 Quid
776 737 879 765 autem
898 734 953 765 hoc
976 738 1024 765 est
1046 736 1142 766 mali?
1166 736 1261 767 Hunc
1275 746 1332 775 ego
1346 746 1500 777 nunquam
1514 745 1750 777 conspexeram:

298 775 328 803 et
344 784 424 805 minc
438 774 488 805 hic
502 776 648 817 quidnam
659 777 793 808 ceteram
807 777 877 808 hinc
892 778 1078 816 laetusforas
1091 778 1199 809 exsilit
1208 782 1221 809 ?

903 872 1142 886 “tete-onec&

296 934 330 966 id
348 935 381 966 in
397 946 437 968 eo
451 946 527 968 esse
545 946 606 977 pro
624 936 710 973 Quid
724 940 771 968 est
782 935 861 969 ?—4
888 938 959 969 Tibi
976 939 1074 971 abest
1099 950 1118 970 a
1143 939 1187 971 G.
1214 939 1295 971 EM.
1324 940 1425 972 West.
1468 940 1515 971 Et
1542 938 1659 972 Guelf.
1674 941 1752 972 3.—

297 981 316 1009 5
341 979 404 1010 Sed
411 980 500 1018 fores
514 990 657 1020 crepuere
672 980 711 1011 ab
724 990 771 1011 ea.
817 981 919 1012 Perii.
963 982 1058 1013 THR.
1096 982 1181 1018 Quid
1195 986 1299 1014 autem
1313 983 1369 1014 hoc
1393 986 1437 1014 est
1451 983 1541 1024 mali]
1572 983 1614 1014 In
1635 992 1667 1015 ο.
1683 983 1706 1015 l.
1721 993 1749 1014 s-

295 1026 479 1062 crepuerunt
496 1024 622 1063 legitur
637 1034 645 1054 ε
680 1027 715 1054 et
732 1023 871 1054 verbum
898 1025 906 1039 ‘
924 1024 1038 1055 Perii'
1056 1025 1223 1056 Thrasoni
1239 1025 1452 1065 attribuitur,
1467 1024 1750 1067 quemadmodum

295 1069 331 1095 et
348 1065 437 1105 apud
452 1065 627 1097 Donatum
644 1070 707 1097 est.
750 1066 865 1098 Verba
881 1072 994 1097 autem
1012 1077 1087 1108 quae
1103 1073 1292 1108 sequuntur
1306 1069 1355 1100 ita
1371 1069 1593 1108 collocantur,
1608 1068 1682 1109 qnid
1696 1069 1752 1099 hoc

294 1108 440 1139 autem'st
462 1119 502 1138 m.
545 1109 601 1140 Ita
622 1118 754 1148 νει-5115,
778 1110 836 1151 qui
851 1110 1043 1140 trochaicus
1060 1115 1127 1149 est,
1141 1111 1271 1152 optime
1287 1115 1434 1152 constat,
1448 1112 1534 1142 eliso
1547 1120 1589 1142 ex
1617 1114 1626 1128 ‘
1644 1111 1725 1152 quid
1739 1110 1750 1125 '

293 1151 324 1181 d.
349 1151 409 1181 Fa.
454 1152 513 1183 Sic
530 1157 565 1183 et
581 1152 688 1182 nostri
703 1152 791 1183 libri.
815 1153 911 1183 Bent.
955 1151 996 1183 Τὸ
1019 1154 1028 1170 ‘
1046 1152 1161 1184 Perii'
1190 1154 1301 1194 aptius
1317 1163 1380 1194 ego
1405 1163 1482 1185 cum
1498 1153 1557 1185 Er.
1574 1153 1751 1186 Gnathoni

297 1194 500 1232 perturbato
516 1195 774 1225 exclamandum
791 1194 846 1231 do,
863 1205 976 1236 quam,
992 1196 1080 1237 quod
1099 1196 1200 1237 vulgo
1216 1195 1267 1236 fit,
1282 1197 1458 1228 Thrasoni.
1483 1197 1570 1228 Perl.
1617 1197 1750 1237 Crepue-

294 1240 369 1267 runt
386 1237 445 1267 Br.
461 1237 542 1277 Bip.
560 1238 661 1268 Both.
678 1237 772 1268 Perl.
820 1239 890 1269 Dat
912 1239 1039 1279 Delph.
1057 1239 1117 1270 Sed
1143 1238 1242 1279 quid?
1266 1239 1355 1278 fores
1369 1249 1512 1280 crepuere
1534 1240 1572 1270 ab
1587 1249 1642 1271 ea.-
1671 1239 1746 1280 quid

292 1282 395 1309 autem
409 1279 463 1310 hoc
476 1284 521 1311 est
538 1281 700 1311 malm—6
726 1281 768 1311 Et
783 1280 852 1319 jam
869 1281 918 1311 hic
933 1282 1078 1322 quidnam
1090 1291 1260 1322 properans
1272 1282 1414 1323 prosilit]
1445 1281 1587 1324 Antiqui
1602 1281 1694 1321 libri,
1715 1286 1746 1314 et

285 1321 355 1361 jam
370 1323 515 1362 quidnam
530 1323 580 1354 hic
602 1332 770 1364 properans
796 1324 941 1364 prosilit?
964 1325 1023 1355 Fa.
1072 1325 1168 1355 Hunc
1188 1335 1244 1364 ego
1262 1335 1417 1366 nunquam
1439 1326 1598 1357 videram.-
1630 1325 1746 1363 etjam

290 1365 435 1404 quidnam
450 1365 499 1396 hic
512 1376 680 1406 properans
692 1366 832 1407 prosilit]
858 1367 898 1398 In
917 1367 1065 1408 antiquis
1091 1367 1183 1398 libris
1200 1368 1297 1399 etiam
1312 1368 1355 1399 ab
1370 1372 1402 1399 et
1418 1369 1489 1407 =jam
1505 1368 1669 1408 distingui
1686 1377 1746 1399 ne-

291 1408 378 1447 quit.
423 1409 548 1440 Melius
564 1410 619 1440 alii
636 1409 688 1439 hic
705 1409 964 1451 interpungunt,
994 1410 1090 1442 Hunc
1113 1420 1169 1449 ego
1193 1421 1348 1452 nunquam
1376 1411 1513 1442 videram
1535 1411 1651 1443 etiam.-
1674 1410 1696 1442 i.
1713 1421 1744 1442 e.

291 1451 424 1481 adhuc:
451 1457 488 1482 ut
504 1450 613 1482 infra:
637 1456 645 1469 ‘
666 1453 848 1493 Nunquam
873 1453 977 1484 etiam
1003 1452 1050 1483 fui
1077 1453 1239 1494 usquam!
1281 1453 1419 1485 Servius
1434 1454 1477 1484 ad
1505 1453 1580 1484 AEn.
1599 1462 1652 1484 111.
1669 1455 1745 1486 352.

290 1495 300 1510 ‘
318 1494 444 1534 Etiam,
462 1504 536 1535 pro,
553 1494 695 1526 Adhuc:
720 1501 758 1526 ut
772 1497 912 1526 Terent.
939 1496 1042 1526 Hunc
1059 1505 1123 1536 ego
1140 1505 1310 1538 nunquam
1326 1497 1475 1527 videram
1488 1495 1614 1528 etiam!
1637 1496 1747 1527 Porro

292 1545 354 1576 pro
371 1537 419 1567 hic
430 1547 611 1578 properans,
627 1538 682 1568 alii
698 1538 769 1568 hinc
784 1540 929 1577 malunt,
954 1543 992 1569 ut
1014 1544 1084 1570 tres
1113 1539 1239 1570 habent
1267 1549 1309 1570 ex
1337 1540 1461 1570 nostris
1487 1539 1655 1577 Codices3
1694 1538 1746 1570 vir

291 1578 412 1610 doctus
429 1590 470 1611 ex
488 1581 688 1621 conjectura
703 1581 772 1612 huc.
819 1582 955 1611 Nodum
980 1582 1013 1612 in
1039 1582 1151 1622 scirpo
1178 1585 1355 1623 quaerunt:
1390 1582 1440 1614 hic
1466 1591 1652 1622 pronomen
1677 1586 1746 1622 est,

289 1631 356 1653 non
371 1623 582 1654 adverbium.
607 1624 703 1654 Bent.
750 1624 831 1664 Hic]
856 1624 910 1655 Al.
927 1624 1012 1655 hinc.
1058 1624 1143 1655 GM.
1160 1625 1232 1656 hic.-
1264 1624 1322 1655 sed
1341 1625 1384 1656 ab
1401 1634 1469 1658 see.
1497 1634 1541 1657 m.
1566 1625 1742 1656 insertum.

290 1665 378 1696 Peri.
423 1666 490 1697 Hic
502 1676 672 1707 properans
696 1667 798 1697 Beut.
825 1668 927 1698 Both.
957 1667 1051 1698 Peri.
1075 1672 1112 1698 et
1134 1668 1181 1699 sic
1210 1669 1269 1700 Br.
1296 1668 1353 1709 qui
1369 1667 1550 1709 distinguit
1560 1667 1660 1708 aute,
1675 1676 1745 1698 non

287 1713 377 1750 post,
391 1709 497 1741 etiam.
543 1710 588 1740 Et
595 1709 665 1748 jam
676 1710 727 1741 hic
742 1710 887 1751 quidnam
896 1719 1067 1751 properans
1083 1710 1123 1742 Z.

950 1798 1095 1830 NOTAE

330 1867 349 1895 4
377 1864 598 1903 Commitigarz'
621 1864 742 1895 videam
767 1863 908 1895 sandalio
936 1873 985 1894 ca·
1084 1866 1103 1894 5
1130 1863 1215 1899 Quid
1230 1864 1285 1894 hoc
1308 1866 1411 1894 autem
1434 1863 1476 1894 'st
1500 1863 1590 1903 mali]
1627 1863 1741 1895 Eunu-

285 1916 356 1956 put]
393 1915 589 1945 Sandalium
627 1919 680 1946 est
717 1915 987 1946 calceamentum
1042 1913 1095 1946 chi
1123 1913 1239 1944 habitu
1260 1914 1414 1953 Chaerea,
1437 1913 1494 1944 sed
1522 1913 1610 1944 virili
1637 1914 1740 1945 confi-

285 1964 466 2004 muliebre,
496 1974 561 2006 quo
593 1964 761 2005 Omphale
790 1964 986 2004 Herculem,
1042 1965 1171 2005 dentia,
1187 1965 1321 2005 prosilit
1349 1975 1367 1995 e
1396 1964 1496 1996 domo
1526 1964 1676 2004 Thaidis,
1705 1969 1741 1996 et

282 2014 310 2046 si
334 2024 478 2056 pensum
501 2015 535 2046 in
561 2014 708 2047 lanificio
734 2024 800 2047 non
825 2015 986 2047 absolvis·
1041 2015 1190 2046 Militem
1206 2016 1300 2047 velut
1324 2015 1402 2047 novi
1425 2015 1538 2047 rivalis
1561 2019 1669 2047 terret
1689 2024 1741 2046 as-

286 2069 351 2106 set,
366 2065 497 2097 caedere
513 2066 658 2097 solebat.
1040 2072 1156 2107 pectu.

669 2302 873 2345 ACTUS
907 2305 966 2347 V.
1026 2303 1234 2346 SCENA
1266 2303 1359 2345 IX.

360 2417 589 2448 CHAEREA.
623 2419 877 2449 PARMENO.
911 2419 1166 2450 PHAEDRIA.
1199 2420 1417 2450 GNATHO.
1448 2419 1664 2450 THRASO.

285 2499 372 2542 CH.
405 2501 444 2541 Ο
468 2513 760 2543 POPULARES
780 2503 788 2544 !
820 2503 971 2557 ecquis
991 2516 1062 2544 me
1084 2503 1196 2545 vivit
1215 2503 1350 2545 hodie
1371 2503 1657 2545 fortunatior?

327 2612 395 2643 CH.
415 2612 443 2642 Ο
463 2613 625 2655 populares
648 2613 722 2654 viri,
748 2624 764 2644 ο
786 2613 877 2654 cives,
903 2614 1004 2655 ecquis
1027 2613 1114 2645 hodie
1131 2617 1218 2645 extat
1244 2624 1292 2646 me
1318 2613 1454 2645 beatior?
1477 2613 1575 2644 Nemo
1589 2621 1668 2643 unus
1679 2620 1735 2651 per

890 2699 1131 2711 eeeeeeeeeee

329 2760 343 2788 1
372 2757 461 2798 Lege
491 2766 567 2788 cum
595 2757 768 2790 codicibus
796 2760 919 2790 nostris
947 2763 1074 2800 praeter
1093 2759 1178 2791 duos
1208 2757 1384 2798 universis,
1406 2756 1495 2788 hodie
1515 2755 1605 2788 vivit.
1629 2756 1733 2789 Bent.
