1966 3302
556 237 900 268 ADELPHORUM
934 235 1119 266 ACT.11.
1154 234 1222 264 sc.
1246 235 1276 262 1.
1543 221 1627 262 <593

183 338 299 378 SAN.
332 333 473 388 Egon’
503 334 803 391 debqgehzitus
836 345 931 373 sum
963 334 1124 379 autem,
1157 341 1211 369 an
1231 332 1278 369 tu
1300 329 1342 368 in
1363 328 1464 367 me?
1526 326 1626 367 AEs.

353 403 484 443 Mitte
504 390 608 450 istit,
631 389 839 455 atquead
863 413 950 440 rem
973 398 1082 439 redi.

183 473 301 514 ΒΑΝ.
334 470 481 521 Quam
502 470 623 510 rem'?
657 482 746 522 quo
774 467 982 508 redeam?
1045 465 1143 505 AES.
1174 463 1334 504 Jamne
1363 476 1432 503 me
1459 463 1528 504 vis
1561 463 1627 504 di-

351 551 449 579 cere
470 532 535 587 id.
555 537 671 590 quod
691 536 745 576 ad
764 540 807 576 te
831 535 1015 576 attinet?

183 608 301 650 SAN.
333 606 502 659 Cupi03
534 604 652 657 aequi
672 603 805 644 modo
827 600 1011 655 aliquid.
1070 600 1169 641 AEs.
1200 598 1303 639 Vah
1322 599 1331 639 !
1350 599 1450 639 leno
1473 598 1627 651 iniqua

350 687 419 715 me
440 686 525 713 non
539 673 631 713 volt
649 671 785 726 loqui.

182 743 300 784 ΒΑΝ.
333 742 454 782 Leno
488 754 599 790 sum,
630 740 801 787 fateor;
833 737 1053 792 pernicies
1089 734 1339 777 communis
1373 734 1626 774 adolescen-

352 809 491 860 tium3

182 877 410 925 Per‘urus,
431 876 594 930 pestis3
625 879 768 916 tamen
789 874 868 915 tibi
892 887 917 913 a
934 886 1005 912 me
1025 872 1145 912 nulla
1166 875 1261 911 orta
1281 874 1349 910 est
1369 868 1542 922 injuria.
1571 867 1628 907 35

182 933 283 987 AES.
315 944 434 985 Nam
469 943 614 984 hercle
645 943 777 982 etiam
810 942 895 981 hoc
927 944 1074 980 restat.
1145 938 1264 978 SAN.
1296 936 1425 986 Illuc,
1459 948 1626 989 quaeso,

349 1012 456 1061 redi,
479 1023 564 1064 quo
585 1010 775 1063 coepisti,
798 1008 1023 1049 AEschine.

185 1080 285 1121 AES.
314 1079 452 1119 Minis
485 1077 640 1131 viginti
671 1082 719 1118 tu
752 1076 875 1117 illam
909 1074 1078 1126 emisti3
1123 1086 1221 1126 quae
1261 1085 1329 1112 res
1369 1071 1451 1111 tibi
1484 1073 1629 1110 vortat

352 1146 493 1187 male!

183 1215 367 1268 Argenti
394 1217 559 1254 tantum
593 1212 781 1254 dabitur.
841 1211 958 1253 SAN.
1021 1209 1171 1260 Quid?
1205 1209 1243 1249 si
1278 1221 1360 1261 ego
1396 1206 1476 1247 tibi
1510 1204 1628 1245 illam

351 1281 454 1322 nolo
473 1280 675 1330 vendere,

181 1445 249 1468 sum
259 1435 292 1466 in
307 1438 350 1473 te,
365 1443 404 1464 an
419 1437 454 1464 tu
469 1432 501 1463 in
520 1430 593 1464 me?
638 1432 706 1463 AES.
728 1431 847 1463 Desine
861 1431 934 1468 ista,
950 1434 1040 1471 utque
1066 1431 1105 1460 ad
1124 1438 1201 1469 rem,
1223 1430 1259 1460 de
1272 1438 1330 1468 qua
1343 1427 1427 1458 inter
1441 1435 1494 1456 nos
1509 1425 1629 1463 agitur,

181 1477 262 1509 redi.
308 1477 368 1508 SA.
397 1477 497 1512 Quam
511 1473 602 1506 rein?
630 1486 688 1515 quo
703 1476 824 1506 redeam
837 1477 848 1504 ?
892 1474 960 1504 AEs.
987 1475 1098 1503 ιΙαηιηε
1114 1472 1172 1502 tibi
1197 1474 1296 1512 placet
1325 1474 1359 1500 ut
1375 1471 1474 1500 dicam
1497 1469 1574 1508 quod
1590 1468 1630 1497 ad

182 1524 214 1551 te
228 1518 370 1561 spectat?
399 1520 458 1550 SA.
487 1519 571 1554 Volo,
589 1519 747 1548 dummodo
766 1517 924 1557 oequitatis
948 1517 1065 1556 aliquid
1091 1515 1212 1547 habeat.
1256 1513 1323 1544 ΗΕΒ.
1353 1511 1443 1543 Vah!
1466 1513 1532 1542 leno
1558 1510 1630 1540 reli-

178 1563 288 1602 giosus
301 1563 429 1601 scilicet,
444 1572 490 1593 me
504 1562 588 1601 cupit
604 1571 692 1601 aequa
715 1570 891 1600 proponere.
934 1559 993 1589 SA.
1017 1559 1100 1589 Leno
1116 1568 1193 1595 sum,
1209 1557 1290 1588 haud
1312 1565 1400 1594 nego,
1425 1554 1556 1585 exitium
1574 1552 1630 1590 ju-

181 1606 330 1644 ventutis,
345 1606 499 1646 perjurus,
514 1606 610 1643 pestis
624 1603 757 1644 publica,
773 1606 803 1633 et
815 1603 986 1639 calamitas,
999 1604 1099 1632 tamen
1117 1601 1202 1631 milia
1217 1603 1314 1640 coepta
1334 1601 1380 1628 est
1395 1608 1414 1628 a
1429 1606 1475 1627 me
1492 1595 1631 1636 tibifieri

182 1649 311 1687 injuria.
358 1649 423 1679 AEs.
450 1649 567 1687 Nempe
582 1648 615 1677 id
630 1657 722 1678 unum
737 1645 795 1676 tibi
809 1645 991 1683 faciendum
1011 1647 1158 1684 superest.
1202 1643 1261 1675 SA.
1284 1642 1387 1679 Rogo,
1411 1640 1570 1676 AEschine,
1596 1641 1631 1668 ut

180 1701 294 1731 pergas
309 1691 390 1731 loqui
405 1692 441 1722 de
456 1700 490 1721 re
501 1690 579 1730 ipsa,
592 1699 659 1730 quae
673 1690 712 1719 ad
728 1699 782 1719 nos
796 1689 920 1725 attinet,
936 1693 967 1718 ιιι
976 1687 1047 1725 jam
1063 1686 1214 1726 incepisti.
1260 1685 1329 1715 AEs.
1352 1683 1453 1713 Minis
1464 1681 1580 1719 viginti
1595 1684 1631 1710 tn.

181 1734 438 1776 iilamjidicinam
452 1733 566 1772 emisti,
590 1743 656 1772 quoe
671 1741 720 1763 res
736 1732 812 1762 male
828 1730 886 1761 tibi
900 1731 1057 1760 succedat:
1088 1729 1276 1760 tantumdem
1291 1726 1428 1767 peczmioe
1450 1725 1508 1755 tibi
1523 1724 1630 1754 redde-

185 1779 250 1808 tur.
293 1776 353 1808 SA.
379 1775 463 1812 Quid
479 1776 507 1807 si
519 1785 575 1815 ego
590 1776 675 1806 illam
692 1775 759 1806 nolo
774 1774 831 1806 tibi
846 1775 985 1813 vendere,
1001 1782 1040 1803 an
1060 1782 1107 1803 me
1120 1772 1152 1803 vi
1167 1770 1324 1811 compelles
1338 1770 1377 1800 ad
1392 1769 1424 1799 id
1433 1768 1632 1806 faciendum?

787 1891 960 1904 ‘N‘O‘O‘l
967 1891 1020 1905 ,ΙΙ

184 1985 275 2017 ribus
298 1983 434 2021 nostris,
460 1982 498 2014 Si
520 1983 599 2013 satis
615 1982 685 2021 jam
707 1981 917 2019 debacchatus,
933 1981 1010 2018 leno,
1024 1989 1067 2010 es.
1091 1979 1194 2009 Bent.
1240 1976 1295 2007 Ita
1320 1979 1354 2005 et
1379 1973 1505 2004 hubent
1527 1973 1629 2004 Both.

182 2028 277 2059 Peri.
321 2026 536 2057 Debai-chucus
553 2025 623 2064 jam
653 2035 696 2060 es,
712 2026 778 2055 leno
794 2025 937 2055 Bia—31
965 2022 1098 2053 Laudat
1132 2020 1248 2051 Rivius
1278 2028 1297 2049 e
1327 2017 1456 2048 ssudaeo
1481 2021 1517 2047 et
1544 2016 1629 2046 edit.

182 2072 317 2101 Veneta
342 2075 378 2100 et
403 2069 605 2108 Argentina,
633 2068 742 2106 Egone
766 2070 867 2097 autem
891 2065 1094 2097 debacchatus
1119 2073 1184 2093 sum
1204 2063 1238 2092 in
1261 2059 1317 2092 te?
1342 2060 1493 2091 Exhibeo
1517 2063 1630 2090 autem

183 2113 363 2143 lectionem
382 2111 513 2146 Faerni,
537 2111 682 2150 optimos
705 2110 851 2140 Codices
877 2108 999 2145 secuti,
1016 2117 1113 2148 qnam
1131 2105 1248 2136 laudat
1272 2104 1315 2135 G.
1332 2104 1369 2134 F.
1406 2102 1447 2133 Τὸ
1462 2106 1563 2133 autem
1582 2108 1631 2132 ta-

184 2165 260 2186 men
290 2156 407 2194 legnnt
430 2154 533 2184 etiam
558 2153 632 2183 EA.
649 2158 684 2183 et
700 2153 773 2183 ET.
790 2153 849 2183 sed
869 2158 904 2182 et
921 2152 1004 2182 citat
1027 2150 1108 2180 Ant.
1132 2147 1353 2188 Augustinus,
1373 2146 1552 2176 Emendat.
1571 2144 1630 2176 lib.

182 2207 233 2229 lv.
251 2208 327 2237 cap.
342 2200 392 2227 ll.
420 2197 519 2228 West.
563 2195 632 2226 Pro
648 2196 738 2226 mitte
749 2195 805 2225 alii
821 2196 938 2225 omitte.
965 2194 1043 2233 Bip.
1080 2193 1180 2230 Egon·
1195 2188 1389 2221 debacchatu'
1403 2198 1480 2218 sum.
1519 2193 1526 2204 ¹
1545 2187 1631 2218 GM.

183 2241 326 2272 collocat
343 2241 383 2271 ad
404 2249 467 2270 rem
482 2242 584 2278 atque,
597 2237 705 2268 mire.²
733 2239 902 2268 Perl.—32
929 2237 1018 2271 Quod
1040 2236 1079 2266 ad
1095 2239 1125 2265 te
1146 2234 1269 2264 attinet.
1306 2233 1402 2262 Bem.
1421 2232 1498 2262 Bas.
1523 2231 1579 2261 Vi.
1596 2235 1632 2260 et

181 2283 288 2314 multo
302 2282 447 2313 maxima
464 2291 542 2321 pars
564 2281 719 2320 aliorum,
736 2281 785 2310 liis
803 2280 973 2320 praeponit
996 2286 1180 2318 pronomen
1198 2278 1247 2306 id.-
1273 2279 1308 2306 et
1332 2278 1397 2305 stat
1415 2283 1529 2305 versus
1547 2272 1632 2312 abji-

182 2326 306 2357 ciendo
329 2327 362 2363 d,
386 2334 429 2355 ex
454 2325 462 2341 ‘
480 2323 590 2365 qnod.y
614 2324 673 2354 Fa.
719 2323 839 2354 Nostri
864 2331 977 2353 omnes
1007 2321 1041 2351 id
1066 2321 1154 2360 qnod.
1179 2320 1280 2349 Bent.
1323 2318 1436 2348 Jamne
1458 2326 1504 2346 me
1529 2316 1561 2346 id
1584 2316 1633 2346 vis

181 2369 283 2400 dicere
297 2368 400 2399 Both.
446 2367 486 2397 Id
503 2366 600 2397 abest
612 2366 652 2396 Z.
666 2367 744 2406 Bip.
789 2365 899 2396 Abest
915 2374 962 2395 me
979 2363 1092 2394 Guelf.
1109 2364 1227 2393 2.-33
1252 2361 1318 2391 Ms-
1335 2360 1427 2400 Lips.
1443 2360 1530 2389 modo
1542 2358 1633 2398 ecqui.

183 2412 257 2443 ΕΡ.
273 2421 339 2442 non
357 2410 512 2451 agnoscit
536 2408 572 2439 τὸ
587 2418 644 2440 me.
669 2409 778 2439 West.
823 2409 881 2439 ΒΥ.
900 2407 996 2448 Cupio
1015 2408 1102 2436 modo
1124 2405 1215 2444 oequi.
1260 2403 1371 2434 Abest
1392 2402 1455 2432 Vah
1472 2401 1583 2432 Gnelf.
1599 2403 1633 2432 2.

182 2456 266 2485 —34
289 2454 390 2485 Both.
413 2452 580 2483 communis
607 2451 841 2482 adolescentium
867 2449 1113 2491 pernicies—35
1140 2448 1247 2477 Recte
1276 2446 1341 2476 duo
1372 2455 1413 2475 ex
1444 2444 1633 2474 veterrimis

183 2496 323 2534 nostris,
338 2496 453 2527 nullast
466 2498 546 2525 ονία.
572 2495 670 2525 Bent.
714 2493 857 2525 Bothius
876 2493 957 2532 legit
972 2491 1086 2530 Pestis,
1097 2490 1259 2530 perjuriis:
1281 2492 1384 2519 tamen
1399 2499 1416 2517 a
1430 2497 1477 2517 me
1491 2490 1538 2517 est
1549 2487 1634 2517 nulla

183 2539 242 2570 tibi
269 2542 338 2569 orta
366 2537 494 2576 injuria.
539 2537 595 2568 ΒΓ.
623 2536 701 2577 Bip.
728 2536 850 2576 Delph.
876 2536 960 2566 nulla
985 2538 1030 2565 est
1055 2537 1136 2564 orta.
1182 2532 1274 2562 Perl.
1303 2532 1388 2561 nulla
1403 2529 1441 2560 ’st
1466 2532 1632 2560 arim—36

183 2581 283 2613 Bodl.
300 2586 336 2612 et
351 2582 400 2612 M.
413 2590 490 2611 cum
505 2578 580 2610 EA.
598 2579 667 2610 ET.
690 2579 787 2611 Junt.
803 2583 838 2609 et
855 2578 927 2610 ΕΡ.
958 2578 1065 2608 Etiam
1079 2577 1111 2606 id
1133 2578 1240 2605 restat.
1286 2575 1347 2604 Est
1366 2578 1476 2603 autem
1504 2572 1632 2602 ironice

184 2624 325 2656 dictum.
356 2624 417 2655 Gr.
440 2623 537 2655 Τοῦτο
551 2622 611 2662 ’γὰρ
638 2620 701 2652 ἔσθ’
720 2617 895 2652 ὑπόλοιπόν.
940 2619 1030 2650 Illud
1061 2628 1139 2649 vero
1161 2619 1193 2648 id
1220 2615 1418 2647 defenditur
1443 2614 1531 2645 forte
1557 2615 1632 2645 loco

186 2667 374 2704 ciceronis,
399 2665 475 2697 Att.
501 2674 583 2696 xm.
603 2667 654 2695 13.
698 2665 706 2681 ‘
724 2664 765 2695 Id
793 2664 907 2694 hei-cie
933 2661 1084 2693 restabat
1100 2660 1121 2692 :'
1159 2661 1253 2700 Vin-g.
1276 2660 1350 2690 AEn.
1370 2667 1405 2688 x.
1420 2660 1472 2688 29.
1503 2658 1512 2674 ‘
1530 2657 1632 2698 Equi—

184 2709 273 2749 dem,
291 2709 405 2746 credo,
421 2717 495 2738 mea
515 2708 656 2739 vulnera
676 2706 830 2737 restant!
876 2705 996 2736 Horat.
1013 2705 1123 2735 Serui.
1141 2711 1166 2733 ι.
1183 2706 1214 2733 9.
1232 2705 1285 2733 28.
1328 2702 1336 2717 ‘
1355 2701 1482 2732 Omnes
1498 2709 1633 2740 compo·

185 2751 248 2783 sui.
291 2751 440 2783 Felices!
464 2759 553 2780 nnnc
579 2759 642 2790 ego
666 2747 782 2780 resto!
808 2749 907 2780 iVest.
952 2748 1048 2778 Bem.
1075 2747 1131 2777 hoc
1160 2748 1267 2776 restat.
1312 2744 1428 2774 Nostri
1458 2752 1573 2773 omnes
1590 2742 1633 2772 id.

186 2793 279 2826 Nihil
293 2795 449 2826 interest.
473 2793 569 2824 Beni.
615 2792 655 2823 Id
674 2791 800 2823 habent
823 2792 883 2824 Br.
899 2789 1016 2823 Guelf.
1034 2792 1064 2822 1.
1080 2791 1197 2821 2.-38
1220 2787 1290 2819 Alii
1304 2785 1491 2819 tantumlibi
1507 2785 1633 2816 dabitur
