<?xml version="1.0" encoding="UTF-8"?>
<!DOCTYPE html PUBLIC "-//W3C//DTD XHTML 1.0 Transitional//EN"
    "http://www.w3.org/TR/xhtml1/DTD/xhtml1-transitional.dtd">
<html xmlns="http://www.w3.org/1999/xhtml" xml:lang="en" lang="en">
 <head>
  <title>
</title>
<meta http-equiv="Content-Type" content="text/html;charset=utf-8" />
  <meta name='ocr-system' content='tesseract 3.04.00' />
  <meta name='ocr-capabilities' content='ocr_page ocr_carea ocr_par ocr_line ocrx_word'/>
</head>
<body>
  <div class='ocr_page' id='page_1' title='image "./pubterentiiafric02tereuoft/pubterentiiafric02tereuoft_0361.png"; bbox 0 0 1966 3302; ppageno 0'>
   <div class='ocr_carea' id='block_1_1' title="bbox 557 209 1604 251">
    <p class='ocr_par' dir='ltr' id='par_1_1' title="bbox 557 209 1604 251">
     <span class='ocr_line' id='line_1_1' title="bbox 557 209 1604 251; baseline 0.002 -2"><span class='ocrx_word' id='word_1_1' title='bbox 557 219 771 250; x_wconf 75' lang='lat' dir='ltr'>HEGYRAE</span> <span class='ocrx_word' id='word_1_2' title='bbox 804 219 914 249; x_wconf 78' lang='lat' dir='ltr'>Ac‘r.</span> <span class='ocrx_word' id='word_1_3' title='bbox 949 219 1021 249; x_wconf 88' lang='lat'>111.</span> <span class='ocrx_word' id='word_1_4' title='bbox 1053 219 1120 250; x_wconf 85' lang='lat' dir='ltr'>sc.</span> <span class='ocrx_word' id='word_1_5' title='bbox 1155 220 1220 249; x_wconf 82' lang='lat' dir='ltr'>iv.</span> <span class='ocrx_word' id='word_1_6' title='bbox 1521 209 1604 251; x_wconf 82' lang='grc'>851</span> 
     </span>
    </p>
   </div>
   <div class='ocr_carea' id='block_1_2' title="bbox 159 313 1602 425">
    <p class='ocr_par' dir='ltr' id='par_1_2' title="bbox 159 313 1602 425">
     <span class='ocr_line' id='line_1_2' title="bbox 159 313 1602 370; baseline 0 -13"><span class='ocrx_word' id='word_1_7' title='bbox 159 315 289 358; x_wconf 78' lang='lat' dir='ltr'>PAM.</span> <span class='ocrx_word' id='word_1_8' title='bbox 322 316 377 358; x_wconf 90' lang='lat' dir='ltr'>In</span> <span class='ocrx_word' id='word_1_9' title='bbox 396 328 543 357; x_wconf 86' lang='lat' dir='ltr'>arcem</span> <span class='ocrx_word' id='word_1_10' title='bbox 562 320 815 357; x_wconf 80' lang='lat' dir='ltr'>transcurso</span> <span class='ocrx_word' id='word_1_11' title='bbox 848 329 962 370; x_wconf 91' lang='lat' dir='ltr'>opus</span> <span class='ocrx_word' id='word_1_12' title='bbox 997 321 1080 358; x_wconf 88' lang='lat' dir='ltr'>est.</span> <span class='ocrx_word' id='word_1_13' title='bbox 1140 317 1265 358; x_wconf 85' lang='lat' dir='ltr'><strong>PAR.</strong></span> <span class='ocrx_word' id='word_1_14' title='bbox 1297 314 1382 357; x_wconf 89' lang='lat' dir='ltr'>Cui</span> <span class='ocrx_word' id='word_1_15' title='bbox 1402 313 1602 357; x_wconf 65' lang='lat' dir='ltr'>homini?</span> 
     </span>
     <span class='ocr_line' id='line_1_3' title="bbox 332 383 608 425; baseline -0.004 0"><span class='ocrx_word' id='word_1_16' title='bbox 332 383 463 425; x_wconf 82' lang='lat' dir='ltr'>PAM.</span> <span class='ocrx_word' id='word_1_17' title='bbox 491 383 608 424; x_wconf 90' lang='lat' dir='ltr'><strong>Tibi.</strong></span> 
     </span>
    </p>
   </div>
   <div class='ocr_carea' id='block_1_3' title="bbox 160 450 1606 978">
    <p class='ocr_par' dir='ltr' id='par_1_3' title="bbox 160 450 1567 505">
     <span class='ocr_line' id='line_1_4' title="bbox 160 450 1567 505; baseline 0.001 -14"><span class='ocrx_word' id='word_1_18' title='bbox 160 450 288 493; x_wconf 77' lang='lat' dir='ltr'>PAR.</span> <span class='ocrx_word' id='word_1_19' title='bbox 319 451 373 491; x_wconf 90' lang='lat' dir='ltr'>In</span> <span class='ocrx_word' id='word_1_20' title='bbox 394 451 562 493; x_wconf 87' lang='lat' dir='ltr'>arcem!</span> <span class='ocrx_word' id='word_1_21' title='bbox 593 450 699 505; x_wconf 89' lang='lat' dir='ltr'>quid</span> <span class='ocrx_word' id='word_1_22' title='bbox 722 452 810 492; x_wconf 79' lang='lat' dir='ltr'>eo&#39;?</span> <span class='ocrx_word' id='word_1_23' title='bbox 870 451 958 491; x_wconf 87' lang='lat' dir='ltr'>PA.</span> <span class='ocrx_word' id='word_1_24' title='bbox 991 450 1323 492; x_wconf 82' lang='lat' dir='ltr'>Callidemidem</span> <span class='ocrx_word' id='word_1_25' title='bbox 1346 451 1567 505; x_wconf 84' lang='lat' dir='ltr'><strong>hospitem</strong></span> 
     </span>
    </p>

    <p class='ocr_par' dir='ltr' id='par_1_4' title="bbox 164 517 1401 572">
     <span class='ocr_line' id='line_1_5' title="bbox 164 517 1401 572; baseline -0.001 -14"><span class='ocrx_word' id='word_1_26' title='bbox 164 517 444 572; x_wconf 86' lang='lat' dir='ltr'><strong>Myconium,</strong></span> <span class='ocrx_word' id='word_1_27' title='bbox 467 519 544 572; x_wconf 92' lang='lat' dir='ltr'>qui</span> <span class='ocrx_word' id='word_1_28' title='bbox 565 531 736 559; x_wconf 90' lang='lat' dir='ltr'>mecum</span> <span class='ocrx_word' id='word_1_29' title='bbox 753 531 839 558; x_wconf 85' lang='lat' dir='ltr'>una</span> <span class='ocrx_word' id='word_1_30' title='bbox 859 519 1071 559; x_wconf 87' lang='lat' dir='ltr'>advectus</span> <span class='ocrx_word' id='word_1_31' title='bbox 1092 523 1176 568; x_wconf 88' lang='lat' dir='ltr'>est,</span> <span class='ocrx_word' id='word_1_32' title='bbox 1198 519 1401 559; x_wconf 85' lang='lat' dir='ltr'>conveni.</span> 
     </span>
    </p>

    <p class='ocr_par' dir='ltr' id='par_1_5' title="bbox 160 585 1605 636">
     <span class='ocr_line' id='line_1_6' title="bbox 160 585 1605 636; baseline 0.002 -10"><span class='ocrx_word' id='word_1_33' title='bbox 160 585 286 626; x_wconf 82' lang='lat' dir='ltr'>PAR.</span> <span class='ocrx_word' id='word_1_34' title='bbox 318 586 464 628; x_wconf 84' lang='lat' dir='ltr'>Perii!</span> <span class='ocrx_word' id='word_1_35' title='bbox 495 587 670 628; x_wconf 84' lang='lat' dir='ltr'>vovisse</span> <span class='ocrx_word' id='word_1_36' title='bbox 692 586 805 626; x_wconf 89' lang='lat' dir='ltr'>hunc</span> <span class='ocrx_word' id='word_1_37' title='bbox 825 585 984 636; x_wconf 84' lang='lat' dir='ltr'>dicam,</span> <span class='ocrx_word' id='word_1_38' title='bbox 1008 585 1046 626; x_wconf 90' lang='lat' dir='ltr'>si</span> <span class='ocrx_word' id='word_1_39' title='bbox 1069 587 1220 627; x_wconf 82' lang='lat' dir='ltr'>salvos</span> <span class='ocrx_word' id='word_1_40' title='bbox 1243 586 1419 627; x_wconf 89' lang='lat' dir='ltr'>domum</span> <span class='ocrx_word' id='word_1_41' title='bbox 1550 587 1605 629; x_wconf 72' lang='lat'>20</span> 
     </span>
    </p>

    <p class='ocr_par' dir='ltr' id='par_1_6' title="bbox 161 651 1296 712">
     <span class='ocr_line' id='line_1_7' title="bbox 161 651 1296 712; baseline 0.003 -20"><span class='ocrx_word' id='word_1_42' title='bbox 161 651 370 695; x_wconf 84' lang='lat' dir='ltr'>Redisset</span> <span class='ocrx_word' id='word_1_43' title='bbox 389 667 594 708; x_wconf 83' lang='lat' dir='ltr'>unquam,</span> <span class='ocrx_word' id='word_1_44' title='bbox 614 658 662 695; x_wconf 85' lang='lat' dir='ltr'>ut</span> <span class='ocrx_word' id='word_1_45' title='bbox 682 667 751 694; x_wconf 92' lang='lat' dir='ltr'>me</span> <span class='ocrx_word' id='word_1_46' title='bbox 771 652 1040 712; x_wconf 49' lang='lat' dir='ltr'>ambulando</span> <span class='ocrx_word' id='word_1_47' title='bbox 1062 660 1296 708; x_wconf 85' lang='lat' dir='ltr'>rumperet.</span> 
     </span>
    </p>

    <p class='ocr_par' dir='ltr' id='par_1_7' title="bbox 161 715 1606 830">
     <span class='ocr_line' id='line_1_8' title="bbox 161 715 1606 771; baseline 0.002 -11"><span class='ocrx_word' id='word_1_48' title='bbox 161 719 291 762; x_wconf 81' lang='lat' dir='ltr'>PAM.</span> <span class='ocrx_word' id='word_1_49' title='bbox 314 720 435 771; x_wconf 81' lang='lat' dir='ltr'>Quid</span> <span class='ocrx_word' id='word_1_50' title='bbox 457 723 641 763; x_wconf 68' lang='lat' dir='ltr'>cessas?</span> <span class='ocrx_word' id='word_1_51' title='bbox 702 722 826 763; x_wconf 82' lang='lat' dir='ltr'>PAR.</span> <span class='ocrx_word' id='word_1_52' title='bbox 850 715 973 771; x_wconf 64' lang='lat' dir='ltr'>Qni‘id</span> <span class='ocrx_word' id='word_1_53' title='bbox 988 722 1056 763; x_wconf 81' lang='lat' dir='ltr'>vis</span> <span class='ocrx_word' id='word_1_54' title='bbox 1071 721 1249 763; x_wconf 70' lang='lat' dir='ltr'>dicam?</span> <span class='ocrx_word' id='word_1_55' title='bbox 1272 736 1329 765; x_wconf 84' lang='lat' dir='ltr'>an</span> <span class='ocrx_word' id='word_1_56' title='bbox 1351 722 1606 764; x_wconf 80' lang='lat' dir='ltr'>conveniam</span> 
     </span>
     <span class='ocr_line' id='line_1_9' title="bbox 331 789 498 830; baseline 0.012 -2"><span class='ocrx_word' id='word_1_57' title='bbox 331 789 464 829; x_wconf 90' lang='lat' dir='ltr'>modo</span> <span class='ocrx_word' id='word_1_58' title='bbox 479 790 498 830; x_wconf 71' lang='lat'>&#39;2</span> 
     </span>
    </p>

    <p class='ocr_par' dir='ltr' id='par_1_8' title="bbox 162 855 1568 910">
     <span class='ocr_line' id='line_1_10' title="bbox 162 855 1568 910; baseline 0.001 -14"><span class='ocrx_word' id='word_1_59' title='bbox 162 855 291 897; x_wconf 85' lang='lat' dir='ltr'>PAM.</span> <span class='ocrx_word' id='word_1_60' title='bbox 323 856 481 906; x_wconf 89' lang='lat' dir='ltr'>Immo,</span> <span class='ocrx_word' id='word_1_61' title='bbox 504 856 625 910; x_wconf 89' lang='lat' dir='ltr'>quod</span> <span class='ocrx_word' id='word_1_62' title='bbox 645 856 850 897; x_wconf 87' lang='lat' dir='ltr'>constitui</span> <span class='ocrx_word' id='word_1_63' title='bbox 871 869 940 897; x_wconf 91' lang='lat' dir='ltr'>me</span> <span class='ocrx_word' id='word_1_64' title='bbox 960 855 1090 896; x_wconf 86' lang='lat' dir='ltr'>hodie</span> <span class='ocrx_word' id='word_1_65' title='bbox 1113 860 1430 899; x_wconf 89' lang='lat' dir='ltr'>conventurum</span> <span class='ocrx_word' id='word_1_66' title='bbox 1452 871 1568 907; x_wconf 89' lang='lat' dir='ltr'>eum,</span> 
     </span>
    </p>

    <p class='ocr_par' dir='ltr' id='par_1_9' title="bbox 162 922 1307 978">
     <span class='ocr_line' id='line_1_11' title="bbox 162 922 1307 978; baseline 0.002 -14"><span class='ocrx_word' id='word_1_67' title='bbox 162 922 268 964; x_wconf 89' lang='lat' dir='ltr'>Non</span> <span class='ocrx_word' id='word_1_68' title='bbox 289 937 445 977; x_wconf 82' lang='lat' dir='ltr'>posse3</span> <span class='ocrx_word' id='word_1_69' title='bbox 476 937 529 965; x_wconf 91' lang='lat' dir='ltr'>ne</span> <span class='ocrx_word' id='word_1_70' title='bbox 548 937 616 965; x_wconf 91' lang='lat' dir='ltr'>me</span> <span class='ocrx_word' id='word_1_71' title='bbox 635 924 796 965; x_wconf 83' lang='lat' dir='ltr'>frustra</span> <span class='ocrx_word' id='word_1_72' title='bbox 816 924 907 965; x_wconf 91' lang='lat' dir='ltr'>illic</span> <span class='ocrx_word' id='word_1_73' title='bbox 929 928 1160 978; x_wconf 77' lang='lat' dir='ltr'>expectet:</span> <span class='ocrx_word' id='word_1_74' title='bbox 1191 925 1307 967; x_wconf 83' lang='lat' dir='ltr'>vola.</span> 
     </span>
    </p>
   </div>
   <div class='ocr_carea' id='block_1_4' title="bbox 159 1051 1611 1395">
    <p class='ocr_par' dir='ltr' id='par_1_10' title="bbox 159 1051 1611 1395">
     <span class='ocr_line' id='line_1_12' title="bbox 160 1051 1607 1086; baseline 0.002 -3"><span class='ocrx_word' id='word_1_75' title='bbox 160 1051 286 1085; x_wconf 76' lang='lat' dir='ltr'>obrem?</span> <span class='ocrx_word' id='word_1_76' title='bbox 328 1054 429 1086; x_wconf 78' lang='lat' dir='ltr'>PAM.</span> <span class='ocrx_word' id='word_1_77' title='bbox 453 1054 491 1085; x_wconf 82' lang='grc' dir='ltr'>Ιη</span> <span class='ocrx_word' id='word_1_78' title='bbox 514 1064 614 1085; x_wconf 84' lang='lat' dir='ltr'>arcem</span> <span class='ocrx_word' id='word_1_79' title='bbox 634 1054 720 1084; x_wconf 83' lang='lat' dir='ltr'>urbis</span> <span class='ocrx_word' id='word_1_80' title='bbox 739 1055 1010 1085; x_wconf 79' lang='lat' dir='ltr'>transcurrendum</span> <span class='ocrx_word' id='word_1_81' title='bbox 1030 1057 1088 1085; x_wconf 85' lang='lat' dir='ltr'>est.</span> <span class='ocrx_word' id='word_1_82' title='bbox 1131 1054 1224 1086; x_wconf 78' lang='lat' dir='ltr'>PAR.</span> <span class='ocrx_word' id='word_1_83' title='bbox 1251 1055 1312 1086; x_wconf 85' lang='lat' dir='ltr'>Cui</span> <span class='ocrx_word' id='word_1_84' title='bbox 1327 1054 1465 1086; x_wconf 84' lang='lat' dir='ltr'>homini?</span> <span class='ocrx_word' id='word_1_85' title='bbox 1509 1055 1607 1086; x_wconf 77' lang='lat' dir='ltr'>PAM.</span> 
     </span>
     <span class='ocr_line' id='line_1_13' title="bbox 165 1095 1608 1136; baseline 0.002 -10"><span class='ocrx_word' id='word_1_86' title='bbox 165 1095 245 1127; x_wconf 73' lang='lat' dir='ltr'>Tibi.</span> <span class='ocrx_word' id='word_1_87' title='bbox 289 1096 380 1129; x_wconf 76' lang='lat' dir='ltr'>PAR.</span> <span class='ocrx_word' id='word_1_88' title='bbox 409 1097 559 1132; x_wconf 75' lang='lat' dir='ltr'>Qaoenam</span> <span class='ocrx_word' id='word_1_89' title='bbox 572 1107 664 1128; x_wconf 82' lang='lat' dir='ltr'>causa</span> <span class='ocrx_word' id='word_1_90' title='bbox 678 1100 734 1135; x_wconf 79' lang='lat' dir='ltr'>est,</span> <span class='ocrx_word' id='word_1_91' title='bbox 751 1106 806 1127; x_wconf 81' lang='lat' dir='ltr'>cur</span> <span class='ocrx_word' id='word_1_92' title='bbox 821 1100 883 1127; x_wconf 82' lang='lat' dir='ltr'>tam</span> <span class='ocrx_word' id='word_1_93' title='bbox 898 1100 1010 1127; x_wconf 79' lang='lat' dir='ltr'>remote</span> <span class='ocrx_word' id='word_1_94' title='bbox 1025 1097 1057 1127; x_wconf 81' lang='lat' dir='ltr'>in</span> <span class='ocrx_word' id='word_1_95' title='bbox 1066 1107 1167 1127; x_wconf 85' lang='lat' dir='ltr'>arcem</span> <span class='ocrx_word' id='word_1_96' title='bbox 1180 1107 1228 1128; x_wconf 85' lang='lat' dir='ltr'>me</span> <span class='ocrx_word' id='word_1_97' title='bbox 1242 1107 1364 1129; x_wconf 80' lang='lat' dir='ltr'>currere</span> <span class='ocrx_word' id='word_1_98' title='bbox 1369 1098 1486 1136; x_wconf 79' lang='lat' dir='ltr'>jubes?</span> <span class='ocrx_word' id='word_1_99' title='bbox 1507 1098 1608 1130; x_wconf 80' lang='lat' dir='ltr'>PAM.</span> 
     </span>
     <span class='ocr_line' id='line_1_14' title="bbox 162 1139 1609 1180; baseline 0.002 -11"><span class='ocrx_word' id='word_1_100' title='bbox 162 1139 395 1171; x_wconf 80' lang='lat' dir='ltr'>Callidemidem</span> <span class='ocrx_word' id='word_1_101' title='bbox 409 1140 590 1180; x_wconf 71' lang='lat' dir='ltr'>Bchom&#39;um</span> <span class='ocrx_word' id='word_1_102' title='bbox 604 1140 752 1180; x_wconf 81' lang='lat' dir='ltr'>hospitem</span> <span class='ocrx_word' id='word_1_103' title='bbox 766 1148 877 1177; x_wconf 78' lang='lat' dir='ltr'>meum,</span> <span class='ocrx_word' id='word_1_104' title='bbox 892 1139 943 1178; x_wconf 82' lang='lat' dir='ltr'>qui</span> <span class='ocrx_word' id='word_1_105' title='bbox 965 1149 1081 1170; x_wconf 84' lang='lat' dir='ltr'>mecum</span> <span class='ocrx_word' id='word_1_106' title='bbox 1094 1149 1155 1170; x_wconf 83' lang='lat' dir='ltr'>una</span> <span class='ocrx_word' id='word_1_107' title='bbox 1170 1140 1242 1171; x_wconf 84' lang='lat' dir='ltr'>navi</span> <span class='ocrx_word' id='word_1_108' title='bbox 1257 1141 1290 1171; x_wconf 83' lang='lat' dir='ltr'>in</span> <span class='ocrx_word' id='word_1_109' title='bbox 1310 1141 1388 1171; x_wconf 77' lang='lat' dir='ltr'>hanc</span> <span class='ocrx_word' id='word_1_110' title='bbox 1402 1141 1508 1172; x_wconf 83' lang='lat' dir='ltr'>urbem</span> <span class='ocrx_word' id='word_1_111' title='bbox 1519 1143 1609 1172; x_wconf 79' lang='lat' dir='ltr'>adve-</span> 
     </span>
     <span class='ocr_line' id='line_1_15' title="bbox 160 1181 1611 1224; baseline 0.003 -13"><span class='ocrx_word' id='word_1_112' title='bbox 160 1181 220 1218; x_wconf 75' lang='lat' dir='ltr'>nit,</span> <span class='ocrx_word' id='word_1_113' title='bbox 235 1183 398 1223; x_wconf 82' lang='lat' dir='ltr'>alloquere.</span> <span class='ocrx_word' id='word_1_114' title='bbox 443 1183 535 1213; x_wconf 76' lang='lat' dir='ltr'>PAR.</span> <span class='ocrx_word' id='word_1_115' title='bbox 557 1182 683 1213; x_wconf 79' lang='lat' dir='ltr'>Interii.</span> <span class='ocrx_word' id='word_1_116' title='bbox 733 1182 810 1213; x_wconf 82' lang='lat' dir='ltr'>Voto</span> <span class='ocrx_word' id='word_1_117' title='bbox 829 1182 1006 1221; x_wconf 81' lang='lat' dir='ltr'>promisisse</span> <span class='ocrx_word' id='word_1_118' title='bbox 1019 1191 1088 1213; x_wconf 74' lang='lat' dir='ltr'>rere</span> <span class='ocrx_word' id='word_1_119' title='bbox 1109 1182 1211 1213; x_wconf 80' lang='lat' dir='ltr'>dicere</span> <span class='ocrx_word' id='word_1_120' title='bbox 1231 1193 1354 1223; x_wconf 80' lang='lat' dir='ltr'>possam</span> <span class='ocrx_word' id='word_1_121' title='bbox 1368 1184 1446 1215; x_wconf 82' lang='lat' dir='ltr'>hunc</span> <span class='ocrx_word' id='word_1_122' title='bbox 1464 1184 1611 1224; x_wconf 81' lang='lat' dir='ltr'>Pamphi-</span> 
     </span>
     <span class='ocr_line' id='line_1_16' title="bbox 161 1224 1608 1264; baseline 0.003 -10"><span class='ocrx_word' id='word_1_123' title='bbox 161 1224 236 1262; x_wconf 81' lang='lat' dir='ltr'>lum,</span> <span class='ocrx_word' id='word_1_124' title='bbox 252 1235 300 1256; x_wconf 86' lang='lat' dir='ltr'>me</span> <span class='ocrx_word' id='word_1_125' title='bbox 313 1225 493 1256; x_wconf 77' lang='lat' dir='ltr'>ambulando</span> <span class='ocrx_word' id='word_1_126' title='bbox 508 1228 682 1264; x_wconf 81' lang='lat' dir='ltr'>rupturum,</span> <span class='ocrx_word' id='word_1_127' title='bbox 698 1224 726 1254; x_wconf 85' lang='lat' dir='ltr'>si</span> <span class='ocrx_word' id='word_1_128' title='bbox 740 1233 872 1264; x_wconf 82' lang='lat' dir='ltr'>unquam</span> <span class='ocrx_word' id='word_1_129' title='bbox 887 1234 903 1254; x_wconf 83' lang='lat' dir='ltr'>e</span> <span class='ocrx_word' id='word_1_130' title='bbox 923 1224 1002 1254; x_wconf 78' lang='lat' dir='ltr'>mari</span> <span class='ocrx_word' id='word_1_131' title='bbox 1016 1234 1116 1264; x_wconf 83' lang='lat' dir='ltr'>sospes</span> <span class='ocrx_word' id='word_1_132' title='bbox 1136 1226 1259 1256; x_wconf 81' lang='lat' dir='ltr'>domum</span> <span class='ocrx_word' id='word_1_133' title='bbox 1278 1227 1463 1258; x_wconf 84' lang='lat' dir='ltr'>advenisset.</span> <span class='ocrx_word' id='word_1_134' title='bbox 1508 1227 1608 1258; x_wconf 74' lang='grc' dir='ltr'><strong>ΡΑΜ.</strong></span> 
     </span>
     <span class='ocr_line' id='line_1_17' title="bbox 164 1267 1611 1308; baseline 0.002 -11"><span class='ocrx_word' id='word_1_135' title='bbox 164 1267 252 1302; x_wconf 78' lang='lat' dir='ltr'>Quia</span> <span class='ocrx_word' id='word_1_136' title='bbox 273 1269 380 1298; x_wconf 72' lang='lat' dir='ltr'>tardas</span> <span class='ocrx_word' id='word_1_137' title='bbox 401 1269 449 1298; x_wconf 84' lang='lat' dir='ltr'>ire</span> <span class='ocrx_word' id='word_1_138' title='bbox 463 1267 640 1308; x_wconf 74' lang='lat' dir='ltr'>qwjubeo?</span> <span class='ocrx_word' id='word_1_139' title='bbox 684 1267 777 1298; x_wconf 78' lang='lat' dir='ltr'>PAR.</span> <span class='ocrx_word' id='word_1_140' title='bbox 803 1267 888 1302; x_wconf 81' lang='lat' dir='ltr'>Quid</span> <span class='ocrx_word' id='word_1_141' title='bbox 908 1267 957 1297; x_wconf 77' lang='lat' dir='ltr'>vis</span> <span class='ocrx_word' id='word_1_142' title='bbox 979 1267 1008 1297; x_wconf 85' lang='lat' dir='ltr'>ez&#39;</span> <span class='ocrx_word' id='word_1_143' title='bbox 1023 1278 1042 1298; x_wconf 88' lang='lat' dir='ltr'>a</span> <span class='ocrx_word' id='word_1_144' title='bbox 1057 1273 1088 1298; x_wconf 86' lang='lat' dir='ltr'>te</span> <span class='ocrx_word' id='word_1_145' title='bbox 1110 1268 1271 1299; x_wconf 81' lang='lat' dir='ltr'>nuntiem?</span> <span class='ocrx_word' id='word_1_146' title='bbox 1292 1279 1331 1299; x_wconf 85' lang='grc' dir='ltr'>αη</span> <span class='ocrx_word' id='word_1_147' title='bbox 1349 1269 1383 1299; x_wconf 74' lang='lat' dir='ltr'>id</span> <span class='ocrx_word' id='word_1_148' title='bbox 1397 1270 1495 1300; x_wconf 79' lang='lat' dir='ltr'>solum</span> <span class='ocrx_word' id='word_1_149' title='bbox 1515 1270 1562 1299; x_wconf 78' lang='lat' dir='ltr'>m&#39;s</span> <span class='ocrx_word' id='word_1_150' title='bbox 1576 1274 1611 1300; x_wconf 82' lang='lat' dir='ltr'>ut</span> 
     </span>
     <span class='ocr_line' id='line_1_18' title="bbox 159 1310 1611 1349; baseline 0.001 -9"><span class='ocrx_word' id='word_1_151' title='bbox 159 1318 230 1340; x_wconf 79' lang='lat' dir='ltr'>eum</span> <span class='ocrx_word' id='word_1_152' title='bbox 242 1311 369 1342; x_wconf 77' lang='lat' dir='ltr'>adeam?</span> <span class='ocrx_word' id='word_1_153' title='bbox 413 1310 511 1341; x_wconf 81' lang='grc' dir='ltr'><strong>ΡΛΜ.</strong></span> <span class='ocrx_word' id='word_1_154' title='bbox 538 1310 614 1347; x_wconf 83' lang='lat' dir='ltr'>Dic,</span> <span class='ocrx_word' id='word_1_155' title='bbox 628 1319 674 1341; x_wconf 88' lang='lat' dir='ltr'>me</span> <span class='ocrx_word' id='word_1_156' title='bbox 698 1319 758 1340; x_wconf 79' lang='lat' dir='ltr'>non</span> <span class='ocrx_word' id='word_1_157' title='bbox 771 1319 857 1349; x_wconf 87' lang='lat' dir='ltr'>posse</span> <span class='ocrx_word' id='word_1_158' title='bbox 878 1319 945 1340; x_wconf 85' lang='lat' dir='ltr'>eum</span> <span class='ocrx_word' id='word_1_159' title='bbox 964 1320 1045 1340; x_wconf 76' lang='lat' dir='ltr'>nunc</span> <span class='ocrx_word' id='word_1_160' title='bbox 1069 1311 1240 1346; x_wconf 72' lang='lat' dir='ltr'>convenire,</span> <span class='ocrx_word' id='word_1_161' title='bbox 1254 1311 1335 1342; x_wconf 79' lang='lat' dir='ltr'>sicut</span> <span class='ocrx_word' id='word_1_162' title='bbox 1359 1312 1611 1343; x_wconf 77' lang='lat' dir='ltr'>denuntiaveram</span> 
     </span>
     <span class='ocr_line' id='line_1_19' title="bbox 160 1351 1610 1395; baseline 0.002 -13"><span class='ocrx_word' id='word_1_163' title='bbox 160 1352 252 1384; x_wconf 83' lang='lat' dir='ltr'>eime</span> <span class='ocrx_word' id='word_1_164' title='bbox 267 1353 432 1390; x_wconf 80' lang='lat' dir='ltr'>facturum</span> <span class='ocrx_word' id='word_1_165' title='bbox 455 1352 555 1384; x_wconf 82' lang='lat' dir='ltr'>hodie.</span> <span class='ocrx_word' id='word_1_166' title='bbox 600 1353 652 1384; x_wconf 90' lang='lat' dir='ltr'>Ne</span> <span class='ocrx_word' id='word_1_167' title='bbox 671 1362 718 1383; x_wconf 85' lang='lat' dir='ltr'>me</span> <span class='ocrx_word' id='word_1_168' title='bbox 726 1352 852 1390; x_wconf 81' lang='lat' dir='ltr'>frastra</span> <span class='ocrx_word' id='word_1_169' title='bbox 877 1351 941 1382; x_wconf 83' lang='lat' dir='ltr'>illic</span> <span class='ocrx_word' id='word_1_170' title='bbox 965 1353 1156 1393; x_wconf 82' lang='lat' dir='ltr'>opperiatur.</span> <span class='ocrx_word' id='word_1_171' title='bbox 1200 1354 1293 1386; x_wconf 72' lang='lat' dir='ltr'>PAR.</span> <span class='ocrx_word' id='word_1_172' title='bbox 1317 1354 1362 1386; x_wconf 84' lang='lat' dir='ltr'>At</span> <span class='ocrx_word' id='word_1_173' title='bbox 1384 1354 1507 1395; x_wconf 75' lang='lat' dir='ltr'>ignotus</span> <span class='ocrx_word' id='word_1_174' title='bbox 1524 1356 1610 1386; x_wconf 78' lang='lat' dir='ltr'>homo</span> 
     </span>
    </p>
   </div>
   <div class='ocr_carea' id='block_1_5' title="bbox 765 1448 1001 1461">
    <p class='ocr_par' dir='ltr' id='par_1_11' title="bbox 765 1448 1001 1461">
     <span class='ocr_line' id='line_1_20' title="bbox 765 1448 1001 1461; baseline -0.004 0"><span class='ocrx_word' id='word_1_175' title='bbox 765 1449 823 1461; x_wconf 65' lang='lat' dir='ltr'><em>m</em></span> <span class='ocrx_word' id='word_1_176' title='bbox 824 1448 1001 1461; x_wconf 60' lang='grc' dir='ltr'><strong><em>ΝΝΝΝΝ</em></strong></span> 
     </span>
    </p>
   </div>
   <div class='ocr_carea' id='block_1_6' title="bbox 159 1524 1615 2549">
    <p class='ocr_par' dir='ltr' id='par_1_12' title="bbox 159 1524 1615 2505">
     <span class='ocr_line' id='line_1_21' title="bbox 161 1524 1611 1567; baseline 0.001 -10"><span class='ocrx_word' id='word_1_177' title='bbox 161 1525 311 1557; x_wconf 79' lang='lat' dir='ltr'>Statium</span> <span class='ocrx_word' id='word_1_178' title='bbox 333 1524 524 1564; x_wconf 84' lang='lat' dir='ltr'>invenitur3</span> <span class='ocrx_word' id='word_1_179' title='bbox 548 1534 591 1556; x_wconf 82' lang='lat' dir='ltr'>ex</span> <span class='ocrx_word' id='word_1_180' title='bbox 614 1525 735 1565; x_wconf 81' lang='lat' dir='ltr'>quidem</span> <span class='ocrx_word' id='word_1_181' title='bbox 760 1535 840 1557; x_wconf 88' lang='lat' dir='ltr'>vero</span> <span class='ocrx_word' id='word_1_182' title='bbox 865 1536 896 1557; x_wconf 86' lang='lat' dir='ltr'>m</span> <span class='ocrx_word' id='word_1_183' title='bbox 919 1525 1113 1566; x_wconf 81' lang='lat' dir='ltr'>abjiciatur,</span> <span class='ocrx_word' id='word_1_184' title='bbox 1129 1525 1281 1567; x_wconf 87' lang='lat' dir='ltr'>quamvis</span> <span class='ocrx_word' id='word_1_185' title='bbox 1306 1530 1469 1567; x_wconf 85' lang='lat' dir='ltr'>sequente</span> <span class='ocrx_word' id='word_1_186' title='bbox 1493 1536 1611 1558; x_wconf 87' lang='lat' dir='ltr'>conso-</span> 
     </span>
     <span class='ocr_line' id='line_1_22' title="bbox 162 1568 1611 1610; baseline 0.001 -11"><span class='ocrx_word' id='word_1_187' title='bbox 162 1573 278 1599; x_wconf 86' lang='lat' dir='ltr'>nante.</span> <span class='ocrx_word' id='word_1_188' title='bbox 303 1568 330 1599; x_wconf 90' lang='lat' dir='ltr'>si</span> <span class='ocrx_word' id='word_1_189' title='bbox 353 1577 434 1599; x_wconf 84' lang='lat' dir='ltr'>vero</span> <span class='ocrx_word' id='word_1_190' title='bbox 461 1568 560 1599; x_wconf 82' lang='lat' dir='ltr'>aliam</span> <span class='ocrx_word' id='word_1_191' title='bbox 583 1569 841 1600; x_wconf 82' lang='lat' dir='ltr'>collocationem</span> <span class='ocrx_word' id='word_1_192' title='bbox 865 1569 1055 1604; x_wconf 89' lang='lat' dir='ltr'>verborum,</span> <span class='ocrx_word' id='word_1_193' title='bbox 1078 1579 1153 1609; x_wconf 83' lang='lat' dir='ltr'>quae</span> <span class='ocrx_word' id='word_1_194' title='bbox 1170 1574 1222 1600; x_wconf 90' lang='lat' dir='ltr'>est</span> <span class='ocrx_word' id='word_1_195' title='bbox 1246 1569 1280 1599; x_wconf 91' lang='lat' dir='ltr'>in</span> <span class='ocrx_word' id='word_1_196' title='bbox 1296 1569 1428 1610; x_wconf 86' lang='lat' dir='ltr'>aliquot</span> <span class='ocrx_word' id='word_1_197' title='bbox 1450 1571 1611 1610; x_wconf 85' lang='lat' dir='ltr'>antiquis,</span> 
     </span>
     <span class='ocr_line' id='line_1_23' title="bbox 163 1611 1613 1652; baseline 0.001 -10"><span class='ocrx_word' id='word_1_198' title='bbox 163 1611 322 1642; x_wconf 89' lang='lat' dir='ltr'>admittas</span> <span class='ocrx_word' id='word_1_199' title='bbox 350 1611 384 1642; x_wconf 87' lang='lat' dir='ltr'>iu</span> <span class='ocrx_word' id='word_1_200' title='bbox 407 1612 494 1642; x_wconf 78' lang='lat' dir='ltr'>hunc</span> <span class='ocrx_word' id='word_1_201' title='bbox 517 1611 666 1648; x_wconf 88' lang='lat' dir='ltr'>modum,</span> <span class='ocrx_word' id='word_1_202' title='bbox 683 1612 777 1642; x_wconf 87' lang='lat' dir='ltr'>etiam</span> <span class='ocrx_word' id='word_1_203' title='bbox 801 1621 880 1642; x_wconf 79' lang='lat' dir='ltr'>nunc</span> <span class='ocrx_word' id='word_1_204' title='bbox 908 1614 954 1650; x_wconf 81' lang='lat' dir='ltr'>tu,</span> <span class='ocrx_word' id='word_1_205' title='bbox 969 1616 1004 1642; x_wconf 86' lang='lat' dir='ltr'>et</span> <span class='ocrx_word' id='word_1_206' title='bbox 1021 1621 1080 1652; x_wconf 91' lang='lat' dir='ltr'>pro</span> <span class='ocrx_word' id='word_1_207' title='bbox 1107 1615 1136 1642; x_wconf 79' lang='lat' dir='ltr'>et</span> <span class='ocrx_word' id='word_1_208' title='bbox 1161 1612 1281 1652; x_wconf 79' lang='lat' dir='ltr'>quidem</span> <span class='ocrx_word' id='word_1_209' title='bbox 1304 1613 1395 1652; x_wconf 86' lang='lat' dir='ltr'>legas</span> <span class='ocrx_word' id='word_1_210' title='bbox 1411 1613 1560 1652; x_wconf 71' lang='lat' dir='ltr'>equidem,</span> <span class='ocrx_word' id='word_1_211' title='bbox 1575 1618 1613 1644; x_wconf 87' lang='lat' dir='ltr'>ut</span> 
     </span>
     <span class='ocr_line' id='line_1_24' title="bbox 161 1653 1612 1695; baseline 0.001 -11"><span class='ocrx_word' id='word_1_212' title='bbox 161 1654 266 1695; x_wconf 84' lang='lat' dir='ltr'>aliqui</span> <span class='ocrx_word' id='word_1_213' title='bbox 292 1653 502 1685; x_wconf 82' lang='lat' dir='ltr'>recentiores</span> <span class='ocrx_word' id='word_1_214' title='bbox 528 1653 606 1684; x_wconf 88' lang='lat' dir='ltr'>iibri</span> <span class='ocrx_word' id='word_1_215' title='bbox 631 1658 667 1685; x_wconf 87' lang='lat' dir='ltr'>et</span> <span class='ocrx_word' id='word_1_216' title='bbox 699 1655 855 1685; x_wconf 89' lang='lat' dir='ltr'>Donatus</span> <span class='ocrx_word' id='word_1_217' title='bbox 883 1654 1021 1689; x_wconf 82' lang='lat' dir='ltr'>habent,</span> <span class='ocrx_word' id='word_1_218' title='bbox 1046 1655 1178 1694; x_wconf 83' lang='lat' dir='ltr'>planius</span> <span class='ocrx_word' id='word_1_219' title='bbox 1207 1664 1322 1686; x_wconf 85' lang='lat' dir='ltr'>versus</span> <span class='ocrx_word' id='word_1_220' title='bbox 1354 1655 1528 1695; x_wconf 84' lang='lat' dir='ltr'>procedet.</span> <span class='ocrx_word' id='word_1_221' title='bbox 1552 1656 1612 1686; x_wconf 76' lang='lat' dir='ltr'>Fa.</span> 
     </span>
     <span class='ocr_line' id='line_1_25' title="bbox 163 1696 1610 1738; baseline 0.001 -10"><span class='ocrx_word' id='word_1_222' title='bbox 163 1696 336 1737; x_wconf 83' lang='lat' dir='ltr'>Quicquid</span> <span class='ocrx_word' id='word_1_223' title='bbox 362 1696 494 1727; x_wconf 87' lang='lat' dir='ltr'>laboret</span> <span class='ocrx_word' id='word_1_224' title='bbox 518 1696 574 1727; x_wconf 90' lang='lat' dir='ltr'>hic</span> <span class='ocrx_word' id='word_1_225' title='bbox 605 1696 756 1727; x_wconf 72' lang='lat' dir='ltr'>Facinus</span> <span class='ocrx_word' id='word_1_226' title='bbox 784 1702 819 1727; x_wconf 87' lang='lat' dir='ltr'>et</span> <span class='ocrx_word' id='word_1_227' title='bbox 849 1696 934 1727; x_wconf 87' lang='lat' dir='ltr'>alius</span> <span class='ocrx_word' id='word_1_228' title='bbox 967 1697 1115 1737; x_wconf 83' lang='lat' dir='ltr'>quidam,</span> <span class='ocrx_word' id='word_1_229' title='bbox 1145 1697 1274 1737; x_wconf 82' lang='lat' dir='ltr'>syllaba</span> <span class='ocrx_word' id='word_1_230' title='bbox 1300 1698 1414 1728; x_wconf 82' lang='lat' dir='ltr'>versui</span> <span class='ocrx_word' id='word_1_231' title='bbox 1443 1704 1610 1738; x_wconf 82' lang='lat' dir='ltr'>superest.</span> 
     </span>
     <span class='ocr_line' id='line_1_26' title="bbox 162 1737 1612 1787; baseline 0.001 -17"><span class='ocrx_word' id='word_1_232' title='bbox 162 1739 318 1779; x_wconf 85' lang='lat' dir='ltr'>Repone,</span> <span class='ocrx_word' id='word_1_233' title='bbox 343 1740 407 1770; x_wconf 83' lang='lat' dir='ltr'>Ere</span> <span class='ocrx_word' id='word_1_234' title='bbox 427 1739 522 1770; x_wconf 83' lang='lat' dir='ltr'>etiam</span> <span class='ocrx_word' id='word_1_235' title='bbox 548 1742 582 1769; x_wconf 84' lang='lat' dir='ltr'>tu</span> <span class='ocrx_word' id='word_1_236' title='bbox 608 1739 658 1769; x_wconf 84' lang='lat' dir='ltr'>hic</span> <span class='ocrx_word' id='word_1_237' title='bbox 672 1737 761 1771; x_wconf 72' lang='lat' dir='ltr'>stas?</span> <span class='ocrx_word' id='word_1_238' title='bbox 806 1740 852 1770; x_wconf 81' lang='lat' dir='ltr'>Et</span> <span class='ocrx_word' id='word_1_239' title='bbox 877 1739 1001 1779; x_wconf 78' lang='lat' dir='ltr'>quidem</span> <span class='ocrx_word' id='word_1_240' title='bbox 1022 1743 1054 1770; x_wconf 82' lang='lat' dir='ltr'>te</span> <span class='ocrx_word' id='word_1_241' title='bbox 1075 1743 1264 1779; x_wconf 77' lang='lat' dir='ltr'>exspectans.</span> <span class='ocrx_word' id='word_1_242' title='bbox 1313 1740 1397 1787; x_wconf 81' lang='lat' dir='ltr'>Quid</span> <span class='ocrx_word' id='word_1_243' title='bbox 1412 1739 1482 1772; x_wconf 80' lang='lat' dir='ltr'>est?</span> <span class='ocrx_word' id='word_1_244' title='bbox 1526 1741 1612 1772; x_wconf 91' lang='lat' dir='ltr'>Dele</span> 
     </span>
     <span class='ocr_line' id='line_1_27' title="bbox 160 1782 1612 1823; baseline 0.001 -11"><span class='ocrx_word' id='word_1_245' title='bbox 160 1791 252 1821; x_wconf 80' lang='lat' dir='ltr'>nunc,</span> <span class='ocrx_word' id='word_1_246' title='bbox 267 1782 355 1823; x_wconf 91' lang='lat' dir='ltr'>quod</span> <span class='ocrx_word' id='word_1_247' title='bbox 380 1782 489 1812; x_wconf 88' lang='lat' dir='ltr'>larem</span> <span class='ocrx_word' id='word_1_248' title='bbox 518 1782 683 1813; x_wconf 88' lang='lat' dir='ltr'>incertum</span> <span class='ocrx_word' id='word_1_249' title='bbox 711 1782 829 1820; x_wconf 87' lang='lat' dir='ltr'>habet,</span> <span class='ocrx_word' id='word_1_250' title='bbox 844 1782 876 1812; x_wconf 91' lang='lat' dir='ltr'>in</span> <span class='ocrx_word' id='word_1_251' title='bbox 893 1783 941 1812; x_wconf 87' lang='lat' dir='ltr'>his</span> <span class='ocrx_word' id='word_1_252' title='bbox 968 1782 1143 1813; x_wconf 86' lang='lat' dir='ltr'>codicibus</span> <span class='ocrx_word' id='word_1_253' title='bbox 1169 1788 1248 1813; x_wconf 83' lang='lat' dir='ltr'>ante</span> <span class='ocrx_word' id='word_1_254' title='bbox 1265 1786 1311 1821; x_wconf 81' lang='lat' dir='ltr'>tu,</span> <span class='ocrx_word' id='word_1_255' title='bbox 1328 1783 1445 1814; x_wconf 88' lang='lat' dir='ltr'>inillis</span> <span class='ocrx_word' id='word_1_256' title='bbox 1473 1790 1550 1823; x_wconf 83' lang='lat' dir='ltr'>post</span> <span class='ocrx_word' id='word_1_257' title='bbox 1567 1788 1612 1815; x_wconf 80' lang='lat' dir='ltr'>tu.</span> 
     </span>
     <span class='ocr_line' id='line_1_28' title="bbox 161 1824 1613 1864; baseline 0 -8"><span class='ocrx_word' id='word_1_258' title='bbox 161 1824 284 1863; x_wconf 72' lang='lat' dir='ltr'>Etwm,</span> <span class='ocrx_word' id='word_1_259' title='bbox 300 1829 338 1856; x_wconf 87' lang='lat' dir='ltr'>ut</span> <span class='ocrx_word' id='word_1_260' title='bbox 354 1825 440 1856; x_wconf 88' lang='lat' dir='ltr'>Eun.</span> <span class='ocrx_word' id='word_1_261' title='bbox 453 1834 494 1855; x_wconf 92' lang='lat'>11.</span> <span class='ocrx_word' id='word_1_262' title='bbox 511 1827 542 1856; x_wconf 83' lang='lat'>2.</span> <span class='ocrx_word' id='word_1_263' title='bbox 559 1827 612 1856; x_wconf 87' lang='lat'>55.</span> <span class='ocrx_word' id='word_1_264' title='bbox 645 1826 654 1842; x_wconf 90' lang='lat'>‘</span> <span class='ocrx_word' id='word_1_265' title='bbox 671 1825 828 1856; x_wconf 85' lang='lat' dir='ltr'>Etiamne</span> <span class='ocrx_word' id='word_1_266' title='bbox 851 1830 888 1856; x_wconf 87' lang='lat' dir='ltr'>tu</span> <span class='ocrx_word' id='word_1_267' title='bbox 912 1824 966 1856; x_wconf 89' lang='lat' dir='ltr'>hic</span> <span class='ocrx_word' id='word_1_268' title='bbox 986 1830 1067 1864; x_wconf 85' lang='lat' dir='ltr'>stas,</span> <span class='ocrx_word' id='word_1_269' title='bbox 1091 1824 1294 1856; x_wconf 65' lang='lat' dir='ltr'>Parmeno?</span> <span class='ocrx_word' id='word_1_270' title='bbox 1332 1826 1448 1856; x_wconf 85' lang='lat' dir='ltr'>Plaut.</span> <span class='ocrx_word' id='word_1_271' title='bbox 1472 1826 1613 1857; x_wconf 76' lang='lat' dir='ltr'>Mostel-</span> 
     </span>
     <span class='ocr_line' id='line_1_29' title="bbox 161 1867 1613 1908; baseline 0.001 -11"><span class='ocrx_word' id='word_1_272' title='bbox 161 1875 204 1899; x_wconf 84' lang='lat'>11.</span> <span class='ocrx_word' id='word_1_273' title='bbox 217 1870 250 1898; x_wconf 82' lang='lat'>2.</span> <span class='ocrx_word' id='word_1_274' title='bbox 271 1870 324 1898; x_wconf 84' lang='lat'>89.</span> <span class='ocrx_word' id='word_1_275' title='bbox 369 1869 378 1885; x_wconf 90' lang='lat'><em>‘</em></span> <span class='ocrx_word' id='word_1_276' title='bbox 395 1867 463 1898; x_wconf 92' lang='lat' dir='ltr'>Sed</span> <span class='ocrx_word' id='word_1_277' title='bbox 480 1873 517 1898; x_wconf 89' lang='lat' dir='ltr'>tu</span> <span class='ocrx_word' id='word_1_278' title='bbox 534 1867 680 1898; x_wconf 79' lang='lat' dir='ltr'>etiamne</span> <span class='ocrx_word' id='word_1_279' title='bbox 697 1868 824 1907; x_wconf 84' lang='lat' dir='ltr'>adstas,</span> <span class='ocrx_word' id='word_1_280' title='bbox 841 1877 904 1898; x_wconf 87' lang='lat' dir='ltr'>nec</span> <span class='ocrx_word' id='word_1_281' title='bbox 931 1877 1008 1908; x_wconf 89' lang='lat' dir='ltr'>quae</span> <span class='ocrx_word' id='word_1_282' title='bbox 1025 1868 1102 1898; x_wconf 80' lang='lat' dir='ltr'>dico</span> <span class='ocrx_word' id='word_1_283' title='bbox 1125 1869 1342 1908; x_wconf 76' lang='lat' dir='ltr'>obtemperas</span> <span class='ocrx_word' id='word_1_284' title='bbox 1356 1868 1379 1898; x_wconf 91' lang='lat'>?&#39;</span> <span class='ocrx_word' id='word_1_285' title='bbox 1422 1869 1468 1899; x_wconf 87' lang='lat' dir='ltr'>Et</span> <span class='ocrx_word' id='word_1_286' title='bbox 1491 1869 1613 1908; x_wconf 81' lang='lat' dir='ltr'>quidem</span> 
     </span>
     <span class='ocr_line' id='line_1_30' title="bbox 161 1910 1613 1952; baseline 0.001 -12"><span class='ocrx_word' id='word_1_287' title='bbox 161 1913 192 1940; x_wconf 81' lang='lat' dir='ltr'>te</span> <span class='ocrx_word' id='word_1_288' title='bbox 216 1913 417 1950; x_wconf 76' lang='lat' dir='ltr'>exspectans;</span> <span class='ocrx_word' id='word_1_289' title='bbox 441 1910 660 1950; x_wconf 86' lang='lat' dir='ltr'>subintellige</span> <span class='ocrx_word' id='word_1_290' title='bbox 682 1911 691 1927; x_wconf 92' lang='lat'>‘</span> <span class='ocrx_word' id='word_1_291' title='bbox 709 1910 791 1942; x_wconf 89' lang='lat' dir='ltr'>Sto.’</span> <span class='ocrx_word' id='word_1_292' title='bbox 830 1911 917 1942; x_wconf 91' lang='lat' dir='ltr'>Eun.</span> <span class='ocrx_word' id='word_1_293' title='bbox 940 1919 997 1941; x_wconf 85' lang='lat'>111.</span> <span class='ocrx_word' id='word_1_294' title='bbox 1025 1914 1055 1941; x_wconf 89' lang='lat'>5.</span> <span class='ocrx_word' id='word_1_295' title='bbox 1075 1913 1128 1942; x_wconf 79' lang='grc'>46.</span> <span class='ocrx_word' id='word_1_296' title='bbox 1159 1912 1168 1926; x_wconf 91' lang='lat'>‘</span> <span class='ocrx_word' id='word_1_297' title='bbox 1186 1912 1245 1941; x_wconf 86' lang='lat' dir='ltr'>Sto</span> <span class='ocrx_word' id='word_1_298' title='bbox 1269 1916 1473 1951; x_wconf 83' lang='lat' dir='ltr'>exspectans</span> <span class='ocrx_word' id='word_1_299' title='bbox 1502 1912 1613 1952; x_wconf 85' lang='lat' dir='ltr'>siquid</span> 
     </span>
     <span class='ocr_line' id='line_1_31' title="bbox 161 1953 1611 1994; baseline 0.001 -11"><span class='ocrx_word' id='word_1_300' title='bbox 161 1953 209 1983; x_wconf 90' lang='lat' dir='ltr'>mi</span> <span class='ocrx_word' id='word_1_301' title='bbox 225 1953 418 1993; x_wconf 67' lang='lat' dir='ltr'>imperent!</span> <span class='ocrx_word' id='word_1_302' title='bbox 459 1953 496 1984; x_wconf 90' lang='lat' dir='ltr'>Si</span> <span class='ocrx_word' id='word_1_303' title='bbox 513 1955 670 1993; x_wconf 80' lang='lat' dir='ltr'>Exspecto</span> <span class='ocrx_word' id='word_1_304' title='bbox 688 1953 740 1984; x_wconf 88' lang='lat' dir='ltr'>hic</span> <span class='ocrx_word' id='word_1_305' title='bbox 764 1953 899 1992; x_wconf 85' lang='lat' dir='ltr'>legeris,</span> <span class='ocrx_word' id='word_1_306' title='bbox 916 1954 1034 1983; x_wconf 85' lang='lat' dir='ltr'>melius</span> <span class='ocrx_word' id='word_1_307' title='bbox 1051 1959 1104 1984; x_wconf 85' lang='lat' dir='ltr'>est</span> <span class='ocrx_word' id='word_1_308' title='bbox 1123 1954 1296 1993; x_wconf 80' lang='lat' dir='ltr'>Equidem;</span> <span class='ocrx_word' id='word_1_309' title='bbox 1320 1954 1408 1994; x_wconf 88' lang='lat' dir='ltr'>quod</span> <span class='ocrx_word' id='word_1_310' title='bbox 1426 1960 1537 1984; x_wconf 88' lang='lat' dir='ltr'>tamen</span> <span class='ocrx_word' id='word_1_311' title='bbox 1555 1963 1611 1984; x_wconf 89' lang='lat' dir='ltr'>ve-</span> 
     </span>
     <span class='ocr_line' id='line_1_32' title="bbox 161 1995 1615 2037; baseline 0.002 -12"><span class='ocrx_word' id='word_1_312' title='bbox 161 1995 245 2026; x_wconf 85' lang='lat' dir='ltr'>tusti</span> <span class='ocrx_word' id='word_1_313' title='bbox 262 2005 378 2027; x_wconf 86' lang='lat' dir='ltr'>omnes</span> <span class='ocrx_word' id='word_1_314' title='bbox 395 1996 576 2037; x_wconf 85' lang='lat' dir='ltr'>abnegant.</span> <span class='ocrx_word' id='word_1_315' title='bbox 621 1997 679 2026; x_wconf 90' lang='lat' dir='ltr'>Sin</span> <span class='ocrx_word' id='word_1_316' title='bbox 696 1997 741 2027; x_wconf 84' lang='lat' dir='ltr'>Et</span> <span class='ocrx_word' id='word_1_317' title='bbox 765 1997 907 2036; x_wconf 62' lang='lat' dir='ltr'>quiderm</span> <span class='ocrx_word' id='word_1_318' title='bbox 930 2000 1001 2026; x_wconf 92' lang='lat' dir='ltr'>tum</span> <span class='ocrx_word' id='word_1_319' title='bbox 1025 1996 1098 2026; x_wconf 91' lang='lat' dir='ltr'>sine</span> <span class='ocrx_word' id='word_1_320' title='bbox 1125 1995 1228 2027; x_wconf 88' lang='lat' dir='ltr'>dubio</span> <span class='ocrx_word' id='word_1_321' title='bbox 1256 1997 1349 2036; x_wconf 86' lang='lat' dir='ltr'>legas</span> <span class='ocrx_word' id='word_1_322' title='bbox 1372 1999 1561 2036; x_wconf 79' lang='lat' dir='ltr'>exspectans,</span> <span class='ocrx_word' id='word_1_323' title='bbox 1578 2001 1615 2028; x_wconf 89' lang='lat' dir='ltr'>et</span> 
     </span>
     <span class='ocr_line' id='line_1_33' title="bbox 161 2038 1614 2080; baseline 0.001 -12"><span class='ocrx_word' id='word_1_324' title='bbox 161 2038 335 2077; x_wconf 82' lang='lat' dir='ltr'>responsio</span> <span class='ocrx_word' id='word_1_325' title='bbox 347 2038 479 2079; x_wconf 85' lang='lat' dir='ltr'>plenior</span> <span class='ocrx_word' id='word_1_326' title='bbox 496 2049 535 2070; x_wconf 86' lang='lat' dir='ltr'>ac</span> <span class='ocrx_word' id='word_1_327' title='bbox 560 2039 712 2080; x_wconf 83' lang='lat' dir='ltr'>apertior</span> <span class='ocrx_word' id='word_1_328' title='bbox 738 2043 799 2069; x_wconf 82' lang='lat' dir='ltr'>est.</span> <span class='ocrx_word' id='word_1_329' title='bbox 826 2039 920 2069; x_wconf 81' lang='lat' dir='ltr'>Bent.</span> <span class='ocrx_word' id='word_1_330' title='bbox 966 2038 1066 2077; x_wconf 90' lang='lat' dir='ltr'>Here,</span> <span class='ocrx_word' id='word_1_331' title='bbox 1092 2039 1185 2069; x_wconf 81' lang='lat' dir='ltr'>etiam</span> <span class='ocrx_word' id='word_1_332' title='bbox 1211 2042 1245 2070; x_wconf 79' lang='lat' dir='ltr'>ta</span> <span class='ocrx_word' id='word_1_333' title='bbox 1272 2039 1322 2069; x_wconf 79' lang='lat' dir='ltr'>hic</span> <span class='ocrx_word' id='word_1_334' title='bbox 1343 2043 1433 2070; x_wconf 79' lang='lat' dir='ltr'>stas?</span> <span class='ocrx_word' id='word_1_335' title='bbox 1465 2040 1565 2069; x_wconf 78' lang='lat' dir='ltr'>PAM.</span> <span class='ocrx_word' id='word_1_336' title='bbox 1584 2044 1614 2071; x_wconf 83' lang='lat' dir='ltr'>te</span> 
     </span>
     <span class='ocr_line' id='line_1_34' title="bbox 160 2081 1614 2122; baseline 0.002 -11"><span class='ocrx_word' id='word_1_337' title='bbox 160 2081 283 2121; x_wconf 80' lang='lat' dir='ltr'>quidem</span> <span class='ocrx_word' id='word_1_338' title='bbox 297 2085 438 2122; x_wconf 80' lang='lat' dir='ltr'>exspecto</span> <span class='ocrx_word' id='word_1_339' title='bbox 454 2081 640 2113; x_wconf 67' lang='lat' dir='ltr'>Bam—18</span> <span class='ocrx_word' id='word_1_340' title='bbox 667 2082 864 2112; x_wconf 79' lang='lat' dir='ltr'>Callimedem</span> <span class='ocrx_word' id='word_1_341' title='bbox 880 2081 964 2112; x_wconf 80' lang='lat' dir='ltr'>citat</span> <span class='ocrx_word' id='word_1_342' title='bbox 977 2081 1145 2113; x_wconf 85' lang='lat' dir='ltr'>Priscian.</span> <span class='ocrx_word' id='word_1_343' title='bbox 1172 2081 1257 2113; x_wconf 89' lang='lat' dir='ltr'>Inst.</span> <span class='ocrx_word' id='word_1_344' title='bbox 1273 2082 1426 2113; x_wconf 78' lang='lat' dir='ltr'>Gramin.</span> <span class='ocrx_word' id='word_1_345' title='bbox 1442 2091 1492 2113; x_wconf 84' lang='lat' dir='ltr'>v1.</span> <span class='ocrx_word' id='word_1_346' title='bbox 1514 2082 1614 2114; x_wconf 75' lang='lat' dir='ltr'>IVest.</span> 
     </span>
     <span class='ocr_line' id='line_1_35' title="bbox 160 2122 1611 2164; baseline 0.001 -10"><span class='ocrx_word' id='word_1_347' title='bbox 160 2125 246 2154; x_wconf 84' lang='lat'>—19</span> <span class='ocrx_word' id='word_1_348' title='bbox 269 2122 325 2154; x_wconf 89' lang='lat' dir='ltr'>Ita</span> <span class='ocrx_word' id='word_1_349' title='bbox 342 2131 418 2164; x_wconf 85' lang='lat' dir='ltr'>post</span> <span class='ocrx_word' id='word_1_350' title='bbox 434 2124 608 2155; x_wconf 90' lang='lat' dir='ltr'>Donatum</span> <span class='ocrx_word' id='word_1_351' title='bbox 628 2123 859 2164; x_wconf 85' lang='lat' dir='ltr'>plurimosque</span> <span class='ocrx_word' id='word_1_352' title='bbox 875 2124 980 2154; x_wconf 88' lang='lat' dir='ltr'>libros</span> <span class='ocrx_word' id='word_1_353' title='bbox 997 2124 1081 2154; x_wconf 84' lang='lat' dir='ltr'>Mss.</span> <span class='ocrx_word' id='word_1_354' title='bbox 1112 2124 1215 2154; x_wconf 84' lang='lat' dir='ltr'>etiam</span> <span class='ocrx_word' id='word_1_355' title='bbox 1238 2125 1523 2164; x_wconf 63' lang='lat' dir='ltr'>praestantissimae</span> <span class='ocrx_word' id='word_1_356' title='bbox 1541 2124 1611 2155; x_wconf 85' lang='lat' dir='ltr'>edi·</span> 
     </span>
     <span class='ocr_line' id='line_1_36' title="bbox 160 2165 1612 2206; baseline 0.001 -10"><span class='ocrx_word' id='word_1_357' title='bbox 160 2165 285 2204; x_wconf 76' lang='lat' dir='ltr'>tiones,</span> <span class='ocrx_word' id='word_1_358' title='bbox 301 2166 378 2197; x_wconf 88' lang='lat' dir='ltr'>anni</span> <span class='ocrx_word' id='word_1_359' title='bbox 393 2169 487 2197; x_wconf 84' lang='grc'>1469.</span> <span class='ocrx_word' id='word_1_360' title='bbox 501 2166 611 2197; x_wconf 87' lang='lat' dir='ltr'>Anon.</span> <span class='ocrx_word' id='word_1_361' title='bbox 632 2167 792 2203; x_wconf 80' lang='lat' dir='ltr'>Venetae,</span> <span class='ocrx_word' id='word_1_362' title='bbox 808 2166 948 2206; x_wconf 85' lang='lat' dir='ltr'>Argent.</span> <span class='ocrx_word' id='word_1_363' title='bbox 965 2167 1158 2206; x_wconf 89' lang='lat' dir='ltr'>Pulmanni‚</span> <span class='ocrx_word' id='word_1_364' title='bbox 1171 2167 1291 2206; x_wconf 84' lang='lat' dir='ltr'>Steph.</span> <span class='ocrx_word' id='word_1_365' title='bbox 1308 2166 1400 2205; x_wconf 89' lang='lat' dir='ltr'>Aldi,</span> <span class='ocrx_word' id='word_1_366' title='bbox 1416 2167 1612 2203; x_wconf 83' lang='lat' dir='ltr'>Juntarum,</span> 
     </span>
     <span class='ocr_line' id='line_1_37' title="bbox 161 2207 1615 2249; baseline 0.001 -11"><span class='ocrx_word' id='word_1_367' title='bbox 161 2207 312 2248; x_wconf 86' lang='lat' dir='ltr'>Fabrini‚</span> <span class='ocrx_word' id='word_1_368' title='bbox 333 2209 422 2239; x_wconf 84' lang='lat' dir='ltr'>aliae.</span> <span class='ocrx_word' id='word_1_369' title='bbox 448 2209 549 2241; x_wconf 77' lang='lat' dir='ltr'>West.</span> <span class='ocrx_word' id='word_1_370' title='bbox 572 2209 730 2240; x_wconf 73' lang='lat' dir='ltr'>Advectus</span> <span class='ocrx_word' id='word_1_371' title='bbox 753 2209 837 2240; x_wconf 83' lang='lat' dir='ltr'>Mss.</span> <span class='ocrx_word' id='word_1_372' title='bbox 864 2218 993 2240; x_wconf 89' lang='lat' dir='ltr'>omnes.</span> <span class='ocrx_word' id='word_1_373' title='bbox 1020 2209 1118 2240; x_wconf 84' lang='lat' dir='ltr'>Boecl.</span> <span class='ocrx_word' id='word_1_374' title='bbox 1161 2209 1304 2249; x_wconf 83' lang='lat' dir='ltr'>Repono</span> <span class='ocrx_word' id='word_1_375' title='bbox 1328 2214 1434 2240; x_wconf 77' lang='lat' dir='ltr'>vectus</span> <span class='ocrx_word' id='word_1_376' title='bbox 1456 2219 1498 2240; x_wconf 78' lang='lat' dir='ltr'>ex</span> <span class='ocrx_word' id='word_1_377' title='bbox 1516 2211 1615 2241; x_wconf 87' lang='lat' dir='ltr'>Bem.</span> 
     </span>
     <span class='ocr_line' id='line_1_38' title="bbox 162 2250 1613 2289; baseline 0.001 -8"><span class='ocrx_word' id='word_1_378' title='bbox 162 2250 222 2281; x_wconf 80' lang='lat' dir='ltr'>sed</span> <span class='ocrx_word' id='word_1_379' title='bbox 247 2260 289 2282; x_wconf 87' lang='lat' dir='ltr'>ex</span> <span class='ocrx_word' id='word_1_380' title='bbox 314 2252 446 2282; x_wconf 87' lang='lat' dir='ltr'>ratione</span> <span class='ocrx_word' id='word_1_381' title='bbox 461 2261 591 2289; x_wconf 86' lang='lat' dir='ltr'>versus,</span> <span class='ocrx_word' id='word_1_382' title='bbox 617 2261 660 2282; x_wconf 85' lang='lat' dir='ltr'>ex</span> <span class='ocrx_word' id='word_1_383' title='bbox 674 2254 780 2282; x_wconf 71' lang='lat' dir='ltr'>vectus</span> <span class='ocrx_word' id='word_1_384' title='bbox 805 2254 861 2287; x_wconf 74' lang='lat' dir='ltr'>est,</span> <span class='ocrx_word' id='word_1_385' title='bbox 876 2251 1006 2282; x_wconf 75' lang='lat' dir='ltr'>veetu&#39;st</span> <span class='ocrx_word' id='word_1_386' title='bbox 1029 2251 1234 2282; x_wconf 82' lang='lat' dir='ltr'>faciendum.</span> <span class='ocrx_word' id='word_1_387' title='bbox 1260 2252 1320 2282; x_wconf 88' lang='lat' dir='ltr'>Fa.</span> <span class='ocrx_word' id='word_1_388' title='bbox 1365 2252 1482 2284; x_wconf 87' lang='lat' dir='ltr'>Nostri</span> <span class='ocrx_word' id='word_1_389' title='bbox 1498 2262 1613 2283; x_wconf 83' lang='lat' dir='ltr'>omnes</span> 
     </span>
     <span class='ocr_line' id='line_1_39' title="bbox 160 2294 1614 2335; baseline 0.001 -11"><span class='ocrx_word' id='word_1_390' title='bbox 160 2294 317 2325; x_wconf 71' lang='lat' dir='ltr'>aduectus.</span> <span class='ocrx_word' id='word_1_391' title='bbox 339 2294 442 2325; x_wconf 90' lang='lat' dir='ltr'>Bent.</span> <span class='ocrx_word' id='word_1_392' title='bbox 481 2295 545 2330; x_wconf 83' lang='lat' dir='ltr'>Qui</span> <span class='ocrx_word' id='word_1_393' title='bbox 567 2297 613 2325; x_wconf 88' lang='lat' dir='ltr'>est</span> <span class='ocrx_word' id='word_1_394' title='bbox 641 2304 702 2325; x_wconf 82' lang='lat' dir='ltr'>una</span> <span class='ocrx_word' id='word_1_395' title='bbox 731 2298 834 2324; x_wconf 79' lang='lat' dir='ltr'>vectus</span> <span class='ocrx_word' id='word_1_396' title='bbox 862 2294 1021 2324; x_wconf 73' lang='lat' dir='ltr'>convenite</span> <span class='ocrx_word' id='word_1_397' title='bbox 1036 2294 1214 2335; x_wconf 75' lang='lat' dir='ltr'>Bchonz&#39;um</span> <span class='ocrx_word' id='word_1_398' title='bbox 1244 2295 1433 2325; x_wconf 63' lang='lat' dir='ltr'>Rutu-22</span> <span class='ocrx_word' id='word_1_399' title='bbox 1457 2295 1542 2330; x_wconf 83' lang='lat' dir='ltr'>Quid</span> <span class='ocrx_word' id='word_1_400' title='bbox 1566 2295 1614 2326; x_wconf 73' lang='lat' dir='ltr'>vis</span> 
     </span>
     <span class='ocr_line' id='line_1_40' title="bbox 159 2335 1615 2377; baseline 0.002 -11"><span class='ocrx_word' id='word_1_401' title='bbox 159 2336 284 2367; x_wconf 80' lang='lat' dir='ltr'>dicam?</span> <span class='ocrx_word' id='word_1_402' title='bbox 307 2336 452 2369; x_wconf 84' lang='lat' dir='ltr'>Quidam</span> <span class='ocrx_word' id='word_1_403' title='bbox 468 2336 551 2367; x_wconf 86' lang='lat' dir='ltr'>Mss.</span> <span class='ocrx_word' id='word_1_404' title='bbox 565 2341 602 2368; x_wconf 91' lang='lat' dir='ltr'>et</span> <span class='ocrx_word' id='word_1_405' title='bbox 618 2337 702 2367; x_wconf 85' lang='lat' dir='ltr'>editi</span> <span class='ocrx_word' id='word_1_406' title='bbox 718 2337 858 2377; x_wconf 90' lang='lat' dir='ltr'>antiqui,</span> <span class='ocrx_word' id='word_1_407' title='bbox 876 2337 960 2371; x_wconf 80' lang='lat' dir='ltr'>Quid</span> <span class='ocrx_word' id='word_1_408' title='bbox 982 2337 1028 2367; x_wconf 74' lang='lat' dir='ltr'>tis</span> <span class='ocrx_word' id='word_1_409' title='bbox 1051 2335 1218 2368; x_wconf 77' lang='lat' dir='ltr'>nunciem?</span> <span class='ocrx_word' id='word_1_410' title='bbox 1255 2337 1434 2370; x_wconf 82' lang='lat' dir='ltr'>Quomodo</span> <span class='ocrx_word' id='word_1_411' title='bbox 1451 2343 1485 2369; x_wconf 90' lang='lat' dir='ltr'>et</span> <span class='ocrx_word' id='word_1_412' title='bbox 1503 2339 1615 2369; x_wconf 89' lang='lat' dir='ltr'>Dona-</span> 
     </span>
     <span class='ocr_line' id='line_1_41' title="bbox 161 2379 1613 2420; baseline 0.001 -11"><span class='ocrx_word' id='word_1_413' title='bbox 161 2382 232 2409; x_wconf 89' lang='lat' dir='ltr'>tum</span> <span class='ocrx_word' id='word_1_414' title='bbox 258 2380 382 2419; x_wconf 84' lang='lat' dir='ltr'>legisse</span> <span class='ocrx_word' id='word_1_415' title='bbox 408 2380 554 2419; x_wconf 84' lang='lat' dir='ltr'>suspicio</span> <span class='ocrx_word' id='word_1_416' title='bbox 577 2383 640 2418; x_wconf 84' lang='lat' dir='ltr'>est,</span> <span class='ocrx_word' id='word_1_417' title='bbox 654 2390 696 2410; x_wconf 89' lang='lat' dir='ltr'>ex</span> <span class='ocrx_word' id='word_1_418' title='bbox 721 2379 774 2417; x_wconf 86' lang='lat' dir='ltr'>iis,</span> <span class='ocrx_word' id='word_1_419' title='bbox 791 2389 866 2420; x_wconf 87' lang='lat' dir='ltr'>quae</span> <span class='ocrx_word' id='word_1_420' title='bbox 885 2379 926 2409; x_wconf 89' lang='lat' dir='ltr'>ad</span> <span class='ocrx_word' id='word_1_421' title='bbox 943 2388 1075 2409; x_wconf 85' lang='lat' dir='ltr'>versum</span> <span class='ocrx_word' id='word_1_422' title='bbox 1098 2389 1167 2420; x_wconf 87' lang='lat' dir='ltr'>seq.</span> <span class='ocrx_word' id='word_1_423' title='bbox 1183 2380 1326 2411; x_wconf 89' lang='lat' dir='ltr'>notavit.</span> <span class='ocrx_word' id='word_1_424' title='bbox 1356 2380 1455 2411; x_wconf 80' lang='lat' dir='ltr'>West.</span> <span class='ocrx_word' id='word_1_425' title='bbox 1459 2383 1543 2411; x_wconf 75' lang='lat'>—24</span> <span class='ocrx_word' id='word_1_426' title='bbox 1571 2382 1613 2411; x_wconf 84' lang='lat' dir='ltr'>Et</span> 
     </span>
     <span class='ocr_line' id='line_1_42' title="bbox 160 2420 1614 2472; baseline 0.001 -20"><span class='ocrx_word' id='word_1_427' title='bbox 160 2420 331 2459; x_wconf 79' lang='lat' dir='ltr'>nefrustra</span> <span class='ocrx_word' id='word_1_428' title='bbox 346 2422 429 2453; x_wconf 88' lang='lat' dir='ltr'>Mss.</span> <span class='ocrx_word' id='word_1_429' title='bbox 443 2432 571 2453; x_wconf 89' lang='lat' dir='ltr'>omnes.</span> <span class='ocrx_word' id='word_1_430' title='bbox 587 2423 684 2453; x_wconf 85' lang='lat' dir='ltr'>Boecl.</span> <span class='ocrx_word' id='word_1_431' title='bbox 701 2423 746 2452; x_wconf 86' lang='lat' dir='ltr'>Et</span> <span class='ocrx_word' id='word_1_432' title='bbox 758 2420 990 2458; x_wconf 74' lang='lat' dir='ltr'>nemefrustra</span> <span class='ocrx_word' id='word_1_433' title='bbox 1006 2421 1223 2453; x_wconf 86' lang='lat' dir='ltr'>Guelf.l.1n</span> <span class='ocrx_word' id='word_1_434' title='bbox 1240 2423 1514 2472; x_wconf 80' lang='lat' dir='ltr'>Vict.sc1iptnm</span> <span class='ocrx_word' id='word_1_435' title='bbox 1538 2429 1614 2454; x_wconf 86' lang='lat' dir='ltr'>erat</span> 
     </span>
     <span class='ocr_line' id='line_1_43' title="bbox 161 2464 1613 2505; baseline 0.001 -11"><span class='ocrx_word' id='word_1_436' title='bbox 161 2464 236 2495; x_wconf 76' lang='lat' dir='ltr'>ille.-</span> <span class='ocrx_word' id='word_1_437' title='bbox 259 2465 317 2496; x_wconf 79' lang='lat' dir='ltr'>sed</span> <span class='ocrx_word' id='word_1_438' title='bbox 333 2465 383 2495; x_wconf 80' lang='lat' dir='ltr'>illi</span> <span class='ocrx_word' id='word_1_439' title='bbox 398 2465 506 2505; x_wconf 86' lang='lat' dir='ltr'>exigit</span> <span class='ocrx_word' id='word_1_440' title='bbox 520 2475 646 2500; x_wconf 87' lang='lat' dir='ltr'>sensns,</span> <span class='ocrx_word' id='word_1_441' title='bbox 662 2465 752 2505; x_wconf 89' lang='lat' dir='ltr'>quod</span> <span class='ocrx_word' id='word_1_442' title='bbox 775 2473 835 2504; x_wconf 90' lang='lat' dir='ltr'>pro</span> <span class='ocrx_word' id='word_1_443' title='bbox 858 2464 923 2495; x_wconf 82' lang='lat' dir='ltr'>illic</span> <span class='ocrx_word' id='word_1_444' title='bbox 945 2464 1151 2504; x_wconf 86' lang='lat' dir='ltr'>exponitur.</span> <span class='ocrx_word' id='word_1_445' title='bbox 1178 2475 1238 2504; x_wconf 86' lang='lat' dir='ltr'>pro</span> <span class='ocrx_word' id='word_1_446' title='bbox 1254 2466 1330 2503; x_wconf 76' lang='lat' dir='ltr'>illic,</span> <span class='ocrx_word' id='word_1_447' title='bbox 1347 2465 1396 2496; x_wconf 80' lang='lat' dir='ltr'>illi</span> <span class='ocrx_word' id='word_1_448' title='bbox 1417 2466 1493 2505; x_wconf 59' lang='lat' dir='ltr'>exite</span> <span class='ocrx_word' id='word_1_449' title='bbox 1485 2466 1526 2497; x_wconf 90' lang='lat' dir='ltr'>it</span> <span class='ocrx_word' id='word_1_450' title='bbox 1540 2475 1613 2496; x_wconf 83' lang='lat' dir='ltr'>ver-</span> 
     </span>
    </p>

    <p class='ocr_par' dir='ltr' id='par_1_13' title="bbox 163 2507 1611 2549">
     <span class='ocr_line' id='line_1_44' title="bbox 163 2507 1611 2549; baseline 0.001 -11"><span class='ocrx_word' id='word_1_451' title='bbox 163 2516 229 2538; x_wconf 73' lang='lat' dir='ltr'>sus.</span> <span class='ocrx_word' id='word_1_452' title='bbox 244 2512 303 2538; x_wconf 85' lang='lat' dir='ltr'>ant</span> <span class='ocrx_word' id='word_1_453' title='bbox 318 2509 346 2539; x_wconf 90' lang='lat' dir='ltr'>si</span> <span class='ocrx_word' id='word_1_454' title='bbox 370 2508 435 2538; x_wconf 81' lang='lat' dir='ltr'>illic</span> <span class='ocrx_word' id='word_1_455' title='bbox 456 2507 652 2549; x_wconf 82' lang='lat' dir='ltr'>legetur,c</span> <span class='ocrx_word' id='word_1_456' title='bbox 644 2517 679 2538; x_wconf 89' lang='lat' dir='ltr'>m</span> <span class='ocrx_word' id='word_1_457' title='bbox 701 2507 879 2539; x_wconf 85' lang='lat' dir='ltr'>scansione</span> <span class='ocrx_word' id='word_1_458' title='bbox 904 2517 970 2538; x_wconf 90' lang='lat' dir='ltr'>non</span> <span class='ocrx_word' id='word_1_459' title='bbox 1000 2508 1287 2548; x_wconf 83' lang='lat' dir='ltr'>pronuntiabitur.</span> <span class='ocrx_word' id='word_1_460' title='bbox 1313 2508 1373 2540; x_wconf 86' lang='lat' dir='ltr'>Fa.</span> <span class='ocrx_word' id='word_1_461' title='bbox 1418 2508 1527 2540; x_wconf 85' lang='lat' dir='ltr'>Recte</span> <span class='ocrx_word' id='word_1_462' title='bbox 1544 2509 1611 2546; x_wconf 82' lang='lat' dir='ltr'>illi,</span> 
     </span>
    </p>
   </div>
   <div class='ocr_carea' id='block_1_7' title="bbox 820 2603 963 2636">
    <p class='ocr_par' dir='ltr' id='par_1_14' title="bbox 820 2603 963 2636">
     <span class='ocr_line' id='line_1_45' title="bbox 820 2603 963 2636; baseline -0.007 0"><span class='ocrx_word' id='word_1_463' title='bbox 820 2604 851 2636; x_wconf 94' lang='lat' dir='ltr'>N</span> <span class='ocrx_word' id='word_1_464' title='bbox 859 2603 963 2635; x_wconf 73' lang='lat' dir='ltr'><strong>0¹1*AE</strong></span> 
     </span>
    </p>
   </div>
   <div class='ocr_carea' id='block_1_8' title="bbox 165 2667 1613 2810">
    <p class='ocr_par' dir='ltr' id='par_1_15' title="bbox 165 2667 1613 2810">
     <span class='ocr_line' id='line_1_46' title="bbox 206 2667 1613 2710; baseline -0.001 -10"><span class='ocrx_word' id='word_1_465' title='bbox 206 2671 247 2700; x_wconf 88' lang='lat'>19</span> <span class='ocrx_word' id='word_1_466' title='bbox 269 2667 465 2710; x_wconf 78' lang='lat' dir='ltr'>Myconium]</span> <span class='ocrx_word' id='word_1_467' title='bbox 487 2668 638 2709; x_wconf 89' lang='lat' dir='ltr'>Mycone</span> <span class='ocrx_word' id='word_1_468' title='bbox 664 2669 773 2699; x_wconf 89' lang='lat' dir='ltr'>insula</span> <span class='ocrx_word' id='word_1_469' title='bbox 795 2678 862 2699; x_wconf 85' lang='lat' dir='ltr'>una</span> <span class='ocrx_word' id='word_1_470' title='bbox 914 2672 950 2698; x_wconf 87' lang='lat' dir='ltr'>et</span> <span class='ocrx_word' id='word_1_471' title='bbox 976 2667 1091 2698; x_wconf 81' lang='lat' dir='ltr'>littora</span> <span class='ocrx_word' id='word_1_472' title='bbox 1124 2667 1251 2699; x_wconf 89' lang='lat' dir='ltr'>circum</span> <span class='ocrx_word' id='word_1_473' title='bbox 1281 2668 1473 2707; x_wconf 83' lang='lat' dir='ltr'>Errantem,</span> <span class='ocrx_word' id='word_1_474' title='bbox 1498 2667 1613 2708; x_wconf 78' lang='lat' dir='ltr'>Gyaro</span> 
     </span>
     <span class='ocr_line' id='line_1_47' title="bbox 165 2718 1612 2760; baseline -0.001 -10"><span class='ocrx_word' id='word_1_475' title='bbox 165 2728 208 2750; x_wconf 86' lang='lat' dir='ltr'>ex</span> <span class='ocrx_word' id='word_1_476' title='bbox 225 2719 451 2760; x_wconf 58' lang='lat' dir='ltr'>,Cycladibus,</span> <span class='ocrx_word' id='word_1_477' title='bbox 476 2729 544 2750; x_wconf 92' lang='lat' dir='ltr'>non</span> <span class='ocrx_word' id='word_1_478' title='bbox 570 2719 690 2759; x_wconf 86' lang='lat' dir='ltr'>procul</span> <span class='ocrx_word' id='word_1_479' title='bbox 712 2728 731 2750; x_wconf 84' lang='lat' dir='ltr'>a</span> <span class='ocrx_word' id='word_1_480' title='bbox 757 2719 858 2750; x_wconf 90' lang='lat' dir='ltr'>Delo.</span> <span class='ocrx_word' id='word_1_481' title='bbox 915 2718 1008 2748; x_wconf 65' lang='lat' dir='ltr'>celsa</span> <span class='ocrx_word' id='word_1_482' title='bbox 1021 2718 1235 2759; x_wconf 79' lang='lat' dir='ltr'>Myconeque</span> <span class='ocrx_word' id='word_1_483' title='bbox 1250 2718 1424 2750; x_wconf 63' lang='lat' dir='ltr'>revinxit!</span> <span class='ocrx_word' id='word_1_484' title='bbox 1447 2718 1612 2759; x_wconf 72' lang='lat' dir='ltr'>Cyclades</span> 
     </span>
     <span class='ocr_line' id='line_1_48' title="bbox 166 2768 1477 2810; baseline -0.002 -9"><span class='ocrx_word' id='word_1_485' title='bbox 166 2769 265 2809; x_wconf 80' lang='lat' dir='ltr'>virg.</span> <span class='ocrx_word' id='word_1_486' title='bbox 295 2769 305 2787; x_wconf 88' lang='lat'>‘</span> <span class='ocrx_word' id='word_1_487' title='bbox 322 2769 432 2804; x_wconf 83' lang='lat' dir='ltr'>Quam</span> <span class='ocrx_word' id='word_1_488' title='bbox 455 2769 530 2810; x_wconf 84' lang='lat' dir='ltr'>pius</span> <span class='ocrx_word' id='word_1_489' title='bbox 547 2769 765 2805; x_wconf 85' lang='lat' dir='ltr'>Arcitenens,</span> <span class='ocrx_word' id='word_1_490' title='bbox 784 2779 860 2800; x_wconf 85' lang='lat' dir='ltr'>oras</span> <span class='ocrx_word' id='word_1_491' title='bbox 915 2774 1094 2806; x_wconf 82' lang='lat' dir='ltr'>vocantur,</span> <span class='ocrx_word' id='word_1_492' title='bbox 1111 2768 1191 2800; x_wconf 85' lang='lat' dir='ltr'>Isole</span> <span class='ocrx_word' id='word_1_493' title='bbox 1208 2770 1245 2800; x_wconf 73' lang='lat' dir='ltr'>tle</span> <span class='ocrx_word' id='word_1_494' title='bbox 1261 2769 1477 2809; x_wconf 61' lang='lat' dir='ltr'>Archipclago.</span> 
     </span>
    </p>
   </div>
  </div>
 </body>
</html>
