1966 3302
582 204 795 236 HEGYRAE
827 204 936 235 Ac'r.
960 202 1036 234 111.
1068 203 1136 234 so.
1162 202 1210 232 v.
1535 190 1619 230 859

176 302 326 346 an.
357 302 461 344 Non
480 302 645 343 credidi
668 301 838 354 aedepol
858 300 970 341 adeo
990 299 1278 340 inhumanum
1297 296 1404 338 fore.

174 371 246 412 Ita
266 383 377 411 nunc
399 371 438 411 is
460 370 545 410 sibi
565 382 633 410 me
656 368 1005 422 supplicaturum
1026 366 1185 420 putat?
1562 361 1620 402 50

173 437 223 478 Si
243 443 326 488 est,
349 446 398 478 ut
418 438 520 478 velit
538 437 740 477 reducere
760 448 959 483 uxorem,
978 435 1104 485 licet3

173 505 254 546 Sin
275 506 362 546 alio
383 509 448 545 est
468 505 630 553 animo,
651 507 891 544 renumeret
911 501 1055 542 dotem
1074 501 1186 551 huc;
1216 498 1313 540 eat!

173 572 259 613 LA.
292 573 409 614 Ecce
434 572 603 613 autem!
635 577 680 612 tu
703 583 877 624 quoque
897 574 1101 622 proterve
1121 567 1360 609 iracundus
1382 578 1446 608 eS.

172 640 319 680 Pffln.
352 641 679 681 Percontumax
701 637 855 678 redisti
877 637 962 677 huc
981 636 1124 685 nobis,
1146 634 1392 687 Pamphile.

170 707 258 747 LA.
291 707 488 748 Decedet
501 707 594 761 jam
614 707 678 746 ira
694 705 804 755 haec,
827 704 908 745 etsi
928 703 1079 744 merito
1102 704 1241 743 iratus
1263 705 1340 743 est.
1561 700 1617 740 55

170 773 319 814 PHm.
352 774 473 825 Quia
493 774 719 827 paululum
742 773 868 813 vobis
886 771 1076 813 accessit
1097 770 1317 824 pecuniae,

169 841 341 883 Sublati
363 842 494 882 animi
517 846 636 883 sunt.
695 841 784 882 LA.
817 840 964 880 Etiam
985 851 1155 879 mecum
1174 838 1348 891 litigas?

167 908 317 950 PHID.
351 909 592 960 Deliberet,
611 908 916 961 renuntietque
935 907 1064 948 hodie
1084 905 1204 955 mihi,

166 975 358 1026 Velitne,
380 991 437 1018 an
456 991 545 1018 non
564 991 575 1029 ;
605 982 656 1018 ut
675 977 767 1026 alii,
791 977 829 1017 si
850 976 953 1017 huic
973 988 1058 1016 non
1082 974 1155 1023 sit,
1176 973 1272 1014 siet.

166 1043 253 1084 LA.
284 1044 524 1098 Phidippe,
547 1044 678 1085 ades!
710 1044 811 1085 audi
832 1044 1016 1097 paucis:
1047 1042 1180 1082 abiit:
1213 1040 1320 1094 quid
1341 1042 1470 1081 mea?
1558 1041 1614 1082 60

167 1110 400 1154 Postremo
421 1112 530 1153 inter
550 1125 597 1152 se
619 1113 859 1164 transigant
878 1112 984 1165 ipsi,
1007 1114 1055 1151 ut
1074 1110 1226 1160 lubet3

168 1176 364 1228 Quando
396 1191 474 1220 nec
504 1185 677 1232 gnatus,
706 1187 850 1232 neque
878 1179 966 1228 hic,
995 1178 1100 1219 mihi
1122 1177 1358 1232 quicquam
1390 1178 1613 1231 obtempe-

336 1251 455 1297 rant3

164 1374 224 1395 non
238 1365 410 1404 suspicatus
424 1375 492 1396 sum
506 1374 573 1396 eum
589 1366 663 1395 adeo
675 1365 826 1396 immitem
839 1367 870 1396 et
887 1364 1027 1403 ferocem
1033 1364 1118 1403 fore.
1160 1365 1252 1395 Itane
1267 1364 1296 1395 is
1310 1364 1369 1395 sibi
1384 1374 1465 1395 nunc
1479 1374 1527 1395 me
1541 1373 1611 1403 sup-

160 1407 349 1446 plicaturum
365 1407 521 1448 opinatur,
540 1412 576 1439 ut
592 1418 718 1439 uxorem
733 1408 950 1439 Philumenam
964 1409 1096 1448 recipiat
1106 1407 1122 1439 ?
1165 1408 1202 1438 Sz'
1217 1408 1250 1438 in
1264 1418 1297 1438 eo
1313 1412 1371 1444 est,
1387 1411 1420 1437 ut
1443 1408 1517 1438 velit
1532 1408 1611 1438 reci-

159 1459 234 1489 pere
249 1460 376 1481 uxorem
388 1460 488 1489 suam,
501 1460 558 1490 per
571 1461 618 1482 me
633 1450 661 1481 ei
676 1451 748 1482 licet
761 1461 773 1487 ;
795 1452 844 1481 sin
864 1452 957 1482 aliter
977 1451 1133 1482 animatus
1153 1454 1211 1489 est,
1225 1453 1255 1481 et
1270 1451 1358 1486 nolit,
1373 1451 1484 1481 reddat
1497 1452 1612 1485 dotem,

162 1494 278 1524 valeat.
301 1492 384 1525 ‘Lm
407 1495 488 1524 Ecce
503 1497 617 1528 autem,
634 1497 669 1524 tu
685 1504 800 1533 quoque
816 1494 984 1524 insolenter
999 1494 1157 1533 irasceris,
1173 1497 1203 1524 et
1224 1494 1264 1523 ad.
1278 1494 1358 1523 irum
1371 1503 1540 1533 propensus
1566 1504 1611 1524 es.

165 1535 237 1566 PH.
259 1536 417 1567 Perricax
432 1540 463 1567 et
475 1537 635 1576 pertinax,
656 1546 695 1566 ex
708 1536 812 1567 Imbro
827 1538 867 1567 ad
879 1546 934 1567 nos
955 1537 1092 1572 rediisti,
1109 1536 1284 1577 Pamphile.
1330 1537 1391 1567 LA.
1413 1536 1526 1567 Abibit
1547 1536 1611 1567 hoec

164 1577 224 1614 ira,
240 1579 299 1608 etsi
315 1589 374 1610 non
389 1580 455 1610 sine
470 1589 561 1609 causa
576 1583 740 1609 commotus
755 1583 811 1610 est.
856 1579 926 1610 ΡΗ.
951 1580 1033 1614 Quia
1049 1581 1275 1619 aliquantulum
1286 1580 1424 1619 pecunia:
1438 1580 1484 1610 rei
1498 1583 1611 1610 vestrae

164 1621 310 1657 accrevit,
326 1622 469 1652 elatiores
484 1622 598 1657 animo,
613 1624 644 1653 et
657 1622 828 1659 ferociores
843 1622 929 1659 facti
953 1623 1038 1653 estis.
1078 1623 1138 1653 LA.
1158 1623 1267 1653 Etiam
1287 1623 1360 1653 lites
1380 1623 1414 1653 in
1434 1632 1480 1653 me
1495 1632 1610 1662 quoque

162 1663 311 1694 intendis.
356 1665 428 1695 ΡΗ.
452 1665 624 1704 Decernat,
651 1665 786 1705 mihique
808 1664 968 1696 denuntiet
998 1665 1088 1696 hodie
1105 1665 1300 1705 Pamphilus,
1322 1666 1448 1701 velitne,
1473 1675 1514 1695 an
1536 1675 1609 1702 non,

161 1706 296 1746 recipere
309 1707 344 1737 in
360 1717 485 1739 uxorem
500 1707 729 1743 Philumenam,
745 1711 778 1737 ut
794 1708 851 1738 alii
865 1708 907 1738 sit
927 1718 1018 1743 uxor,
1042 1708 1071 1738 si
1091 1708 1153 1748 ipsi
1177 1718 1236 1739 non
1258 1709 1312 1738 sit.
1358 1709 1421 1738 LA.
1443 1708 1610 1747 Phidippe,

159 1749 285 1789 propius
299 1751 418 1786 accede,
431 1750 505 1781 audi
520 1761 587 1790 quae
599 1750 708 1790 paucis
722 1750 836 1780 dicam.
874 1750 966 1781 Abiit
981 1751 1158 1791 Phidippus
1170 1761 1182 1788 ,·
1204 1751 1277 1791 quid
1293 1761 1360 1782 mea
1373 1752 1467 1789 refert
1483 1756 1494 1783 ζ)
1528 1751 1609 1781 Tan-

162 1791 232 1822 dem
255 1794 494 1824 controversiam
520 1793 604 1823 inter
629 1803 661 1824 se
683 1793 828 1824 decidant
842 1793 914 1833 ipsi,
930 1797 965 1824 ut
979 1794 1136 1824 videbitur
1148 1804 1160 1830 ,-
1182 1795 1254 1833 quia
1268 1804 1322 1824 nec
1327 1794 1432 1835 filius,
1448 1803 1543 1837 neque
1558 1793 1609 1824 hic

163 1834 339 1875 Phidippus
353 1836 386 1867 in
400 1837 463 1867 ulla
478 1845 512 1866 re
528 1836 606 1868 mihi
628 1837 803 1867 auscultare
826 1837 953 1867 volunt:
980 1837 1076 1868 verba
1097 1847 1166 1868 mea
1188 1837 1280 1868 nihili
1304 1838 1472 1870 (estonam.
1515 1837 1609 1868 Hanc

766 1943 1001 1956 numu-‘ee

160 2011 321 2053 universi,
344 2016 378 2043 ut
392 2013 508 2054 filiam.
554 2013 620 2045 Sed
636 2019 730 2046 recte
756 2015 853 2047 Rem.
876 2020 914 2046 ut
939 2015 1089 2047 evitetur
1116 2022 1278 2048 accentus
1295 2018 1329 2048 in
1347 2018 1477 2051 ultima.
1509 2021 1606 2052 Bent.

165 2055 319 2096 Utfiliam
330 2055 474 2086 Br.—5o
491 2057 647 2087 Donatus
661 2057 702 2088 ad
717 2058 847 2089 locum:
867 2059 875 2075 ‘
889 2059 959 2089 Sibi
974 2063 1002 2090 et
1019 2060 1079 2100 me]
1095 2061 1104 2076 ⁴
1116 2061 1242 2099 Magno
1260 2061 1410 2101 pondere
1426 2064 1607 2103 legendum

158 2105 210 2129 est
225 2103 404 2139 utrumque
422 2099 648 2139 pronomen.''
693 2100 810 2132 Bene:
833 2102 893 2132 sed
919 2102 1002 2132 illud
1020 2103 1150 2142 pondus
1177 2104 1286 2134 adhuc
1314 2110 1469 2146 augetur,
1489 2108 1606 2138 ordine

160 2142 295 2180 paulum
312 2142 500 2172 immutato.
545 2144 641 2173 Unus
664 2153 705 2173 ex
731 2145 866 2179 uostris,
883 2145 909 2174 is
923 2154 1013 2180 nunc,
1032 2155 1091 2185 pro
1107 2156 1187 2177 nunc
1202 2147 1248 2177 is.-
1273 2148 1359 2178 alter
1376 2149 1447 2179 Itan
1464 2159 1525 2189 pro
1542 2150 1606 2182 Ita.

161 2184 316 2224 Repone,
338 2185 413 2214 Itan
428 2185 456 2214 is
469 2195 549 2216 nunc
563 2186 684 2216 sibime
697 2187 942 2226 supplicaturum
965 2191 1067 2226 putat.
1092 2189 1194 2219 Bent.
1220 2198 1319 2230 quein
1337 2193 1490 2232 sequitur
1507 2193 1606 2225 Both.

157 2230 242 2258 —54
266 2227 340 2258 Huc
355 2228 482 2258 omittit
498 2229 682 2260 Boin—55
707 2229 839 2260 Decidet
853 2229 965 2261 Guelf.
982 2233 1012 2262 1.
1046 2233 1167 2262 dedecet
1185 2232 1297 2263 Guelf.
1315 2236 1346 2264 3.
1396 2235 1607 2275 Decedetjam

157 2268 207 2300 ira
220 2270 300 2310 hoec]
323 2272 420 2302 Bem.
438 2277 472 2302 et
490 2272 662 2309 Donatus,
677 2273 827 2303 Decedat.
852 2273 911 2302 Fa.
957 2273 1094 2304 Decedet
1108 2274 1178 2311 jam
1192 2276 1240 2305 ira
1254 2276 1330 2314 hoec,
1343 2277 1403 2307 etsi
1416 2279 1526 2309 merito
1541 2280 1606 2310 ira-

158 2316 208 2343 tus
222 2316 279 2343 est.
322 2314 379 2344 Sic
396 2324 416 2344 a
432 2314 492 2345 Fa.
536 2315 603 2345 Sed
621 2315 779 2345 Donatus
796 2315 830 2344 in
848 2315 1013 2355 omnibus,
1031 2317 1121 2357 quod
1135 2318 1241 2348 sciam
1257 2319 1371 2354 editis,
1386 2320 1547 2357 Decedet;
1569 2328 1605 2354 et

156 2357 204 2386 sic
222 2357 327 2387 nostri
343 2366 457 2387 omnes
472 2367 481 2395 ;
504 2358 675 2388 sententia
691 2367 823 2398 quoque
839 2356 1029 2398 flagitante.
1074 2361 1181 2391 Porro
1197 2361 1231 2391 in
1244 2362 1438 2393 melioribus
1453 2368 1487 2394 et
1504 2365 1606 2404 pluri-

158 2398 220 2430 bus
236 2399 360 2430 nostris
377 2400 474 2430 deest
491 2400 571 2437 jam.
617 2401 747 2431 Recte:
772 2410 837 2431 non
855 2402 942 2431 enim
961 2401 1043 2441 jam,
1060 2403 1194 2441 statium
1219 2405 1277 2434 sed
1292 2404 1348 2435 die
1370 2415 1409 2436 ac
1437 2411 1603 2447 tempore.

156 2442 252 2474 Bent.
296 2443 371 2473 Jam
385 2443 547 2473 omittunt
563 2443 643 2475 Mss.
660 2453 785 2474 omnes.
817 2444 916 2476 Boecl.
964 2445 1108 2476 Necnon
1128 2446 1214 2477 Bod.
1231 2447 1302 2477 ΕΡ.
1318 2448 1418 2480 Both.
1434 2449 1494 2481 ΒΓ.
1512 2450 1607 2483 Perl.

154 2488 242 2516 —56
265 2484 363 2516 ΡΑΜ.
379 2485 498 2516 tribuit
520 2486 594 2526 Bru,
611 2491 646 2517 at
662 2496 704 2517 ex
721 2487 852 2516 emend.
869 2488 938 2518 ΡΗ.
982 2487 1098 2528 Aliqui
1114 2489 1202 2523 libri,
1218 2496 1252 2520 et
1268 2490 1299 2520 iu
1318 2490 1357 2521 iis
1373 2492 1455 2522 Vat.
1469 2497 1506 2523 et
1522 2493 1604 2525 Bas.

156 2527 281 2560 habent
308 2529 461 2560 Paulum.-
486 2529 575 2570 quod
593 2529 704 2559 versui
719 2529 825 2568 magis
841 2532 1011 2561 convenit.
1043 2531 1103 2562 Fa.
1149 2533 1267 2564 Nostri
1293 2533 1445 2564 meliores
1467 2536 1603 2574 paulum.

155 2569 258 2602 Bent.
301 2572 579 2612 paulum...accidit
593 2572 692 2603 Both.
721 2573 845 2611 paulum
860 2573 902 2612 Β,
919 2574 957 2607 C,
974 2575 1033 2605 ΒΓ.
1052 2574 1232 2606 Peru—59
1259 2577 1302 2606 Ut
1317 2577 1389 2607 aliis
1405 2577 1512 2609 Codd.
1529 2580 1602 2619 qui-

158 2612 235 2643 dam
253 2615 371 2655 scripti
389 2621 421 2645 et
438 2615 517 2645 edd.
535 2619 613 2655 post
629 2614 701 2645 ΕΡ.
730 2615 825 2645 ll'est.
848 2615 895 2645 sic
922 2617 980 2646 ΒΓ.
1003 2618 1012 2634 ‘
1025 2617 1121 2649 Beni.
1142 2618 1169 2648 si
1184 2619 1254 2648 huic
1267 2629 1329 2649 non
1344 2623 1399 2655 est,
1416 2621 1496 2651 siet:
1520 2631 1602 2662 quo-

156 2663 229 2685 rum
245 2661 356 2688 utrum
371 2657 489 2688 melius
507 2658 561 2696 sit,
576 2662 728 2688 statuere
744 2658 881 2696 nesci03
905 2663 940 2689 et
957 2664 1068 2690 tamen
1086 2661 1310 2701 antiquiorem
1325 2662 1503 2693 lectionem
1516 2674 1600 2695 sem-

157 2706 219 2735 per
234 2698 416 2739 elegerim.’
442 2700 501 2731 Fa.
522 2701 531 2717 ‘
545 2700 665 2731 Nostri
679 2709 794 2730 omnes
807 2699 872 2732 sit!
899 2701 1000 2732 Bent.
1015 2702 1051 2732 Si
1066 2712 1125 2733 non
1140 2703 1211 2734 Ιιιιίο
1225 2704 1282 2735 siet
1300 2705 1488 2736 Boiu—oo
1501 2706 1600 2737 Ades-

156 2740 249 2778 ἀνέθη
280 2742 387 2782 paucis
414 2743 599 2775 Rom-61
627 2743 788 2774 Postremo
803 2752 840 2775 ne
853 2743 936 2776 inter
951 2745 1037 2777 Mss.
1053 2745 1132 2788 duo,
1149 2747 1268 2779 tertius
1290 2751 1443 2788 postremo
1460 2752 1493 2779 ut
1507 2750 1599 2780 inter,
