<?xml version="1.0" encoding="UTF-8"?>
<!DOCTYPE html PUBLIC "-//W3C//DTD XHTML 1.0 Transitional//EN"
    "http://www.w3.org/TR/xhtml1/DTD/xhtml1-transitional.dtd">
<html xmlns="http://www.w3.org/1999/xhtml" xml:lang="en" lang="en">
 <head>
  <title>
</title>
<meta http-equiv="Content-Type" content="text/html;charset=utf-8" />
  <meta name='ocr-system' content='tesseract 3.04.00' />
  <meta name='ocr-capabilities' content='ocr_page ocr_carea ocr_par ocr_line ocrx_word'/>
</head>
<body>
  <div class='ocr_page' id='page_1' title='image "./pubterentiiafric02tereuoft/pubterentiiafric02tereuoft_0503.png"; bbox 0 0 1966 3302; ppageno 0'>
   <div class='ocr_carea' id='block_1_1' title="bbox 523 230 1630 270">
    <p class='ocr_par' dir='ltr' id='par_1_1' title="bbox 523 230 1630 270">
     <span class='ocr_line' id='line_1_1' title="bbox 523 230 1630 270; baseline 0.006 -7"><span class='ocrx_word' id='word_1_1' title='bbox 523 233 836 264; x_wconf 78' lang='lat' dir='ltr'>PHORMlole</span> <span class='ocrx_word' id='word_1_2' title='bbox 870 233 979 264; x_wconf 71' lang='lat' dir='ltr'>Acr.</span> <span class='ocrx_word' id='word_1_3' title='bbox 1013 234 1078 264; x_wconf 82' lang='lat' dir='ltr'>iv.</span> <span class='ocrx_word' id='word_1_4' title='bbox 1110 235 1179 265; x_wconf 81' lang='lat' dir='ltr'>sc.</span> <span class='ocrx_word' id='word_1_5' title='bbox 1214 236 1285 265; x_wconf 87' lang='lat'>111.</span> <span class='ocrx_word' id='word_1_6' title='bbox 1544 230 1630 270; x_wconf 83' lang='lat'>993</span> 
     </span>
    </p>
   </div>
   <div class='ocr_carea' id='block_1_2' title="bbox 106 328 1624 787">
    <p class='ocr_par' dir='ltr' id='par_1_2' title="bbox 175 328 1142 383">
     <span class='ocr_line' id='line_1_2' title="bbox 175 328 1142 383; baseline 0.002 -14"><span class='ocrx_word' id='word_1_7' title='bbox 175 328 228 369; x_wconf 91' lang='lat' dir='ltr'>In</span> <span class='ocrx_word' id='word_1_8' title='bbox 253 330 512 372; x_wconf 83' lang='lat' dir='ltr'>servitutem</span> <span class='ocrx_word' id='word_1_9' title='bbox 532 342 768 383; x_wconf 81' lang='lat' dir='ltr'>pauperem</span> <span class='ocrx_word' id='word_1_10' title='bbox 790 329 847 369; x_wconf 89' lang='lat' dir='ltr'>ad</span> <span class='ocrx_word' id='word_1_11' title='bbox 868 329 1005 371; x_wconf 84' lang='lat' dir='ltr'>ditem</span> <span class='ocrx_word' id='word_1_12' title='bbox 1025 329 1142 371; x_wconf 85' lang='lat' dir='ltr'>dari:</span> 
     </span>
    </p>

    <p class='ocr_par' dir='ltr' id='par_1_3' title="bbox 167 396 1624 586">
     <span class='ocr_line' id='line_1_3' title="bbox 167 396 1326 450; baseline 0.001 -13"><span class='ocrx_word' id='word_1_13' title='bbox 167 396 256 438; x_wconf 90' lang='lat' dir='ltr'>Sed</span> <span class='ocrx_word' id='word_1_14' title='bbox 277 397 384 438; x_wconf 84' lang='lat' dir='ltr'>mihi</span> <span class='ocrx_word' id='word_1_15' title='bbox 408 409 522 450; x_wconf 89' lang='lat' dir='ltr'>opus</span> <span class='ocrx_word' id='word_1_16' title='bbox 543 402 649 446; x_wconf 84' lang='lat' dir='ltr'>erat,</span> <span class='ocrx_word' id='word_1_17' title='bbox 671 400 721 437; x_wconf 83' lang='lat' dir='ltr'>ut</span> <span class='ocrx_word' id='word_1_18' title='bbox 741 401 890 450; x_wconf 85' lang='lat' dir='ltr'>aperte</span> <span class='ocrx_word' id='word_1_19' title='bbox 913 398 994 439; x_wconf 84' lang='lat' dir='ltr'>tibi</span> <span class='ocrx_word' id='word_1_20' title='bbox 1012 411 1123 439; x_wconf 88' lang='lat' dir='ltr'>nunc</span> <span class='ocrx_word' id='word_1_21' title='bbox 1144 398 1326 447; x_wconf 84' lang='lat' dir='ltr'>fabuler,</span> 
     </span>
     <span class='ocr_line' id='line_1_4' title="bbox 168 463 1624 518; baseline 0.001 -13"><span class='ocrx_word' id='word_1_22' title='bbox 168 463 508 518; x_wconf 79' lang='lat' dir='ltr'><strong>Aliquantulum</strong></span> <span class='ocrx_word' id='word_1_23' title='bbox 530 477 632 517; x_wconf 87' lang='lat' dir='ltr'>quae</span> <span class='ocrx_word' id='word_1_24' title='bbox 655 463 842 513; x_wconf 83' lang='lat' dir='ltr'>afferret,</span> <span class='ocrx_word' id='word_1_25' title='bbox 865 465 941 518; x_wconf 92' lang='lat' dir='ltr'>qui</span> <span class='ocrx_word' id='word_1_26' title='bbox 963 465 1256 506; x_wconf 82' lang='lat' dir='ltr'>dissolverem</span> <span class='ocrx_word' id='word_1_27' title='bbox 1568 467 1624 507; x_wconf 81' lang='lat'>50</span> 
     </span>
     <span class='ocr_line' id='line_1_5' title="bbox 169 530 1282 586; baseline 0.002 -15"><span class='ocrx_word' id='word_1_28' title='bbox 169 530 287 581; x_wconf 84' lang='lat' dir='ltr'>Quae</span> <span class='ocrx_word' id='word_1_29' title='bbox 308 531 473 582; x_wconf 90' lang='lat' dir='ltr'>debeo;</span> <span class='ocrx_word' id='word_1_30' title='bbox 504 535 550 571; x_wconf 89' lang='lat' dir='ltr'>et</span> <span class='ocrx_word' id='word_1_31' title='bbox 571 531 703 571; x_wconf 90' lang='lat' dir='ltr'>etiam</span> <span class='ocrx_word' id='word_1_32' title='bbox 724 543 857 581; x_wconf 90' lang='lat' dir='ltr'>nunc,</span> <span class='ocrx_word' id='word_1_33' title='bbox 881 532 921 571; x_wconf 87' lang='lat' dir='ltr'>si</span> <span class='ocrx_word' id='word_1_34' title='bbox 943 532 1034 573; x_wconf 86' lang='lat' dir='ltr'>volt</span> <span class='ocrx_word' id='word_1_35' title='bbox 1057 533 1282 586; x_wconf 88' lang='lat' dir='ltr'>Demipho</span> 
     </span>
    </p>

    <p class='ocr_par' dir='ltr' id='par_1_4' title="bbox 163 599 1469 720">
     <span class='ocr_line' id='line_1_6' title="bbox 165 599 1469 654; baseline 0.002 -14"><span class='ocrx_word' id='word_1_36' title='bbox 165 599 302 648; x_wconf 85' lang='lat' dir='ltr'>Dare,</span> <span class='ocrx_word' id='word_1_37' title='bbox 327 603 537 652; x_wconf 80' lang='lat' dir='ltr'>quantum</span> <span class='ocrx_word' id='word_1_38' title='bbox 559 599 614 639; x_wconf 91' lang='lat' dir='ltr'>ab</span> <span class='ocrx_word' id='word_1_39' title='bbox 637 599 722 639; x_wconf 89' lang='lat' dir='ltr'>hac</span> <span class='ocrx_word' id='word_1_40' title='bbox 743 599 937 652; x_wconf 83' lang='lat' dir='ltr'>accipio,</span> <span class='ocrx_word' id='word_1_41' title='bbox 958 614 1059 654; x_wconf 81' lang='lat' dir='ltr'>quae</span> <span class='ocrx_word' id='word_1_42' title='bbox 1082 613 1251 653; x_wconf 84' lang='lat' dir='ltr'>sponsa</span> <span class='ocrx_word' id='word_1_43' title='bbox 1271 599 1328 641; x_wconf 84' lang='lat' dir='ltr'>&#39;st</span> <span class='ocrx_word' id='word_1_44' title='bbox 1347 601 1469 651; x_wconf 90' lang='lat' dir='ltr'>mihi,</span> 
     </span>
     <span class='ocr_line' id='line_1_7' title="bbox 163 667 1341 720; baseline 0.001 -11"><span class='ocrx_word' id='word_1_45' title='bbox 163 667 349 709; x_wconf 85' lang='lat' dir='ltr'>Nullam</span> <span class='ocrx_word' id='word_1_46' title='bbox 372 667 480 707; x_wconf 90' lang='lat' dir='ltr'>mihi</span> <span class='ocrx_word' id='word_1_47' title='bbox 502 667 668 717; x_wconf 90' lang='lat' dir='ltr'>malim,</span> <span class='ocrx_word' id='word_1_48' title='bbox 690 680 821 720; x_wconf 86' lang='lat' dir='ltr'>quam</span> <span class='ocrx_word' id='word_1_49' title='bbox 842 669 1001 719; x_wconf 82' lang='lat' dir='ltr'>istanc,</span> <span class='ocrx_word' id='word_1_50' title='bbox 1021 682 1208 710; x_wconf 84' lang='lat' dir='ltr'>uxorem</span> <span class='ocrx_word' id='word_1_51' title='bbox 1229 670 1341 711; x_wconf 80' lang='lat' dir='ltr'>dari.</span> 
     </span>
    </p>

    <p class='ocr_par' dir='ltr' id='par_1_5' title="bbox 106 729 1364 787">
     <span class='ocr_line' id='line_1_8' title="bbox 106 729 1364 787; baseline -0.001 -10"><span class='ocrx_word' id='word_1_52' title='bbox 106 729 112 736; x_wconf 74' lang='grc'><strong>’</strong></span> <span class='ocrx_word' id='word_1_53' title='bbox 162 735 258 778; x_wconf 78' lang='grc' dir='ltr'>ΑΝ.</span> <span class='ocrx_word' id='word_1_54' title='bbox 291 735 452 776; x_wconf 88' lang='lat' dir='ltr'>Utrum</span> <span class='ocrx_word' id='word_1_55' title='bbox 473 735 660 776; x_wconf 83' lang='lat' dir='ltr'>stultitia</span> <span class='ocrx_word' id='word_1_56' title='bbox 680 735 826 776; x_wconf 83' lang='lat' dir='ltr'>facere</span> <span class='ocrx_word' id='word_1_57' title='bbox 850 748 930 787; x_wconf 84' lang='lat' dir='ltr'>ego</span> <span class='ocrx_word' id='word_1_58' title='bbox 951 736 1078 785; x_wconf 89' lang='lat' dir='ltr'>hunc,</span> <span class='ocrx_word' id='word_1_59' title='bbox 1103 749 1157 777; x_wconf 86' lang='lat' dir='ltr'>an</span> <span class='ocrx_word' id='word_1_60' title='bbox 1176 737 1364 786; x_wconf 75' lang='lat' dir='ltr'>malitia,</span> 
     </span>
    </p>
   </div>
   <div class='ocr_carea' id='block_1_3' title="bbox 162 801 1626 992">
    <p class='ocr_par' dir='ltr' id='par_1_6' title="bbox 162 801 1626 992">
     <span class='ocr_line' id='line_1_9' title="bbox 165 801 1626 855; baseline 0 -10"><span class='ocrx_word' id='word_1_61' title='bbox 165 804 346 854; x_wconf 83' lang='lat' dir='ltr'>Dicam,</span> <span class='ocrx_word' id='word_1_62' title='bbox 368 803 576 844; x_wconf 88' lang='lat' dir='ltr'>scientem</span> <span class='ocrx_word' id='word_1_63' title='bbox 599 815 655 842; x_wconf 86' lang='lat' dir='ltr'>an</span> <span class='ocrx_word' id='word_1_64' title='bbox 674 801 1016 855; x_wconf 86' lang='lat' dir='ltr'>imprudentem,</span> <span class='ocrx_word' id='word_1_65' title='bbox 1039 804 1232 844; x_wconf 85' lang='lat' dir='ltr'>incertus</span> <span class='ocrx_word' id='word_1_66' title='bbox 1255 818 1364 845; x_wconf 87' lang='lat' dir='ltr'>sum.</span> <span class='ocrx_word' id='word_1_67' title='bbox 1567 806 1626 845; x_wconf 78' lang='lat'>55</span> 
     </span>
     <span class='ocr_line' id='line_1_10' title="bbox 162 869 1625 926; baseline 0.001 -13"><span class='ocrx_word' id='word_1_68' title='bbox 162 871 254 913; x_wconf 88' lang='lat' dir='ltr'>DE.</span> <span class='ocrx_word' id='word_1_69' title='bbox 287 870 425 921; x_wconf 86' lang='lat' dir='ltr'>Quid,</span> <span class='ocrx_word' id='word_1_70' title='bbox 461 871 501 911; x_wconf 89' lang='lat' dir='ltr'>si</span> <span class='ocrx_word' id='word_1_71' title='bbox 536 870 729 911; x_wconf 85' lang='lat' dir='ltr'>animam</span> <span class='ocrx_word' id='word_1_72' title='bbox 758 869 921 911; x_wconf 71' lang='lat' dir='ltr'>debet?</span> <span class='ocrx_word' id='word_1_73' title='bbox 1001 870 1089 911; x_wconf 86' lang='lat' dir='ltr'>GE.</span> <span class='ocrx_word' id='word_1_74' title='bbox 1123 869 1241 924; x_wconf 82' lang='lat' dir='ltr'>Ager</span> <span class='ocrx_word' id='word_1_75' title='bbox 1276 872 1520 926; x_wconf 82' lang='lat' dir='ltr'>oppositus</span> <span class='ocrx_word' id='word_1_76' title='bbox 1555 878 1625 914; x_wconf 79' lang='lat' dir='ltr'>est</span> 
     </span>
     <span class='ocr_line' id='line_1_11' title="bbox 336 939 526 992; baseline -0.005 -13"><span class='ocrx_word' id='word_1_77' title='bbox 336 939 526 992; x_wconf 86' lang='lat' dir='ltr'>pignori,</span> 
     </span>
    </p>
   </div>
   <div class='ocr_carea' id='block_1_4' title="bbox 160 1004 1619 1198">
    <p class='ocr_par' dir='ltr' id='par_1_7' title="bbox 160 1004 1619 1198">
     <span class='ocr_line' id='line_1_12' title="bbox 162 1004 1619 1059; baseline 0.002 -12"><span class='ocrx_word' id='word_1_78' title='bbox 162 1005 234 1048; x_wconf 87' lang='lat' dir='ltr'>Ob</span> <span class='ocrx_word' id='word_1_79' title='bbox 255 1006 406 1047; x_wconf 89' lang='lat' dir='ltr'>decem</span> <span class='ocrx_word' id='word_1_80' title='bbox 426 1006 582 1055; x_wconf 88' lang='lat' dir='ltr'>minas,</span> <span class='ocrx_word' id='word_1_81' title='bbox 602 1005 761 1059; x_wconf 87' lang='lat' dir='ltr'>inquit.</span> <span class='ocrx_word' id='word_1_82' title='bbox 813 1005 903 1045; x_wconf 75' lang='grc' dir='ltr'>ΒΕ.</span> <span class='ocrx_word' id='word_1_83' title='bbox 924 1004 1035 1058; x_wconf 84' lang='lat' dir='ltr'>Age,</span> <span class='ocrx_word' id='word_1_84' title='bbox 1056 1018 1160 1058; x_wconf 76' lang='lat' dir='ltr'>age3</span> <span class='ocrx_word' id='word_1_85' title='bbox 1185 1004 1282 1059; x_wconf 88' lang='lat' dir='ltr'>jam</span> <span class='ocrx_word' id='word_1_86' title='bbox 1303 1006 1464 1049; x_wconf 84' lang='lat' dir='ltr'>ducat:</span> <span class='ocrx_word' id='word_1_87' title='bbox 1487 1008 1619 1049; x_wconf 83' lang='lat' dir='ltr'>dabo.</span> 
     </span>
     <span class='ocr_line' id='line_1_13' title="bbox 161 1072 1506 1117; baseline 0.001 -3"><span class='ocrx_word' id='word_1_88' title='bbox 161 1072 251 1114; x_wconf 87' lang='lat' dir='ltr'>GE.</span> <span class='ocrx_word' id='word_1_89' title='bbox 273 1073 495 1115; x_wconf 86' lang='lat' dir='ltr'>AEdiculae</span> <span class='ocrx_word' id='word_1_90' title='bbox 515 1074 618 1114; x_wconf 80' lang='lat' dir='ltr'>item</span> <span class='ocrx_word' id='word_1_91' title='bbox 637 1077 738 1113; x_wconf 85' lang='lat' dir='ltr'>sunt</span> <span class='ocrx_word' id='word_1_92' title='bbox 753 1073 809 1113; x_wconf 91' lang='lat' dir='ltr'>ob</span> <span class='ocrx_word' id='word_1_93' title='bbox 828 1072 981 1113; x_wconf 91' lang='lat' dir='ltr'>decem</span> <span class='ocrx_word' id='word_1_94' title='bbox 1002 1073 1136 1113; x_wconf 82' lang='lat' dir='ltr'>alias.</span> <span class='ocrx_word' id='word_1_95' title='bbox 1190 1073 1281 1114; x_wconf 74' lang='lat' dir='ltr'>DE.</span> <span class='ocrx_word' id='word_1_96' title='bbox 1305 1073 1386 1115; x_wconf 87' lang='lat' dir='ltr'>Oi!</span> <span class='ocrx_word' id='word_1_97' title='bbox 1408 1075 1506 1117; x_wconf 91' lang='lat' dir='ltr'>hui!</span> 
     </span>
     <span class='ocr_line' id='line_1_14' title="bbox 160 1138 1608 1198; baseline 0.003 -17"><span class='ocrx_word' id='word_1_98' title='bbox 160 1140 361 1182; x_wconf 85' lang='lat' dir='ltr'>Nimium</span> <span class='ocrx_word' id='word_1_99' title='bbox 382 1145 459 1182; x_wconf 91' lang='lat' dir='ltr'>est.</span> <span class='ocrx_word' id='word_1_100' title='bbox 521 1140 681 1181; x_wconf 80' lang='lat' dir='ltr'><strong>CHRE.</strong></span> <span class='ocrx_word' id='word_1_101' title='bbox 704 1138 774 1180; x_wconf 92' lang='lat' dir='ltr'>Ne</span> <span class='ocrx_word' id='word_1_102' title='bbox 796 1139 962 1182; x_wconf 85' lang='lat' dir='ltr'>clama:</span> <span class='ocrx_word' id='word_1_103' title='bbox 993 1140 1132 1193; x_wconf 86' lang='lat' dir='ltr'>petito</span> <span class='ocrx_word' id='word_1_104' title='bbox 1153 1139 1286 1182; x_wconf 80' lang='lat' dir='ltr'>hasce</span> <span class='ocrx_word' id='word_1_105' title='bbox 1306 1154 1333 1182; x_wconf 85' lang='lat' dir='ltr'>a</span> <span class='ocrx_word' id='word_1_106' title='bbox 1352 1155 1426 1198; x_wconf 74' lang='lat' dir='ltr'>mev</span> <span class='ocrx_word' id='word_1_107' title='bbox 1444 1143 1608 1186; x_wconf 88' lang='lat' dir='ltr'>decem.</span> 
     </span>
    </p>
   </div>
   <div class='ocr_carea' id='block_1_5' title="bbox 152 1277 1622 1749">
    <p class='ocr_par' dir='ltr' id='par_1_8' title="bbox 152 1277 1622 1749">
     <span class='ocr_line' id='line_1_15' title="bbox 157 1277 1622 1322; baseline 0.002 -11"><span class='ocrx_word' id='word_1_108' title='bbox 157 1280 199 1311; x_wconf 81' lang='lat' dir='ltr'>da</span> <span class='ocrx_word' id='word_1_109' title='bbox 213 1278 350 1317; x_wconf 79' lang='lat' dir='ltr'>ferenda</span> <span class='ocrx_word' id='word_1_110' title='bbox 375 1280 487 1317; x_wconf 81' lang='lat' dir='ltr'>essent,</span> <span class='ocrx_word' id='word_1_111' title='bbox 508 1278 536 1308; x_wconf 73' lang='lat' dir='ltr'>si</span> <span class='ocrx_word' id='word_1_112' title='bbox 556 1277 644 1318; x_wconf 84' lang='lat' dir='ltr'>inops</span> <span class='ocrx_word' id='word_1_113' title='bbox 665 1277 771 1318; x_wconf 78' lang='lat' dir='ltr'>diviti,</span> <span class='ocrx_word' id='word_1_114' title='bbox 793 1279 828 1310; x_wconf 85' lang='lat' dir='ltr'>in</span> <span class='ocrx_word' id='word_1_115' title='bbox 843 1279 1024 1310; x_wconf 79' lang='lat' dir='ltr'>servitutem</span> <span class='ocrx_word' id='word_1_116' title='bbox 1036 1280 1151 1321; x_wconf 78' lang='lat' dir='ltr'>potius,</span> <span class='ocrx_word' id='word_1_117' title='bbox 1168 1291 1257 1322; x_wconf 81' lang='lat' dir='ltr'>quam</span> <span class='ocrx_word' id='word_1_118' title='bbox 1272 1282 1305 1314; x_wconf 81' lang='lat' dir='ltr'>in</span> <span class='ocrx_word' id='word_1_119' title='bbox 1319 1282 1551 1314; x_wconf 77' lang='lat' dir='ltr'>matrimonium</span> <span class='ocrx_word' id='word_1_120' title='bbox 1567 1284 1622 1315; x_wconf 80' lang='lat' dir='ltr'>illa</span> 
     </span>
     <span class='ocr_line' id='line_1_16' title="bbox 158 1321 1619 1367; baseline 0.003 -14"><span class='ocrx_word' id='word_1_121' title='bbox 158 1323 286 1354; x_wconf 81' lang='lat' dir='ltr'>daretur</span> <span class='ocrx_word' id='word_1_122' title='bbox 297 1331 310 1358; x_wconf 89' lang='lat'>,·</span> <span class='ocrx_word' id='word_1_123' title='bbox 333 1322 398 1359; x_wconf 85' lang='lat' dir='ltr'>sed,</span> <span class='ocrx_word' id='word_1_124' title='bbox 412 1324 447 1351; x_wconf 81' lang='lat' dir='ltr'>ut</span> <span class='ocrx_word' id='word_1_125' title='bbox 462 1321 542 1351; x_wconf 81' lang='lat' dir='ltr'>nihil</span> <span class='ocrx_word' id='word_1_126' title='bbox 557 1323 588 1352; x_wconf 79' lang='lat' dir='ltr'>te</span> <span class='ocrx_word' id='word_1_127' title='bbox 602 1322 708 1359; x_wconf 83' lang='lat' dir='ltr'>celem,</span> <span class='ocrx_word' id='word_1_128' title='bbox 721 1330 795 1360; x_wconf 81' lang='lat' dir='ltr'>opus</span> <span class='ocrx_word' id='word_1_129' title='bbox 815 1322 892 1352; x_wconf 81' lang='lat' dir='ltr'>milri</span> <span class='ocrx_word' id='word_1_130' title='bbox 915 1326 985 1353; x_wconf 79' lang='lat' dir='ltr'>erat</span> <span class='ocrx_word' id='word_1_131' title='bbox 999 1332 1106 1364; x_wconf 74' lang='lat' dir='ltr'>uxore,</span> <span class='ocrx_word' id='word_1_132' title='bbox 1120 1334 1188 1364; x_wconf 78' lang='lat' dir='ltr'>quoe</span> <span class='ocrx_word' id='word_1_133' title='bbox 1203 1325 1281 1355; x_wconf 83' lang='lat' dir='ltr'>mihi</span> <span class='ocrx_word' id='word_1_134' title='bbox 1296 1330 1460 1365; x_wconf 79' lang='lat' dir='ltr'>argentum</span> <span class='ocrx_word' id='word_1_135' title='bbox 1475 1326 1619 1367; x_wconf 50' lang='lat' dir='ltr'>affermet,</span> 
     </span>
     <span class='ocr_line' id='line_1_17' title="bbox 158 1363 1619 1409; baseline 0.003 -13"><span class='ocrx_word' id='word_1_136' title='bbox 158 1375 217 1405; x_wconf 79' lang='lat' dir='ltr'>quo</span> <span class='ocrx_word' id='word_1_137' title='bbox 242 1375 290 1395; x_wconf 88' lang='lat' dir='ltr'>me</span> <span class='ocrx_word' id='word_1_138' title='bbox 312 1374 374 1395; x_wconf 82' lang='lat' dir='ltr'>oere</span> <span class='ocrx_word' id='word_1_139' title='bbox 393 1364 494 1394; x_wconf 82' lang='lat' dir='ltr'>alieno</span> <span class='ocrx_word' id='word_1_140' title='bbox 516 1363 649 1394; x_wconf 82' lang='lat' dir='ltr'>liberare</span> <span class='ocrx_word' id='word_1_141' title='bbox 665 1367 695 1394; x_wconf 80' lang='lat' dir='ltr'>et</span> <span class='ocrx_word' id='word_1_142' title='bbox 710 1365 917 1405; x_wconf 79' lang='lat' dir='ltr'>quodcumque</span> <span class='ocrx_word' id='word_1_143' title='bbox 931 1366 1032 1402; x_wconf 77' lang='lat' dir='ltr'>debeo,</span> <span class='ocrx_word' id='word_1_144' title='bbox 1049 1367 1251 1398; x_wconf 74' lang='lat' dir='ltr'>creditoribus</span> <span class='ocrx_word' id='word_1_145' title='bbox 1265 1369 1340 1398; x_wconf 81' lang='lat' dir='ltr'>meis</span> <span class='ocrx_word' id='word_1_146' title='bbox 1354 1370 1469 1399; x_wconf 76' lang='lat' dir='ltr'>solvere</span> <span class='ocrx_word' id='word_1_147' title='bbox 1480 1379 1598 1409; x_wconf 83' lang='lat' dir='ltr'>possem</span> <span class='ocrx_word' id='word_1_148' title='bbox 1609 1382 1619 1400; x_wconf 93' lang='grc'>.-</span> 
     </span>
     <span class='ocr_line' id='line_1_18' title="bbox 157 1406 1622 1454; baseline 0.003 -15"><span class='ocrx_word' id='word_1_149' title='bbox 157 1411 189 1439; x_wconf 81' lang='lat' dir='ltr'>et</span> <span class='ocrx_word' id='word_1_150' title='bbox 202 1408 303 1439; x_wconf 76' lang='lat' dir='ltr'>adhuc</span> <span class='ocrx_word' id='word_1_151' title='bbox 322 1416 449 1447; x_wconf 84' lang='lat' dir='ltr'>quoque,</span> <span class='ocrx_word' id='word_1_152' title='bbox 466 1407 495 1437; x_wconf 85' lang='lat' dir='ltr'>si</span> <span class='ocrx_word' id='word_1_153' title='bbox 509 1406 663 1445; x_wconf 79' lang='lat' dir='ltr'>Demipho</span> <span class='ocrx_word' id='word_1_154' title='bbox 678 1407 711 1437; x_wconf 83' lang='lat' dir='ltr'>id</span> <span class='ocrx_word' id='word_1_155' title='bbox 725 1410 855 1445; x_wconf 80' lang='lat' dir='ltr'>gratum</span> <span class='ocrx_word' id='word_1_156' title='bbox 879 1407 981 1444; x_wconf 79' lang='lat' dir='ltr'>habet,</span> <span class='ocrx_word' id='word_1_157' title='bbox 1004 1412 1036 1439; x_wconf 82' lang='lat' dir='ltr'>et</span> <span class='ocrx_word' id='word_1_158' title='bbox 1052 1412 1171 1440; x_wconf 79' lang='lat' dir='ltr'>tantam</span> <span class='ocrx_word' id='word_1_159' title='bbox 1185 1411 1263 1441; x_wconf 82' lang='lat' dir='ltr'>mihi</span> <span class='ocrx_word' id='word_1_160' title='bbox 1279 1413 1345 1442; x_wconf 82' lang='lat' dir='ltr'>vult</span> <span class='ocrx_word' id='word_1_161' title='bbox 1361 1413 1435 1442; x_wconf 84' lang='lat' dir='ltr'>dare</span> <span class='ocrx_word' id='word_1_162' title='bbox 1449 1413 1622 1454; x_wconf 78' lang='lat' dir='ltr'>pecuniam,</span> 
     </span>
     <span class='ocr_line' id='line_1_19' title="bbox 156 1449 1620 1494; baseline 0.003 -13"><span class='ocrx_word' id='word_1_163' title='bbox 156 1453 304 1491; x_wconf 82' lang='lat' dir='ltr'>quantam</span> <span class='ocrx_word' id='word_1_164' title='bbox 315 1452 370 1481; x_wconf 82' lang='lat' dir='ltr'>dut</span> <span class='ocrx_word' id='word_1_165' title='bbox 385 1450 451 1488; x_wconf 85' lang='lat' dir='ltr'>illa,</span> <span class='ocrx_word' id='word_1_166' title='bbox 473 1460 541 1490; x_wconf 81' lang='lat' dir='ltr'>quae</span> <span class='ocrx_word' id='word_1_167' title='bbox 557 1449 633 1480; x_wconf 85' lang='lat' dir='ltr'>mihi</span> <span class='ocrx_word' id='word_1_168' title='bbox 654 1459 733 1480; x_wconf 77' lang='lat' dir='ltr'>uxor</span> <span class='ocrx_word' id='word_1_169' title='bbox 746 1451 897 1489; x_wconf 83' lang='lat' dir='ltr'>promissa</span> <span class='ocrx_word' id='word_1_170' title='bbox 913 1454 957 1481; x_wconf 80' lang='lat' dir='ltr'>est</span> <span class='ocrx_word' id='word_1_171' title='bbox 970 1462 982 1488; x_wconf 90' lang='lat'><em>;</em></span> <span class='ocrx_word' id='word_1_172' title='bbox 1005 1452 1092 1482; x_wconf 83' lang='lat' dir='ltr'>illam</span> <span class='ocrx_word' id='word_1_173' title='bbox 1104 1452 1198 1483; x_wconf 84' lang='lat' dir='ltr'>amici</span> <span class='ocrx_word' id='word_1_174' title='bbox 1203 1453 1312 1494; x_wconf 83' lang='lat' dir='ltr'>filiam</span> <span class='ocrx_word' id='word_1_175' title='bbox 1323 1465 1389 1494; x_wconf 76' lang='lat' dir='ltr'>prce</span> <span class='ocrx_word' id='word_1_176' title='bbox 1404 1455 1476 1485; x_wconf 81' lang='lat' dir='ltr'>aliis</span> <span class='ocrx_word' id='word_1_177' title='bbox 1490 1466 1620 1487; x_wconf 79' lang='lat' dir='ltr'>uxorem</span> 
     </span>
     <span class='ocr_line' id='line_1_20' title="bbox 155 1491 1619 1535; baseline 0.003 -10"><span class='ocrx_word' id='word_1_178' title='bbox 155 1494 270 1533; x_wconf 78' lang='lat' dir='ltr'>eligam</span> <span class='ocrx_word' id='word_1_179' title='bbox 278 1492 367 1524; x_wconf 83' lang='lat' dir='ltr'>mihi.</span> <span class='ocrx_word' id='word_1_180' title='bbox 412 1491 482 1524; x_wconf 79' lang='lat' dir='ltr'>AN.</span> <span class='ocrx_word' id='word_1_181' title='bbox 508 1492 632 1524; x_wconf 75' lang='lat' dir='ltr'>Dubius</span> <span class='ocrx_word' id='word_1_182' title='bbox 646 1493 743 1523; x_wconf 80' lang='lat' dir='ltr'>animi</span> <span class='ocrx_word' id='word_1_183' title='bbox 757 1503 835 1529; x_wconf 83' lang='lat' dir='ltr'>sum,</span> <span class='ocrx_word' id='word_1_184' title='bbox 851 1497 955 1524; x_wconf 62' lang='lat' dir='ltr'>utrum</span> <span class='ocrx_word' id='word_1_185' title='bbox 979 1494 1029 1525; x_wconf 79' lang='lat' dir='ltr'>hic</span> <span class='ocrx_word' id='word_1_186' title='bbox 1045 1496 1132 1526; x_wconf 80' lang='lat' dir='ltr'>homo</span> <span class='ocrx_word' id='word_1_187' title='bbox 1146 1497 1285 1527; x_wconf 75' lang='lat' dir='ltr'>stultitia</span> <span class='ocrx_word' id='word_1_188' title='bbox 1299 1498 1460 1535; x_wconf 80' lang='lat' dir='ltr'>adductus,</span> <span class='ocrx_word' id='word_1_189' title='bbox 1476 1509 1516 1528; x_wconf 85' lang='lat' dir='ltr'>an</span> <span class='ocrx_word' id='word_1_190' title='bbox 1530 1500 1619 1529; x_wconf 84' lang='lat' dir='ltr'>mali-</span> 
     </span>
     <span class='ocr_line' id='line_1_21' title="bbox 155 1535 1620 1579; baseline 0.003 -12"><span class='ocrx_word' id='word_1_191' title='bbox 155 1537 202 1568; x_wconf 79' lang='lat' dir='ltr'>tia</span> <span class='ocrx_word' id='word_1_192' title='bbox 212 1547 224 1574; x_wconf 92' lang='lat'>‚·</span> <span class='ocrx_word' id='word_1_193' title='bbox 245 1536 418 1566; x_wconf 81' lang='lat' dir='ltr'>scienterne</span> <span class='ocrx_word' id='word_1_194' title='bbox 432 1539 463 1566; x_wconf 86' lang='lat' dir='ltr'>et</span> <span class='ocrx_word' id='word_1_195' title='bbox 477 1537 551 1566; x_wconf 83' lang='lat' dir='ltr'>data</span> <span class='ocrx_word' id='word_1_196' title='bbox 567 1545 670 1576; x_wconf 78' lang='lat' dir='ltr'>opera,</span> <span class='ocrx_word' id='word_1_197' title='bbox 686 1545 726 1566; x_wconf 81' lang='lat' dir='ltr'>an</span> <span class='ocrx_word' id='word_1_198' title='bbox 743 1535 968 1568; x_wconf 65' lang='lat' dir='ltr'>inconsiderate</span> <span class='ocrx_word' id='word_1_199' title='bbox 989 1547 1043 1568; x_wconf 85' lang='lat' dir='ltr'>nec</span> <span class='ocrx_word' id='word_1_200' title='bbox 1064 1538 1201 1577; x_wconf 75' lang='lat' dir='ltr'>cogitato</span> <span class='ocrx_word' id='word_1_201' title='bbox 1224 1539 1288 1570; x_wconf 81' lang='lat' dir='ltr'>hoec</span> <span class='ocrx_word' id='word_1_202' title='bbox 1304 1544 1391 1579; x_wconf 79' lang='lat' dir='ltr'>agat.</span> <span class='ocrx_word' id='word_1_203' title='bbox 1439 1542 1508 1571; x_wconf 80' lang='lat' dir='ltr'>DE.</span> <span class='ocrx_word' id='word_1_204' title='bbox 1534 1542 1620 1576; x_wconf 77' lang='lat' dir='ltr'>Quid</span> 
     </span>
     <span class='ocr_line' id='line_1_22' title="bbox 154 1578 1619 1624; baseline 0.003 -14"><span class='ocrx_word' id='word_1_205' title='bbox 154 1579 184 1610; x_wconf 79' lang='lat' dir='ltr'>si</span> <span class='ocrx_word' id='word_1_206' title='bbox 212 1579 349 1610; x_wconf 81' lang='lat' dir='ltr'>animam</span> <span class='ocrx_word' id='word_1_207' title='bbox 377 1588 465 1609; x_wconf 84' lang='lat' dir='ltr'>suam</span> <span class='ocrx_word' id='word_1_208' title='bbox 487 1579 585 1618; x_wconf 83' lang='lat' dir='ltr'>debet,</span> <span class='ocrx_word' id='word_1_209' title='bbox 608 1578 636 1608; x_wconf 79' lang='lat' dir='ltr'>si</span> <span class='ocrx_word' id='word_1_210' title='bbox 662 1579 796 1619; x_wconf 79' lang='lat' dir='ltr'>seipsum</span> <span class='ocrx_word' id='word_1_211' title='bbox 818 1578 927 1611; x_wconf 75' lang='lat' dir='ltr'>debet?</span> <span class='ocrx_word' id='word_1_212' title='bbox 973 1580 1040 1611; x_wconf 78' lang='lat' dir='ltr'>GE.</span> <span class='ocrx_word' id='word_1_213' title='bbox 1065 1581 1154 1612; x_wconf 76' lang='lat' dir='ltr'>Dicit</span> <span class='ocrx_word' id='word_1_214' title='bbox 1177 1582 1232 1612; x_wconf 84' lang='lat' dir='ltr'>ille</span> <span class='ocrx_word' id='word_1_215' title='bbox 1252 1593 1362 1622; x_wconf 80' lang='lat' dir='ltr'>agrum</span> <span class='ocrx_word' id='word_1_216' title='bbox 1383 1593 1472 1614; x_wconf 81' lang='lat' dir='ltr'>suum</span> <span class='ocrx_word' id='word_1_217' title='bbox 1491 1585 1619 1624; x_wconf 73' lang='lat' dir='ltr'>pignori</span> 
     </span>
     <span class='ocr_line' id='line_1_23' title="bbox 155 1621 1615 1662; baseline 0.004 -10"><span class='ocrx_word' id='word_1_218' title='bbox 155 1621 326 1661; x_wconf 78' lang='lat' dir='ltr'>obligatum</span> <span class='ocrx_word' id='word_1_219' title='bbox 339 1631 404 1652; x_wconf 84' lang='lat' dir='ltr'>esse</span> <span class='ocrx_word' id='word_1_220' title='bbox 417 1632 472 1661; x_wconf 84' lang='lat' dir='ltr'>pro</span> <span class='ocrx_word' id='word_1_221' title='bbox 488 1623 590 1652; x_wconf 82' lang='lat' dir='ltr'>decem</span> <span class='ocrx_word' id='word_1_222' title='bbox 605 1621 706 1652; x_wconf 74' lang='lat' dir='ltr'>minis.</span> <span class='ocrx_word' id='word_1_223' title='bbox 750 1623 820 1652; x_wconf 80' lang='lat' dir='ltr'>DE.</span> <span class='ocrx_word' id='word_1_224' title='bbox 844 1622 926 1662; x_wconf 85' lang='lat' dir='ltr'>Age,</span> <span class='ocrx_word' id='word_1_225' title='bbox 946 1633 1017 1662; x_wconf 79' lang='lat' dir='ltr'>age,</span> <span class='ocrx_word' id='word_1_226' title='bbox 1025 1623 1096 1661; x_wconf 79' lang='lat' dir='ltr'>jam</span> <span class='ocrx_word' id='word_1_227' title='bbox 1117 1625 1277 1655; x_wconf 78' lang='lat' dir='ltr'>mulierem</span> <span class='ocrx_word' id='word_1_228' title='bbox 1292 1626 1377 1656; x_wconf 80' lang='lat' dir='ltr'>illam</span> <span class='ocrx_word' id='word_1_229' title='bbox 1393 1629 1615 1662; x_wconf 60' lang='lat' dir='ltr'>axorenraccz&#39;-</span> 
     </span>
     <span class='ocr_line' id='line_1_24' title="bbox 152 1664 1616 1710; baseline 0.004 -15"><span class='ocrx_word' id='word_1_230' title='bbox 152 1665 233 1705; x_wconf 71' lang='lat' dir='ltr'>piat,</span> <span class='ocrx_word' id='word_1_231' title='bbox 247 1665 325 1696; x_wconf 83' lang='lat' dir='ltr'>hanc</span> <span class='ocrx_word' id='word_1_232' title='bbox 335 1665 496 1705; x_wconf 82' lang='lat' dir='ltr'>pecuniam</span> <span class='ocrx_word' id='word_1_233' title='bbox 512 1664 602 1695; x_wconf 85' lang='lat' dir='ltr'>daho.</span> <span class='ocrx_word' id='word_1_234' title='bbox 648 1664 718 1696; x_wconf 75' lang='lat' dir='ltr'>GE.</span> <span class='ocrx_word' id='word_1_235' title='bbox 742 1665 852 1695; x_wconf 79' lang='lat' dir='ltr'>Etiam</span> <span class='ocrx_word' id='word_1_236' title='bbox 874 1666 951 1695; x_wconf 74' lang='lat' dir='ltr'>dicit</span> <span class='ocrx_word' id='word_1_237' title='bbox 963 1676 996 1697; x_wconf 83' lang='lat' dir='ltr'>se</span> <span class='ocrx_word' id='word_1_238' title='bbox 1008 1668 1225 1698; x_wconf 81' lang='lat' dir='ltr'>domunculam</span> <span class='ocrx_word' id='word_1_239' title='bbox 1239 1669 1348 1699; x_wconf 82' lang='lat' dir='ltr'>habere</span> <span class='ocrx_word' id='word_1_240' title='bbox 1361 1669 1435 1700; x_wconf 81' lang='lat' dir='ltr'>item</span> <span class='ocrx_word' id='word_1_241' title='bbox 1448 1670 1616 1710; x_wconf 77' lang='lat' dir='ltr'>obligatam</span> 
     </span>
     <span class='ocr_line' id='line_1_25' title="bbox 154 1707 1616 1749; baseline 0.005 -12"><span class='ocrx_word' id='word_1_242' title='bbox 154 1707 359 1739; x_wconf 77' lang='lat' dir='ltr'>creditoribus</span> <span class='ocrx_word' id='word_1_243' title='bbox 373 1707 449 1744; x_wconf 79' lang='lat' dir='ltr'>suis,</span> <span class='ocrx_word' id='word_1_244' title='bbox 460 1710 588 1748; x_wconf 83' lang='lat' dir='ltr'>propter</span> <span class='ocrx_word' id='word_1_245' title='bbox 603 1708 698 1739; x_wconf 84' lang='lat' dir='ltr'>talem</span> <span class='ocrx_word' id='word_1_246' title='bbox 711 1718 860 1739; x_wconf 79' lang='lat' dir='ltr'>summam</span> <span class='ocrx_word' id='word_1_247' title='bbox 871 1709 1023 1749; x_wconf 81' lang='lat' dir='ltr'>pecuniae.</span> <span class='ocrx_word' id='word_1_248' title='bbox 1068 1711 1138 1741; x_wconf 83' lang='lat' dir='ltr'>DE.</span> <span class='ocrx_word' id='word_1_249' title='bbox 1166 1710 1220 1747; x_wconf 85' lang='lat' dir='ltr'>Oi,</span> <span class='ocrx_word' id='word_1_250' title='bbox 1237 1710 1316 1743; x_wconf 78' lang='lat' dir='ltr'>hui!</span> <span class='ocrx_word' id='word_1_251' title='bbox 1337 1722 1398 1742; x_wconf 82' lang='lat' dir='ltr'>non</span> <span class='ocrx_word' id='word_1_252' title='bbox 1414 1713 1502 1745; x_wconf 73' lang='lat' dir='ltr'>dabo.</span> <span class='ocrx_word' id='word_1_253' title='bbox 1547 1714 1616 1745; x_wconf 79' lang='lat' dir='ltr'>CH.</span> 
     </span>
    </p>
   </div>
   <div class='ocr_carea' id='block_1_6' title="bbox 769 1813 1010 1826">
    <p class='ocr_par' dir='ltr' id='par_1_9' title="bbox 769 1813 1010 1826">
     <span class='ocr_line' id='line_1_26' title="bbox 769 1813 1010 1826; baseline 0.008 -2"><span class='ocrx_word' id='word_1_254' title='bbox 769 1813 1010 1826; x_wconf 61' lang='lat' dir='ltr'>oooooooooo</span> 
     </span>
    </p>
   </div>
   <div class='ocr_carea' id='block_1_7' title="bbox 121 1891 1615 2447">
    <p class='ocr_par' dir='ltr' id='par_1_10' title="bbox 121 1891 1615 2447">
     <span class='ocr_line' id='line_1_27' title="bbox 153 1891 1615 1935; baseline 0.004 -13"><span class='ocrx_word' id='word_1_255' title='bbox 153 1895 267 1923; x_wconf 85' lang='lat' dir='ltr'>monet</span> <span class='ocrx_word' id='word_1_256' title='bbox 281 1892 384 1923; x_wconf 84' lang='lat' dir='ltr'>Bent.</span> <span class='ocrx_word' id='word_1_257' title='bbox 402 1891 489 1923; x_wconf 85' lang='lat' dir='ltr'>Nam</span> <span class='ocrx_word' id='word_1_258' title='bbox 503 1891 579 1922; x_wconf 77' lang='lat' dir='ltr'>mihi</span> <span class='ocrx_word' id='word_1_259' title='bbox 595 1892 718 1923; x_wconf 82' lang='lat' dir='ltr'>venibat</span> <span class='ocrx_word' id='word_1_260' title='bbox 729 1892 763 1923; x_wconf 82' lang='lat' dir='ltr'>in</span> <span class='ocrx_word' id='word_1_261' title='bbox 778 1896 909 1924; x_wconf 79' lang='lat' dir='ltr'>mentem</span> <span class='ocrx_word' id='word_1_262' title='bbox 925 1892 990 1932; x_wconf 75' lang='lat' dir='ltr'>ejus</span> <span class='ocrx_word' id='word_1_263' title='bbox 1005 1893 1199 1924; x_wconf 81' lang='lat' dir='ltr'>incommodi.</span> <span class='ocrx_word' id='word_1_264' title='bbox 1245 1894 1389 1926; x_wconf 81' lang='lat' dir='ltr'>Bothius</span> <span class='ocrx_word' id='word_1_265' title='bbox 1407 1896 1504 1935; x_wconf 72' lang='lat' dir='ltr'>legit,</span> <span class='ocrx_word' id='word_1_266' title='bbox 1528 1897 1615 1928; x_wconf 82' lang='lat' dir='ltr'>Nam</span> 
     </span>
     <span class='ocr_line' id='line_1_28' title="bbox 152 1934 1613 1979; baseline 0.003 -13"><span class='ocrx_word' id='word_1_267' title='bbox 152 1935 188 1966; x_wconf 76' lang='lat' dir='ltr'>iu</span> <span class='ocrx_word' id='word_1_268' title='bbox 201 1938 333 1966; x_wconf 83' lang='lat' dir='ltr'>mentem</span> <span class='ocrx_word' id='word_1_269' title='bbox 349 1934 427 1966; x_wconf 77' lang='lat' dir='ltr'>mihi</span> <span class='ocrx_word' id='word_1_270' title='bbox 438 1934 560 1966; x_wconf 72' lang='lat' dir='ltr'>venibat</span> <span class='ocrx_word' id='word_1_271' title='bbox 575 1935 640 1973; x_wconf 67' lang='lat' dir='ltr'>ejus</span> <span class='ocrx_word' id='word_1_272' title='bbox 654 1935 847 1966; x_wconf 83' lang='lat' dir='ltr'>incommodi.</span> <span class='ocrx_word' id='word_1_273' title='bbox 877 1936 1005 1967; x_wconf 74' lang='lat' dir='ltr'>Venibat</span> <span class='ocrx_word' id='word_1_274' title='bbox 1021 1938 1054 1967; x_wconf 83' lang='lat' dir='ltr'>in</span> <span class='ocrx_word' id='word_1_275' title='bbox 1069 1947 1110 1967; x_wconf 88' lang='lat' dir='ltr'>m.</span> <span class='ocrx_word' id='word_1_276' title='bbox 1125 1937 1184 1975; x_wconf 70' lang='lat' dir='ltr'>eju’</span> <span class='ocrx_word' id='word_1_277' title='bbox 1200 1938 1383 1969; x_wconf 81' lang='lat' dir='ltr'>incommodi</span> <span class='ocrx_word' id='word_1_278' title='bbox 1400 1939 1565 1979; x_wconf 74' lang='lat' dir='ltr'>Bip.—48</span> <span class='ocrx_word' id='word_1_279' title='bbox 1581 1941 1613 1971; x_wconf 88' lang='lat' dir='ltr'><strong>A</strong></span> 
     </span>
     <span class='ocr_line' id='line_1_29' title="bbox 153 1977 1615 2014; baseline 0.004 -6"><span class='ocrx_word' id='word_1_280' title='bbox 153 1978 221 2009; x_wconf 81' lang='lat' dir='ltr'>Ms.</span> <span class='ocrx_word' id='word_1_281' title='bbox 235 1978 277 2009; x_wconf 89' lang='lat' dir='ltr'>G.</span> <span class='ocrx_word' id='word_1_282' title='bbox 294 1978 351 2008; x_wconf 86' lang='lat' dir='ltr'>illa</span> <span class='ocrx_word' id='word_1_283' title='bbox 366 1978 406 2008; x_wconf 84' lang='lat' dir='ltr'>ad</span> <span class='ocrx_word' id='word_1_284' title='bbox 418 1977 513 2008; x_wconf 83' lang='lat' dir='ltr'>ditem</span> <span class='ocrx_word' id='word_1_285' title='bbox 531 1977 665 2009; x_wconf 84' lang='lat' dir='ltr'>absunt.</span> <span class='ocrx_word' id='word_1_286' title='bbox 714 1978 836 2009; x_wconf 83' lang='lat' dir='ltr'>Boend.</span> <span class='ocrx_word' id='word_1_287' title='bbox 852 1980 892 2009; x_wconf 82' lang='lat' dir='ltr'>ad</span> <span class='ocrx_word' id='word_1_288' title='bbox 907 1979 1048 2010; x_wconf 79' lang='lat' dir='ltr'>divitem.</span> <span class='ocrx_word' id='word_1_289' title='bbox 1073 1980 1266 2011; x_wconf 79' lang='lat' dir='ltr'>West.-49</span> <span class='ocrx_word' id='word_1_290' title='bbox 1290 1980 1319 2011; x_wconf 90' lang='lat' dir='ltr'><strong>A</strong></span> <span class='ocrx_word' id='word_1_291' title='bbox 1337 1981 1453 2012; x_wconf 69' lang='lat' dir='ltr'>Guelf,</span> <span class='ocrx_word' id='word_1_292' title='bbox 1466 1985 1496 2014; x_wconf 79' lang='lat'>3.</span> <span class='ocrx_word' id='word_1_293' title='bbox 1518 1982 1615 2014; x_wconf 80' lang='lat' dir='ltr'>abest</span> 
     </span>
     <span class='ocr_line' id='line_1_30' title="bbox 121 2019 1613 2062; baseline 0.004 -11"><span class='ocrx_word' id='word_1_294' title='bbox 121 2032 125 2035; x_wconf 92' lang='lat'>·</span> <span class='ocrx_word' id='word_1_295' title='bbox 152 2021 311 2052; x_wconf 75' lang='lat' dir='ltr'>tibi.-50</span> <span class='ocrx_word' id='word_1_296' title='bbox 335 2019 453 2052; x_wconf 84' lang='lat' dir='ltr'>Guelf.</span> <span class='ocrx_word' id='word_1_297' title='bbox 469 2023 500 2052; x_wconf 85' lang='lat'>2.</span> <span class='ocrx_word' id='word_1_298' title='bbox 515 2020 620 2061; x_wconf 84' lang='lat' dir='ltr'>affert.</span> <span class='ocrx_word' id='word_1_299' title='bbox 665 2021 755 2052; x_wconf 89' lang='lat' dir='ltr'>Ibid.</span> <span class='ocrx_word' id='word_1_300' title='bbox 782 2022 978 2061; x_wconf 60' lang='lat' dir='ltr'>dimoverem,</span> <span class='ocrx_word' id='word_1_301' title='bbox 1003 2023 1163 2062; x_wconf 80' lang='lat' dir='ltr'>neglecto</span> <span class='ocrx_word' id='word_1_302' title='bbox 1189 2024 1200 2054; x_wconf 89' lang='lat' dir='ltr'>l</span> <span class='ocrx_word' id='word_1_303' title='bbox 1225 2023 1430 2055; x_wconf 82' lang='lat' dir='ltr'>medio.—-51</span> <span class='ocrx_word' id='word_1_304' title='bbox 1460 2025 1560 2057; x_wconf 86' lang='lat' dir='ltr'>Bodl.</span> <span class='ocrx_word' id='word_1_305' title='bbox 1576 2031 1613 2058; x_wconf 85' lang='lat' dir='ltr'>et</span> 
     </span>
     <span class='ocr_line' id='line_1_31' title="bbox 152 2063 1615 2105; baseline 0.003 -11"><span class='ocrx_word' id='word_1_306' title='bbox 152 2064 235 2095; x_wconf 83' lang='lat' dir='ltr'>Wit.</span> <span class='ocrx_word' id='word_1_307' title='bbox 248 2064 352 2098; x_wconf 84' lang='lat' dir='ltr'>etiam,</span> <span class='ocrx_word' id='word_1_308' title='bbox 370 2063 494 2093; x_wconf 88' lang='lat' dir='ltr'>omisso</span> <span class='ocrx_word' id='word_1_309' title='bbox 510 2066 549 2093; x_wconf 76' lang='lat' dir='ltr'>et.</span> <span class='ocrx_word' id='word_1_310' title='bbox 572 2064 680 2094; x_wconf 86' lang='lat' dir='ltr'>West.</span> <span class='ocrx_word' id='word_1_311' title='bbox 715 2063 824 2095; x_wconf 86' lang='lat' dir='ltr'>Abest</span> <span class='ocrx_word' id='word_1_312' title='bbox 839 2074 973 2105; x_wconf 84' lang='lat' dir='ltr'>qnoque</span> <span class='ocrx_word' id='word_1_313' title='bbox 987 2075 1006 2095; x_wconf 86' lang='lat' dir='ltr'>a</span> <span class='ocrx_word' id='word_1_314' title='bbox 1023 2066 1082 2096; x_wconf 70' lang='grc' dir='ltr'>ΒΓ.</span> <span class='ocrx_word' id='word_1_315' title='bbox 1095 2065 1180 2097; x_wconf 87' lang='lat' dir='ltr'>GM.</span> <span class='ocrx_word' id='word_1_316' title='bbox 1204 2066 1249 2097; x_wconf 80' lang='lat' dir='ltr'>Et</span> <span class='ocrx_word' id='word_1_317' title='bbox 1261 2077 1341 2098; x_wconf 84' lang='lat' dir='ltr'>nunc</span> <span class='ocrx_word' id='word_1_318' title='bbox 1355 2067 1449 2098; x_wconf 77' lang='lat' dir='ltr'>etiam</span> <span class='ocrx_word' id='word_1_319' title='bbox 1466 2069 1615 2099; x_wconf 81' lang='lat' dir='ltr'>Both.—</span> 
     </span>
     <span class='ocr_line' id='line_1_32' title="bbox 151 2105 1612 2152; baseline 0.003 -14"><span class='ocrx_word' id='word_1_320' title='bbox 151 2109 194 2138; x_wconf 83' lang='lat'>54</span> <span class='ocrx_word' id='word_1_321' title='bbox 222 2105 452 2143; x_wconf 84' lang='lat' dir='ltr'>Utrumfacere</span> <span class='ocrx_word' id='word_1_322' title='bbox 466 2115 523 2145; x_wconf 87' lang='lat' dir='ltr'>ego</span> <span class='ocrx_word' id='word_1_323' title='bbox 534 2106 672 2136; x_wconf 81' lang='lat' dir='ltr'>stultitia</span> <span class='ocrx_word' id='word_1_324' title='bbox 687 2107 876 2139; x_wconf 58' lang='lat' dir='ltr'>Boiu—56</span> <span class='ocrx_word' id='word_1_325' title='bbox 901 2108 1095 2148; x_wconf 79' lang='lat' dir='ltr'>Oppositu’st</span> <span class='ocrx_word' id='word_1_326' title='bbox 1110 2109 1212 2140; x_wconf 77' lang='lat' dir='ltr'>Bent.</span> <span class='ocrx_word' id='word_1_327' title='bbox 1230 2109 1268 2140; x_wconf 91' lang='grc' dir='ltr'>Ζ.</span> <span class='ocrx_word' id='word_1_328' title='bbox 1286 2110 1380 2141; x_wconf 80' lang='lat' dir='ltr'>Perl.</span> <span class='ocrx_word' id='word_1_329' title='bbox 1397 2111 1475 2151; x_wconf 83' lang='lat' dir='ltr'>Bip.</span> <span class='ocrx_word' id='word_1_330' title='bbox 1507 2112 1612 2152; x_wconf 80' lang='lat' dir='ltr'>Oppo-</span> 
     </span>
     <span class='ocr_line' id='line_1_33' title="bbox 150 2148 1612 2193; baseline 0.003 -12"><span class='ocrx_word' id='word_1_331' title='bbox 150 2150 234 2182; x_wconf 80' lang='lat' dir='ltr'>situs</span> <span class='ocrx_word' id='word_1_332' title='bbox 259 2148 361 2180; x_wconf 83' lang='lat' dir='ltr'>Both.</span> <span class='ocrx_word' id='word_1_333' title='bbox 378 2150 449 2179; x_wconf 87' lang='lat' dir='ltr'>sine</span> <span class='ocrx_word' id='word_1_334' title='bbox 470 2149 514 2187; x_wconf 81' lang='grc' dir='ltr'>τῷ</span> <span class='ocrx_word' id='word_1_335' title='bbox 537 2151 681 2180; x_wconf 52' lang='lat' dir='ltr'>esa—57</span> <span class='ocrx_word' id='word_1_336' title='bbox 706 2150 848 2188; x_wconf 81' lang='lat' dir='ltr'>Repone</span> <span class='ocrx_word' id='word_1_337' title='bbox 877 2151 925 2181; x_wconf 84' lang='lat' dir='ltr'>Ob</span> <span class='ocrx_word' id='word_1_338' title='bbox 949 2152 1052 2182; x_wconf 82' lang='lat' dir='ltr'>decem</span> <span class='ocrx_word' id='word_1_339' title='bbox 1077 2161 1176 2191; x_wconf 84' lang='lat' dir='ltr'>mnas,</span> <span class='ocrx_word' id='word_1_340' title='bbox 1191 2152 1315 2192; x_wconf 80' lang='lat' dir='ltr'>inquit;</span> <span class='ocrx_word' id='word_1_341' title='bbox 1339 2158 1376 2184; x_wconf 87' lang='lat' dir='ltr'>ut</span> <span class='ocrx_word' id='word_1_342' title='bbox 1393 2153 1508 2184; x_wconf 78' lang='lat' dir='ltr'>Graeei</span> <span class='ocrx_word' id='word_1_343' title='bbox 1523 2156 1612 2193; x_wconf 80' lang='grc' dir='ltr'><strong><em>μνᾶς.</em></strong></span> 
     </span>
     <span class='ocr_line' id='line_1_34' title="bbox 150 2191 1613 2238; baseline 0.004 -15"><span class='ocrx_word' id='word_1_344' title='bbox 150 2192 209 2223; x_wconf 88' lang='lat' dir='ltr'>Ita</span> <span class='ocrx_word' id='word_1_345' title='bbox 224 2202 316 2232; x_wconf 84' lang='lat' dir='ltr'>saepe</span> <span class='ocrx_word' id='word_1_346' title='bbox 332 2191 424 2233; x_wconf 85' lang='lat' dir='ltr'>apud</span> <span class='ocrx_word' id='word_1_347' title='bbox 438 2191 599 2222; x_wconf 85' lang='lat' dir='ltr'>Plautum</span> <span class='ocrx_word' id='word_1_348' title='bbox 623 2193 874 2229; x_wconf 75' lang='lat' dir='ltr'>pronuntiatur.</span> <span class='ocrx_word' id='word_1_349' title='bbox 898 2194 997 2224; x_wconf 83' lang='lat' dir='ltr'>Bent.</span> <span class='ocrx_word' id='word_1_350' title='bbox 1041 2193 1082 2224; x_wconf 82' lang='grc' dir='ltr'>Τὸ</span> <span class='ocrx_word' id='word_1_351' title='bbox 1102 2194 1150 2224; x_wconf 85' lang='lat' dir='ltr'>Ob</span> <span class='ocrx_word' id='word_1_352' title='bbox 1165 2195 1276 2226; x_wconf 88' lang='lat' dir='ltr'>versui</span> <span class='ocrx_word' id='word_1_353' title='bbox 1300 2196 1406 2236; x_wconf 85' lang='lat' dir='ltr'>priori</span> <span class='ocrx_word' id='word_1_354' title='bbox 1421 2197 1613 2238; x_wconf 81' lang='lat' dir='ltr'>adjungunt</span> 
     </span>
     <span class='ocr_line' id='line_1_35' title="bbox 151 2234 1612 2276; baseline 0.005 -10"><span class='ocrx_word' id='word_1_355' title='bbox 151 2235 255 2266; x_wconf 87' lang='lat' dir='ltr'>Both.</span> <span class='ocrx_word' id='word_1_356' title='bbox 267 2235 348 2275; x_wconf 88' lang='lat' dir='ltr'>Bip.</span> <span class='ocrx_word' id='word_1_357' title='bbox 395 2235 513 2266; x_wconf 82' lang='lat' dir='ltr'>Decem</span> <span class='ocrx_word' id='word_1_358' title='bbox 523 2244 610 2265; x_wconf 85' lang='lat' dir='ltr'>mnas</span> <span class='ocrx_word' id='word_1_359' title='bbox 622 2234 722 2265; x_wconf 85' lang='lat' dir='ltr'>Both.</span> <span class='ocrx_word' id='word_1_360' title='bbox 769 2234 876 2267; x_wconf 86' lang='lat' dir='ltr'>Abest</span> <span class='ocrx_word' id='word_1_361' title='bbox 892 2235 994 2276; x_wconf 82' lang='lat' dir='ltr'>inquit</span> <span class='ocrx_word' id='word_1_362' title='bbox 1011 2246 1030 2267; x_wconf 89' lang='lat' dir='ltr'>a</span> <span class='ocrx_word' id='word_1_363' title='bbox 1046 2236 1162 2268; x_wconf 82' lang='lat' dir='ltr'>Guelf.</span> <span class='ocrx_word' id='word_1_364' title='bbox 1178 2240 1296 2269; x_wconf 82' lang='grc'><strong>2.-58</strong></span> <span class='ocrx_word' id='word_1_365' title='bbox 1322 2239 1365 2270; x_wconf 81' lang='grc' dir='ltr'>Οἱ</span> <span class='ocrx_word' id='word_1_366' title='bbox 1380 2239 1474 2270; x_wconf 78' lang='lat' dir='ltr'>abest</span> <span class='ocrx_word' id='word_1_367' title='bbox 1492 2251 1511 2271; x_wconf 93' lang='lat' dir='ltr'>a</span> <span class='ocrx_word' id='word_1_368' title='bbox 1527 2241 1612 2274; x_wconf 83' lang='lat' dir='ltr'>Mss.</span> 
     </span>
     <span class='ocr_line' id='line_1_36' title="bbox 150 2277 1612 2322; baseline 0.004 -13"><span class='ocrx_word' id='word_1_369' title='bbox 150 2277 252 2309; x_wconf 91' lang='lat' dir='ltr'>Bodl.</span> <span class='ocrx_word' id='word_1_370' title='bbox 267 2277 389 2309; x_wconf 82' lang='lat' dir='ltr'>Boend.</span> <span class='ocrx_word' id='word_1_371' title='bbox 404 2278 448 2309; x_wconf 91' lang='lat' dir='ltr'>G.</span> <span class='ocrx_word' id='word_1_372' title='bbox 466 2278 550 2309; x_wconf 89' lang='lat' dir='ltr'>Wit.</span> <span class='ocrx_word' id='word_1_373' title='bbox 576 2277 662 2308; x_wconf 89' lang='lat' dir='ltr'>aliis.</span> <span class='ocrx_word' id='word_1_374' title='bbox 693 2277 793 2309; x_wconf 79' lang='lat' dir='ltr'>lVest.</span> <span class='ocrx_word' id='word_1_375' title='bbox 849 2279 928 2316; x_wconf 83' lang='grc' dir='ltr'>Ηοὶ,</span> <span class='ocrx_word' id='word_1_376' title='bbox 947 2280 1011 2310; x_wconf 81' lang='lat' dir='ltr'>hui.</span> <span class='ocrx_word' id='word_1_377' title='bbox 1045 2280 1142 2311; x_wconf 79' lang='lat' dir='ltr'>Ben».</span> <span class='ocrx_word' id='word_1_378' title='bbox 1161 2281 1214 2320; x_wconf 87' lang='lat' dir='ltr'>Ei,</span> <span class='ocrx_word' id='word_1_379' title='bbox 1229 2281 1280 2311; x_wconf 87' lang='lat' dir='ltr'>oi:</span> <span class='ocrx_word' id='word_1_380' title='bbox 1305 2291 1404 2322; x_wconf 84' lang='lat' dir='ltr'>quam</span> <span class='ocrx_word' id='word_1_381' title='bbox 1429 2283 1612 2315; x_wconf 83' lang='lat' dir='ltr'>lectionem</span> 
     </span>
     <span class='ocr_line' id='line_1_37' title="bbox 150 2320 1611 2361; baseline 0.005 -10"><span class='ocrx_word' id='word_1_382' title='bbox 150 2322 334 2361; x_wconf 83' lang='lat' dir='ltr'>sequimur.</span> <span class='ocrx_word' id='word_1_383' title='bbox 360 2321 420 2352; x_wconf 86' lang='lat' dir='ltr'>Fa.</span> <span class='ocrx_word' id='word_1_384' title='bbox 465 2320 586 2351; x_wconf 83' lang='lat' dir='ltr'>Nostri</span> <span class='ocrx_word' id='word_1_385' title='bbox 603 2330 780 2360; x_wconf 82' lang='lat' dir='ltr'>perperam</span> <span class='ocrx_word' id='word_1_386' title='bbox 797 2320 862 2352; x_wconf 80' lang='lat' dir='ltr'>hui.</span> <span class='ocrx_word' id='word_1_387' title='bbox 886 2322 987 2353; x_wconf 90' lang='lat' dir='ltr'>Bent.</span> <span class='ocrx_word' id='word_1_388' title='bbox 1035 2322 1109 2354; x_wconf 70' lang='lat' dir='ltr'>Oie&#39;z&#39;</span> <span class='ocrx_word' id='word_1_389' title='bbox 1121 2323 1222 2354; x_wconf 88' lang='lat' dir='ltr'>Both.</span> <span class='ocrx_word' id='word_1_390' title='bbox 1261 2323 1330 2355; x_wconf 76' lang='lat' dir='ltr'>Hui</span> <span class='ocrx_word' id='word_1_391' title='bbox 1344 2325 1403 2356; x_wconf 81' lang='lat' dir='ltr'>Br.</span> <span class='ocrx_word' id='word_1_392' title='bbox 1421 2325 1506 2356; x_wconf 87' lang='lat' dir='ltr'>GM.</span> <span class='ocrx_word' id='word_1_393' title='bbox 1542 2327 1611 2358; x_wconf 79' lang='lat' dir='ltr'>Hui</span> 
     </span>
     <span class='ocr_line' id='line_1_38' title="bbox 150 2362 1609 2408; baseline 0.005 -14"><span class='ocrx_word' id='word_1_394' title='bbox 150 2362 206 2394; x_wconf 72' lang='lat' dir='ltr'>hui</span> <span class='ocrx_word' id='word_1_395' title='bbox 222 2364 262 2395; x_wconf 91' lang='lat' dir='ltr'>Z.</span> <span class='ocrx_word' id='word_1_396' title='bbox 278 2364 404 2403; x_wconf 87' lang='lat' dir='ltr'>Delph.</span> <span class='ocrx_word' id='word_1_397' title='bbox 451 2363 505 2402; x_wconf 81' lang='grc' dir='ltr'>Οἱ,</span> <span class='ocrx_word' id='word_1_398' title='bbox 522 2363 550 2394; x_wconf 85' lang='lat' dir='ltr'>ez&#39;</span> <span class='ocrx_word' id='word_1_399' title='bbox 566 2363 659 2394; x_wconf 83' lang='lat' dir='ltr'>Perl.</span> <span class='ocrx_word' id='word_1_400' title='bbox 693 2363 773 2403; x_wconf 85' lang='lat' dir='ltr'>Hoi,</span> <span class='ocrx_word' id='word_1_401' title='bbox 790 2364 838 2394; x_wconf 81' lang='lat' dir='ltr'>hei</span> <span class='ocrx_word' id='word_1_402' title='bbox 855 2365 1022 2404; x_wconf 82' lang='lat' dir='ltr'>Bip.—-59</span> <span class='ocrx_word' id='word_1_403' title='bbox 1047 2366 1120 2396; x_wconf 86' lang='grc' dir='ltr'>ΕΡ.</span> <span class='ocrx_word' id='word_1_404' title='bbox 1134 2375 1152 2396; x_wconf 84' lang='lat' dir='ltr'>a</span> <span class='ocrx_word' id='word_1_405' title='bbox 1164 2376 1212 2397; x_wconf 87' lang='lat' dir='ltr'>me</span> <span class='ocrx_word' id='word_1_406' title='bbox 1224 2366 1323 2398; x_wconf 81' lang='lat' dir='ltr'>hasce.</span> <span class='ocrx_word' id='word_1_407' title='bbox 1360 2368 1609 2408; x_wconf 82' lang='lat' dir='ltr'>Reponendum</span> 
     </span>
     <span class='ocr_line' id='line_1_39' title="bbox 149 2406 1609 2447; baseline 0.005 -10"><span class='ocrx_word' id='word_1_408' title='bbox 149 2411 266 2438; x_wconf 87' lang='lat' dir='ltr'>monet</span> <span class='ocrx_word' id='word_1_409' title='bbox 280 2406 384 2437; x_wconf 86' lang='lat' dir='ltr'>Bent.</span> <span class='ocrx_word' id='word_1_410' title='bbox 401 2415 518 2437; x_wconf 87' lang='lat' dir='ltr'>versus</span> <span class='ocrx_word' id='word_1_411' title='bbox 534 2406 657 2447; x_wconf 81' lang='lat' dir='ltr'>gratia,</span> <span class='ocrx_word' id='word_1_412' title='bbox 669 2416 703 2447; x_wconf 84' lang='lat' dir='ltr'>p.</span> <span class='ocrx_word' id='word_1_413' title='bbox 719 2407 825 2438; x_wconf 84' lang='lat' dir='ltr'>illasce</span> <span class='ocrx_word' id='word_1_414' title='bbox 840 2418 858 2438; x_wconf 83' lang='lat' dir='ltr'>a</span> <span class='ocrx_word' id='word_1_415' title='bbox 875 2417 921 2438; x_wconf 89' lang='lat' dir='ltr'>me</span> <span class='ocrx_word' id='word_1_416' title='bbox 936 2409 1050 2439; x_wconf 83' lang='lat' dir='ltr'>decem.</span> <span class='ocrx_word' id='word_1_417' title='bbox 1084 2407 1141 2440; x_wconf 88' lang='lat' dir='ltr'>Ita</span> <span class='ocrx_word' id='word_1_418' title='bbox 1157 2413 1193 2440; x_wconf 90' lang='lat' dir='ltr'>et</span> <span class='ocrx_word' id='word_1_419' title='bbox 1209 2409 1268 2440; x_wconf 87' lang='lat' dir='ltr'>dat</span> <span class='ocrx_word' id='word_1_420' title='bbox 1279 2410 1379 2442; x_wconf 82' lang='lat' dir='ltr'>Both.</span> <span class='ocrx_word' id='word_1_421' title='bbox 1404 2412 1477 2442; x_wconf 79' lang='lat' dir='ltr'>Peti</span> <span class='ocrx_word' id='word_1_422' title='bbox 1490 2412 1609 2445; x_wconf 86' lang='lat' dir='ltr'>Guelf.</span> 
     </span>
    </p>
   </div>
   <div class='ocr_carea' id='block_1_8' title="bbox 808 2506 953 2539">
    <p class='ocr_par' dir='ltr' id='par_1_11' title="bbox 808 2506 953 2539">
     <span class='ocr_line' id='line_1_40' title="bbox 808 2506 953 2539; baseline -0.007 -1"><span class='ocrx_word' id='word_1_423' title='bbox 808 2506 953 2539; x_wconf 83' lang='lat' dir='ltr'><strong>NOTAE</strong></span> 
     </span>
    </p>
   </div>
   <div class='ocr_carea' id='block_1_9' title="bbox 147 2590 1607 2836">
    <p class='ocr_par' dir='ltr' id='par_1_12' title="bbox 147 2590 1607 2836">
     <span class='ocr_line' id='line_1_41' title="bbox 192 2590 1607 2635; baseline 0.005 -16"><span class='ocrx_word' id='word_1_424' title='bbox 192 2592 234 2620; x_wconf 87' lang='lat'>56</span> <span class='ocrx_word' id='word_1_425' title='bbox 259 2590 344 2625; x_wconf 76' lang='lat' dir='ltr'>Quid</span> <span class='ocrx_word' id='word_1_426' title='bbox 373 2591 402 2621; x_wconf 87' lang='lat' dir='ltr'>si</span> <span class='ocrx_word' id='word_1_427' title='bbox 441 2591 578 2622; x_wconf 83' lang='lat' dir='ltr'>animam</span> <span class='ocrx_word' id='word_1_428' title='bbox 616 2593 719 2634; x_wconf 77' lang='lat' dir='ltr'>debet]</span> <span class='ocrx_word' id='word_1_429' title='bbox 756 2593 850 2634; x_wconf 87' lang='lat' dir='ltr'>Lege</span> <span class='ocrx_word' id='word_1_430' title='bbox 907 2593 1013 2625; x_wconf 89' lang='lat' dir='ltr'>vincti</span> <span class='ocrx_word' id='word_1_431' title='bbox 1030 2598 1156 2633; x_wconf 83' lang='lat' dir='ltr'>essent,</span> <span class='ocrx_word' id='word_1_432' title='bbox 1182 2603 1358 2635; x_wconf 85' lang='lat' dir='ltr'>quousque</span> <span class='ocrx_word' id='word_1_433' title='bbox 1381 2593 1470 2634; x_wconf 84' lang='lat' dir='ltr'>apud</span> <span class='ocrx_word' id='word_1_434' title='bbox 1496 2595 1607 2626; x_wconf 88' lang='lat' dir='ltr'>credi—</span> 
     </span>
     <span class='ocr_line' id='line_1_42' title="bbox 149 2640 1606 2684; baseline 0.005 -14"><span class='ocrx_word' id='word_1_435' title='bbox 149 2647 218 2671; x_wconf 79' lang='lat'>111.</span> <span class='ocrx_word' id='word_1_436' title='bbox 241 2640 444 2671; x_wconf 81' lang='lat' dir='ltr'>Tabularum</span> <span class='ocrx_word' id='word_1_437' title='bbox 463 2642 686 2673; x_wconf 83' lang='lat' dir='ltr'>constitutum</span> <span class='ocrx_word' id='word_1_438' title='bbox 702 2642 767 2674; x_wconf 86' lang='lat' dir='ltr'>fnit</span> <span class='ocrx_word' id='word_1_439' title='bbox 783 2644 849 2674; x_wconf 85' lang='lat' dir='ltr'>Ro·</span> <span class='ocrx_word' id='word_1_440' title='bbox 906 2650 997 2677; x_wconf 87' lang='lat' dir='ltr'>tores</span> <span class='ocrx_word' id='word_1_441' title='bbox 1010 2644 1189 2677; x_wconf 86' lang='lat' dir='ltr'>serviendo</span> <span class='ocrx_word' id='word_1_442' title='bbox 1203 2645 1349 2684; x_wconf 85' lang='lat' dir='ltr'>nomina,</span> <span class='ocrx_word' id='word_1_443' title='bbox 1361 2645 1393 2675; x_wconf 86' lang='lat' dir='ltr'>id</span> <span class='ocrx_word' id='word_1_444' title='bbox 1408 2650 1475 2684; x_wconf 82' lang='lat' dir='ltr'>est,</span> <span class='ocrx_word' id='word_1_445' title='bbox 1488 2646 1606 2678; x_wconf 84' lang='lat' dir='ltr'>debita</span> 
     </span>
     <span class='ocr_line' id='line_1_43' title="bbox 147 2691 1606 2737; baseline 0.005 -16"><span class='ocrx_word' id='word_1_446' title='bbox 147 2699 212 2721; x_wconf 81' lang='lat' dir='ltr'>mae</span> <span class='ocrx_word' id='word_1_447' title='bbox 228 2695 266 2722; x_wconf 87' lang='lat' dir='ltr'>ut</span> <span class='ocrx_word' id='word_1_448' title='bbox 277 2692 335 2733; x_wconf 87' lang='lat' dir='ltr'>qui</span> <span class='ocrx_word' id='word_1_449' title='bbox 348 2691 511 2723; x_wconf 88' lang='lat' dir='ltr'>solvendo</span> <span class='ocrx_word' id='word_1_450' title='bbox 529 2702 593 2723; x_wconf 83' lang='lat' dir='ltr'>non</span> <span class='ocrx_word' id='word_1_451' title='bbox 610 2693 752 2731; x_wconf 87' lang='lat' dir='ltr'>esset‚is</span> <span class='ocrx_word' id='word_1_452' title='bbox 767 2703 849 2724; x_wconf 84' lang='lat' dir='ltr'>nex-</span> <span class='ocrx_word' id='word_1_453' title='bbox 903 2695 1118 2727; x_wconf 80' lang='lat' dir='ltr'>liberassent.</span> <span class='ocrx_word' id='word_1_454' title='bbox 1143 2695 1221 2727; x_wconf 88' lang='lat' dir='ltr'>Hoc</span> <span class='ocrx_word' id='word_1_455' title='bbox 1247 2700 1310 2736; x_wconf 88' lang='lat' dir='ltr'>est,</span> <span class='ocrx_word' id='word_1_456' title='bbox 1334 2695 1429 2737; x_wconf 85' lang='lat' dir='ltr'>quasi</span> <span class='ocrx_word' id='word_1_457' title='bbox 1458 2697 1606 2737; x_wconf 81' lang='lat' dir='ltr'>seipsum</span> 
     </span>
     <span class='ocr_line' id='line_1_44' title="bbox 148 2742 1040 2783; baseline 0.009 -13"><span class='ocrx_word' id='word_1_458' title='bbox 148 2749 187 2771; x_wconf 84' lang='lat' dir='ltr'>us</span> <span class='ocrx_word' id='word_1_459' title='bbox 213 2744 248 2771; x_wconf 90' lang='lat' dir='ltr'>et</span> <span class='ocrx_word' id='word_1_460' title='bbox 270 2742 402 2773; x_wconf 85' lang='lat' dir='ltr'>vinctus</span> <span class='ocrx_word' id='word_1_461' title='bbox 429 2742 650 2774; x_wconf 84' lang='lat' dir='ltr'>addiceretur</span> <span class='ocrx_word' id='word_1_462' title='bbox 673 2743 846 2783; x_wconf 85' lang='lat' dir='ltr'>creditori,</span> <span class='ocrx_word' id='word_1_463' title='bbox 903 2745 1040 2778; x_wconf 85' lang='lat' dir='ltr'>debere.</span> 
     </span>
     <span class='ocr_line' id='line_1_45' title="bbox 148 2791 847 2836; baseline 0.003 -14"><span class='ocrx_word' id='word_1_464' title='bbox 148 2791 318 2823; x_wconf 76' lang='lat' dir='ltr'>sententia</span> <span class='ocrx_word' id='word_1_465' title='bbox 332 2792 471 2832; x_wconf 81' lang='lat' dir='ltr'>judicis,</span> <span class='ocrx_word' id='word_1_466' title='bbox 499 2797 535 2824; x_wconf 84' lang='lat' dir='ltr'>nt</span> <span class='ocrx_word' id='word_1_467' title='bbox 562 2793 595 2825; x_wconf 86' lang='lat' dir='ltr'>in</span> <span class='ocrx_word' id='word_1_468' title='bbox 627 2794 847 2836; x_wconf 86' lang='lat' dir='ltr'>compedibus</span> 
     </span>
    </p>
   </div>
   <div class='ocr_carea' id='block_1_10' title="bbox 233 2845 1513 2886">
    <p class='ocr_par' dir='ltr' id='par_1_13' title="bbox 233 2845 1513 2886">
     <span class='ocr_line' id='line_1_46' title="bbox 233 2845 1513 2886; baseline 0.005 -10"><span class='ocrx_word' id='word_1_469' title='bbox 233 2845 346 2886; x_wconf 81' lang='lat' dir='ltr'>Delph.</span> <span class='ocrx_word' id='word_1_470' title='bbox 364 2850 393 2878; x_wconf 85' lang='lat' dir='ltr'>et</span> <span class='ocrx_word' id='word_1_471' title='bbox 410 2847 486 2880; x_wconf 77' lang='lat' dir='ltr'>Var.</span> <span class='ocrx_word' id='word_1_472' title='bbox 499 2848 583 2880; x_wconf 77' lang='lat' dir='ltr'>Clas.</span> <span class='ocrx_word' id='word_1_473' title='bbox 810 2850 932 2884; x_wconf 80' lang='lat' dir='ltr'>Terent.</span> <span class='ocrx_word' id='word_1_474' title='bbox 1445 2855 1463 2883; x_wconf 76' lang='lat'>3</span> <span class='ocrx_word' id='word_1_475' title='bbox 1489 2852 1513 2882; x_wconf 87' lang='lat' dir='ltr'>R</span> 
     </span>
    </p>
   </div>
  </div>
 </body>
</html>
