1966 3302
516 250 862 281 ADELPHORUM
899 249 1007 278 Ac‘r.
1034 248 1081 277 ιι.
1115 248 1182 278 sc.
1211 248 1256 276 ιι.
1528 237 1609 277 697

175 348 410 406 Pecuniam
427 346 471 386 in
492 346 593 386 loco
609 346 841 405 negligere,
857 357 1111 385 maxumum
1125 342 1337 384 interdum
1359 341 1413 382 'si
1433 341 1613 381 lucrum.

343 415 462 455 ΒΑΝ.
495 413 614 454 Hui!

174 483 256 523 SY.
288 481 505 530 Metuisti,
538 481 576 520 si
597 493 712 521 nunc
734 480 787 520 de
816 483 890 520 tuo
919 479 1015 532 jure
1049 476 1352 518 concessisses
1374 476 1615 528 paululum,

345 553 480 601 atque

173 615 455 657 Adolescenti
476 627 599 655 esses
620 613 920 665 morigeratus,
942 612 1163 652 hominum
1184 612 1316 652 homo
1339 611 1615 660 stultissime,

175 683 246 725 Ne
265 696 347 724 non
371 683 451 724 tibi
471 683 584 750 istil-c
611 681 872 747 foeneraret?
933 680 1048 721 SAN.
1080 680 1173 733 Ego
1205 692 1324 733 spem
1356 679 1494 732 pretio
1529 691 1616 718 non

291 744 458 791 QemO.
706 744 709 746 ’
1562 746 1617 786 11

174 819 256 861 SY.
288 817 526 871 Nunquam
559 830 647 858 rem
681 816 845 857 facies:
877 815 971 856 abi:
1004 815 1149 855 nescis
1180 815 1370 855 inescare
1402 814 1617 863 homines,

350 886 529 926 Sannio.

175 954 293 996 ΒΑΝ.
325 952 465 994 Credo
486 953 600 993 istuc
620 951 777 992 melius
798 963 919 991 esse:
952 963 1098 990 verum
1134 963 1216 1002 ego
1249 963 1469 1003 nunquam
1503 948 1615 990 adeo

344 1025 520 1062 astutus
540 1020 618 1068 fui,

175 1088 312 1140 Quin,
347 1087 555 1142 quicquid
591 1099 785 1140 possem,
817 1084 992 1125 mallem
1031 1083 1197 1124 auferre
1237 1084 1385 1136 potius
1424 1084 1466 1124 in
1507 1096 1619 1137 prae-

346 1155 503 1196 sentia.

176 1225 260 1265 SY.
289 1223 409 1276 Age3
440 1222 544 1263 novi
565 1225 680 1262 tuum
705 1220 922 1271 auimum3
955 1218 1085 1272 quasi
1107 1218 1203 1272 jam
1224 1230 1408 1271 usquam
1430 1218 1511 1259 tibi
1534 1218 1620 1259 sint

345 1290 501 1343 viginti
519 1290 664 1339 minae,
1563 1286 1622 1326 15

174 1401 238 1431 loco
252 1399 455 1439 convenienti,
470 1399 634 1439 aliquando
650 1400 694 1428 est
710 1396 899 1434 lucrifacere.
942 1395 1003 1426 SA.
1028 1394 1126 1426 Hui!
1171 1393 1232 1424 SY.
1260 1393 1417 1432 Timuisti,
1431 1394 1458 1423 si
1485 1403 1563 1424 nunc
1585 1394 1622 1424 de

175 1446 225 1474 tuo
232 1442 304 1480 J’ure
318 1442 436 1482 aliquid
449 1441 643 1480 adolescenti,
660 1439 817 1477 AEschino,
833 1438 1013 1476 rmnisisses,
1029 1441 1119 1476 atque
1135 1436 1200 1474 ejus
1215 1436 1367 1467 voluntati
1383 1436 1626 1474 obsecundasses,

173 1496 191 1516 o
215 1485 405 1526 ineptissime
429 1486 563 1516 omnium
585 1483 772 1520 mortalium,
793 1491 830 1512 ne
852 1491 911 1512 uon
935 1480 994 1511 tibi
1016 1480 1099 1511 istud
1122 1489 1188 1509 cum
1202 1480 1323 1517 faeuore
1344 1477 1528 1518 reponeret?
1562 1481 1620 1510 SA.

176 1529 247 1567 Ego
260 1539 343 1568 spem
358 1528 434 1559 lucri
444 1528 572 1568 pecunia
587 1526 732 1567 praesenti
747 1525 871 1555 minime
885 1526 1044 1554 commuto.
1087 1522 1150 1553 SY.
1175 1523 1341 1562 Nunquam
1357 1532 1421 1552 rem
1429 1521 1624 1560 familiarem

173 1571 314 1610 augebis,
330 1580 383 1601 nec
397 1571 512 1611 amplas
517 1571 688 1609 facultates
703 1566 924 1599 accumulabis:
948 1566 1061 1605 valeas,
1074 1575 1183 1605 apage,
1194 1566 1292 1596 nescis
1298 1564 1439 1603 juvenes,
1455 1565 1541 1604 quasi
1555 1575 1623 1595 esca

175 1613 290 1652 oblata,
310 1617 456 1654 tanquam
478 1623 546 1643 aves
568 1612 700 1643 allicere.
743 1612 802 1642 SA.
827 1610 908 1640 Puto
923 1609 957 1640 id
972 1609 1080 1639 melius
1102 1617 1177 1643 esse,
1203 1609 1279 1647 quod
1301 1609 1417 1638 sentis:
1441 1617 1546 1638 verum
1569 1617 1626 1646 ego

175 1666 327 1696 nunquam
341 1659 415 1688 adeo
430 1657 522 1687 solers
537 1659 566 1686 et
582 1655 703 1686 subtilis
709 1654 775 1692 fui,
791 1655 826 1683 ut
841 1662 902 1682 non
914 1652 1047 1689 mallem,
1062 1651 1275 1691 qualecumque
1286 1652 1493 1691 compendium
1507 1660 1623 1690 repra>-

174 1699 291 1730 sentam·
316 1699 405 1740 mihi,
434 1709 524 1740 quam
551 1699 704 1740 promitti.
750 1697 812 1727 SY.
839 1695 922 1726 Novi
950 1695 1088 1725 animum
1117 1697 1202 1724 tuum
1231 1693 1403 1724 liberalem.-
1436 1693 1524 1734 quasi
1551 1703 1622 1725 vero

793 1790 1029 1803 eeeeeeeeeeee

176 1873 234 1904 ΒΥ,
249 1871 310 1904 scis
330 1881 399 1913 quae
414 1873 520 1911 loquar
529 1868 609 1902 ?—8
633 1869 684 1901 Cl.
701 1868 853 1900 Graevins
870 1867 913 1899 ad
936 1867 1008 1899 Cic.
1025 1865 1099 1897 Att.
1117 1874 1165 1896 1v.
1179 1868 1210 1896 2.
1227 1864 1267 1896 ad
1285 1865 1358 1896 haec
1375 1864 1490 1903 verba,
1504 1864 1513 1881 ‘
1527 1864 1628 1897 Quis-

177 1926 242 1957 que
257 1915 375 1946 horum
390 1915 466 1946 loco
489 1913 693 1944 sententiam
722 1911 882 1952 rogatus‚'
900 1911 997 1952 legit,
1015 1909 1182 1941 Pecuniam
1197 1909 1258 1939 loco
1280 1907 1456 1947 negligere.-
1478 1907 1625 1939 fortasse

177 1968 196 1989 e
210 1968 270 1990 suo
282 1959 350 1989 Ms.
378 1957 478 1988 West.
523 1956 617 1987 Idem
635 1960 750 1987 tannen
766 1956 798 1986 in
816 1953 974 1985 Addend.
991 1957 1086 1984 notat
1101 1952 1133 1982 in
1151 1952 1218 1983 Ms.
1235 1951 1350 1983 Graev.
1368 1960 1441 1981 esse
1458 1951 1499 1983 P.
1515 1951 1549 1982 in
1562 1952 1626 1981 Ioco

175 2011 207 2032 n.
252 2002 262 2018 ‘
279 2000 364 2040 Hui]
387 2000 472 2032 Mss.
489 1999 671 2030 Leidenses
699 2002 856 2039 quatuor,
876 2006 951 2028 cum
978 1995 1133 2034 Heinsio,
1149 1994 1183 2025 in
1207 1994 1289 2026 edit.
1317 1993 1507 2024 Amstelod.
1531 1996 1625 2025 1618.

176 2053 251 2085 quae
274 2048 327 2075 est
343 2043 377 2073 in
393 2042 604 2073 Bibliotheca
631 2041 802 2079 Leidensi‚
817 2046 852 2071 et
869 2039 1005 2080 quidam
1032 2039 1089 2069 alii
1104 2039 1191 2068 hanc
1209 2046 1325 2068 vocem
1342 2036 1443 2067 etiam
1465 2036 1549 2077 Syro
1567 2037 1625 2067 tri-

177 2086 297 2117 buunt.
342 2085 487 2117 Codices
502 2085 559 2115 alii
576 2084 701 2115 rectius
717 2083 890 2114 Sannioni.
937 2082 1056 2123 Neque
1072 2081 1162 2112 enim
1186 2081 1218 2111 in
1235 2079 1346 2110 medio
1360 2088 1513 2110 sermone
1526 2079 1627 2110 facile

176 2129 328 2169 reperias
354 2127 566 2159 exclamandi
587 2128 674 2157 hanc
699 2127 913 2166 particulam,
928 2125 988 2156 sed
1015 2123 1084 2156 fere
1109 2123 1216 2154 initio.
1261 2122 1317 2153 Sic
1339 2121 1428 2153 And.
1446 2130 1501 2153 111.
1520 2125 1548 2152 l.
1574 2125 1627 2153 16.

179 2173 232 2202 vel
247 2172 364 2202 solam.
381 2170 468 2201 Eun.
483 2179 532 2200 lv.
549 2173 581 2201 7.
599 2172 650 2200 35.
695 2169 809 2200 Guido
833 2168 1010 2201 Juvenalis
1032 2167 1150 2198 itidem
1172 2165 1333 2196 Sannioni
1350 2165 1482 2202 tribuit,
1494 2164 1626 2203 dicens,

177 2219 185 2231 ‘
203 2213 402 2255 Interjectio
419 2212 563 2243 ridentis
579 2217 643 2252 est,
658 2212 753 2253 qnasi
767 2212 843 2243 leno
860 2211 971 2241 rideat
986 2210 1081 2241 dicta
1097 2209 1196 2247 servi,
1211 2213 1246 2239 et
1261 2207 1481 2238 contemnat!
1494 2206 1502 2219 ’
1525 2207 1625 2238 Idem.

175 2257 235 2289 SA.
253 2256 344 2288 Hui!
379 2256 440 2287 ὃν.
472 2255 616 2286 Metuisti
640 2256 666 2285 si
686 2265 775 2286 mmc-
820 2254 906 2284 Haec
932 2253 1044 2284 omnia
1060 2254 1093 2283 in
1119 2251 1237 2282 iisdem
1264 2251 1370 2290 libris,
1385 2249 1469 2291 [vid.
1489 2259 1519 2280 v.
1535 2253 1566 2281 4.
1581 2250 1625 2281 ad

178 2310 225 2332 vs.
241 2300 290 2340 6.]
309 2305 345 2330 et
361 2299 393 2329 in
411 2299 486 2329 Bas.
515 2298 601 2338 Syro
617 2297 841 2329 ascribuntur.
867 2297 925 2328 Fa.
969 2296 1026 2326 Sic
1043 2300 1079 2326 et
1107 2295 1210 2325 nostri
1233 2294 1400 2324 meliores.
1426 2293 1523 2324 Beni.
1568 2293 1626 2324 Ita

176 2350 211 2373 et
235 2343 273 2374 Z.
319 2343 378 2373 Br.
395 2342 433 2372 P.
449 2341 607 2372 interdum
628 2341 860 2380 negligere—9
884 2338 1042 2370 metuisti.
1086 2337 1263 2376 Integrum
1288 2337 1375 2367 hunc
1403 2337 1476 2376 Syri
1502 2345 1628 2367 sermo-

175 2395 252 2417 nem
268 2384 543 2425 interrogationis
560 2385 656 2424 signo
673 2383 768 2414 finire
782 2381 886 2413 visum
900 2381 1146 2421 fuit‚exemplo
1158 2379 1251 2418 Alai,
1267 2378 1413 2416 Heinsss,
1424 2382 1459 2409 et
1473 2379 1627 2410 aliorum.

176 2429 227 2460 M.
245 2427 311 2460 duo
324 2429 409 2459 Mss.
426 2426 587 2465 Boecleri,
603 2426 675 2457 EA.
692 2430 727 2456 et
743 2425 813 2456 ET.
830 2425 900 2456 huic
912 2435 972 2465 pro
986 2434 1075 2454 nunc.
1103 2423 1207 2453 West.
1232 2422 1287 2453 Ita
1303 2420 1418 2453 Gueif.
1430 2424 1461 2452 1.
1473 2424 1504 2452 2.
1534 2421 1626 2453 Ibid.

176 2472 205 2502 si
233 2476 309 2511 post
332 2472 520 2510 atque—ll
547 2470 622 2499 Non
648 2469 860 2507 interrogant
887 2472 964 2509 post
979 2467 1151 2504 soeneraret
1166 2466 1266 2495 Bent.
1290 2464 1368 2504 Bip.
1387 2465 1479 2495 Peri.
1498 2464 1625 2495 Z.—12

179 2513 375 2554 Legendum
387 2517 500 2542 monet
518 2512 617 2543 Rent.
641 2511 704 2549 abi,
719 2521 779 2542 non
793 2511 864 2541 scis·
908 2511 1008 2541 Both.
1023 2509 1107 2548 legit
1119 2507 1193 2539 abi!
1215 2508 1353 2538 inescare
1368 2507 1560 2537 nescis.—l4
1585 2507 1626 2538 In

176 2556 354 2597 praesentia.
397 2555 448 2586 M.
473 2554 580 2593 addit,
597 2564 686 2594 quam
701 2553 902 2591 infuturum.
938 2553 1007 2582 ET.
1033 2561 1123 2591 quam
1148 2551 1180 2581 iu
1199 2549 1323 2587 futuro.
1367 2550 1558 2590 Utrumque
1582 2559 1626 2580 ex

178 2600 299 2639 glossa.
327 2599 509 2629 West.—15
535 2597 669 2629 Quaerit
692 2597 794 2627 Bent.
841 2597 850 2613 ‘
868 2595 971 2631 Quid,
998 2595 1024 2625 si
1048 2595 1096 2624 sic
1128 2593 1323 2632 refingimus
1353 2592 1423 2631 Age
1442 2593 1512 2623 novi
1538 2595 1628 2622 tuum

177 2643 325 2680 animum,
341 2640 428 2681 quasi
439 2639 601 2678 hujus-jam
616 2639 674 2670 tibi
688 2639 752 2670 sint
767 2638 884 2677 viginti
898 2637 1009 2668 minae.⁷
1055 2637 1063 2654 ‘
1080 2635 1194 2675 Vide,’
1209 2635 1321 2676 inquit
1337 2635 1438 2670 idem,
1455 2636 1464 2651 ‘
1484 2644 1524 2664 ne
1541 2635 1625 2665 illud

173 2684 240 2722 jam
255 2693 382 2724 usquam
398 2687 505 2714 totum
523 2692 541 2712 a
567 2681 816 2712 correctoribus
829 2680 942 2719 fuerit,
956 2689 1023 2711 non
1040 2689 1057 2710 a
1074 2689 1176 2710 manu
1199 2678 1365 2708 luscitiosi
1382 2677 1533 2708 librarii:
1558 2677 1627 2708 for-

180 2727 280 2757 tassis
297 2726 339 2757 ab
359 2725 510 2756 Auctore
523 2724 571 2755 sic
588 2729 671 2760 erat,
694 2723 765 2763 Age
778 2724 848 2754 novi
861 2726 948 2753 tuum
963 2722 1109 2760 (mimum,
1123 2721 1211 2761 quasi
1222 2721 1342 2751 teruuci
1356 2720 1413 2751 tibi
1429 2721 1491 2750 sint
1510 2719 1627 2757 viginti

179 2769 282 2801 minoe.
315 2769 420 2800 Certe
437 2768 499 2798 hoc
514 2767 612 2797 modo
624 2767 749 2807 justins
766 2767 978 2796 collocantur
990 2775 1080 2795 arses
1102 2770 1137 2795 et
1149 2764 1282 2801 theses;
1307 2768 1342 2793 et
1355 2768 1434 2802 apte
1447 2771 1627 2802 opponun-

181 2816 237 2845 tur
262 2820 326 2843 xx.
344 2811 440 2843 minae
467 2820 507 2843 ac
530 2808 728 2842 teruncius!
750 2809 851 2841 Both.
875 2807 1043 2850 quasijam
1064 2816 1223 2851 nusquam.
1268 2806 1358 2837 Mur.
1374 2805 1534 2846 quicquum
1560 2813 1624 2846 pro
