1966 3302
1525 229 1611 270 773

1554 334 1613 375 35

498 244 845 276 ADELPHORUM
879 243 988 274 ACT.
1010 241 1055 272 V·
1087 242 1154 273 SC.
1186 242 1263 272 111.

156 344 284 386 Scio:
314 342 430 399 iQC
449 333 787 386 ibam.‚‘ssMulta
807 339 853 379 in
873 337 1068 386 homine,
1092 337 1277 384 Demea,

154 410 293 464 Signa
312 410 472 458 insunt,
491 422 549 449 ex
571 409 728 462 quibus
751 407 1007 460 conjectura
1027 405 1162 446 facile
1184 403 1262 453 fit;

155 478 260 518 Duo
281 490 380 518 cum
399 476 514 517 idem
536 476 720 525 faciunt,
744 486 886 527 saepe,
909 477 956 514 ut
976 473 1129 526 possis
1153 472 1315 521 dicere,

155 544 262 586 Hoc
282 545 385 585 licet
407 545 586 597 impune
607 543 754 583 facere
780 541 896 590 huic,
917 541 982 581 illi
1003 553 1089 581 non
1110 539 1241 590 licet;

153 611 262 653 Non
282 611 405 665 quod
425 610 653 652 dissimilis
674 622 745 650 res
769 609 840 658 sit,
864 608 941 649 sed
963 607 1082 661 quod
1104 608 1157 656 is,
1182 606 1260 659 qui
1280 605 1388 647 facit
1408 618 1418 645 :

154 678 269 729 Quae
290 691 372 730 ego
393 678 480 718 illis
498 678 642 718 inesse
664 676 809 725 video,
830 682 889 735 Q
897 674 1116 716 confidam
1139 674 1243 723 fore,

153 745 226 787 Ita
247 753 296 786 ut
317 744 546 787 volumus:
576 743 705 785 video
727 755 893 797 sapere,
914 742 1166 794 intelligere,
1188 742 1234 781 in
1254 741 1358 782 loco

153 812 323 864 Vereri,
345 813 459 853 inter
478 825 525 852 se
547 824 715 852 amare:
747 811 859 852 scire
880 814 947 851 est
963 809 1149 850 liberum

1555 673 1610 714 40

152 942 331 981 respondere
354 940 514 982 parabam.
578 943 707 972 Certum
729 945 787 980 est,
814 941 944 981 Demea,
971 941 1069 972 multa
1094 941 1126 970 in
1154 938 1326 971 hominibus
1355 937 1472 968 indicia
1503 936 1612 975 inesse,

149 993 190 1014 ex
205 984 311 1024 quibus
324 984 471 1022 conjicere
482 995 652 1025 possumus,
667 995 735 1015 cum
748 985 807 1014 (ἰιιο
822 985 947 1015 eandem
962 994 1026 1014 rem
1033 983 1173 1021 similent,
1190 983 1244 1013 uni
1260 981 1434 1012 nocituram
1448 989 1514 1011 eam
1531 990 1608 1017 esse,

151 1036 212 1057 non
228 1029 341 1064 atcere,-
364 1029 438 1058 adeo
461 1032 495 1059 ut
520 1028 588 1069 quis
601 1028 701 1059 dicere
718 1028 829 1067 possit,
844 1027 915 1058 huic
930 1027 1001 1057 licet
1017 1028 1081 1057 sine
1096 1026 1232 1066 periculo
1248 1025 1354 1055 damni
1368 1024 1401 1054 id
1425 1032 1538 1063 agere.-
1560 1023 1610 1053 illi

151 1079 213 1100 non
227 1070 310 1102 licet.
358 1071 428 1101 Non
440 1071 519 1110 quod
538 1081 587 1101 res
603 1070 668 1110 ipsa
683 1071 725 1101 sit
740 1070 920 1109 quandoque
934 1069 1107 1107 dissimilis,
1120 1069 1172 1099 sed
1188 1069 1266 1108 quod
1284 1067 1308 1098 ii
1324 1067 1376 1107 qui
1393 1077 1459 1098 eam
1468 1065 1610 1104 faciunt,

150 1112 346 1144 dissimiliter
363 1113 471 1154 affecti
492 1117 565 1144 sunt
590 1117 703 1143 nutura
715 1124 725 1143 .·
748 1113 837 1153 atqui
850 1113 915 1143 haec
928 1113 1021 1152 signa
1045 1121 1112 1151 quoe
1126 1111 1205 1150 (lico,
1222 1111 1286 1141 illis
1301 1110 1398 1141 insita
1421 1119 1483 1140 esse
1498 1109 1609 1144 video,-

151 1156 226 1185 adeo
252 1159 288 1187 ut
312 1159 427 1187 certam
449 1165 531 1196 spem
560 1156 687 1186 habeam
709 1165 758 1186 eos
783 1156 861 1186 tales
877 1156 961 1193 fore,
987 1156 1089 1195 quales
1105 1158 1246 1193 optamus
1261 1163 1334 1184 esse.
1384 1151 1543 1191 Perspicio
1559 1161 1610 1182 eos

151 1197 305 1237 sapientes
318 1202 349 1229 et
361 1200 528 1239 prudentes
540 1208 614 1237 esse,
629 1198 825 1235 rer-ecnndos,
840 1201 870 1229 et
882 1199 1030 1228 modestos
1042 1208 1105 1228 esse
1122 1198 1199 1234 loco,
1213 1200 1242 1226 et
1260 1200 1407 1235 tempore,
1422 1204 1524 1226 amore
1540 1203 1607 1224 mu-

149 1243 201 1271 tuo
215 1241 494 1280 conjunctissimos.-
518 1242 596 1272 unde
603 1241 700 1278 facile
715 1242 891 1280 intelligere
906 1242 977 1272 ticet
989 1241 1114 1272 liberale
1127 1240 1192 1270 illis
1207 1249 1268 1270 esse
1286 1239 1460 1277 ingenium,
1474 1241 1503 1268 et
1518 1236 1606 1267 nohi-

761 1340 997 1355 eeeeeeeeeee

152 1418 250 1451 abest
267 1418 309 1449 ab
325 1419 457 1449 eodem.
486 1419 591 1449 Multa
607 1418 770 1449 Demenin
785 1418 904 1449 homine
922 1418 1066 1448 Br.-36
1090 1416 1236 1456 Reponit
1256 1415 1356 1445 Bent.
1376 1424 1477 1444 causa
1496 1414 1611 1453 metri,

152 1462 255 1501 Signa
269 1463 387 1499 insunt,
402 1462 510 1502 quihus
525 1472 574 1492 ex.
619 1461 675 1492 Ita
691 1467 726 1492 et
744 1461 846 1492 Both.
895 1461 947 1490 Ex
960 1461 1028 1500 quis
1053 1458 1228 1497 conjectura
1245 1458 1410 1498 Bip.—37
1438 1457 1507 1487 Duo
1529 1457 1610 1488 idem

150 1504 257 1543 cums.
280 1505 466 1536 Both—38
490 1504 576 1535 Huic
593 1505 614 1535 l.
635 1503 699 1542 i.f.
715 1505 771 1534 hoc
786 1504 984 1534 Idem—39
1008 1503 1104 1532 Beni.
1126 1512 1187 1541 pro
1209 1502 1288 1541 quod
1303 1499 1481 1540 utrobique
1504 1500 1609 1532 habet

150 1557 219 1588 quo.
256 1547 311 1578 Vi.
329 1556 409 1579 vero
432 1547 620 1586 posteriore
644 1552 776 1578 tautum
806 1547 958 1585 loco,sed
973 1556 1030 1586 quo
1054 1545 1081 1575 is
1095 1546 1147 1584 qui
1164 1545 1261 1582 facit.
1284 1544 1344 1574 Fa.
1385 1543 1503 1574 Nostri
1519 1544 1611 1583 quod,

150 1591 239 1630 quod.
263 1590 365 1621 Bent.
412 1591 492 1629 Quo,
508 1600 565 1630 quo
581 1590 681 1620 Both.
699 1590 776 1630 Bip.
795 1589 885 1620 Perl.
928 1588 969 1619 Τὸ
985 1589 1013 1618 is
1027 1587 1125 1618 abest
1143 1588 1287 1618 Bia—40
1312 1587 1380 1617 Do.
1396 1595 1460 1616 csse
1483 1587 1516 1616 in
1531 1586 1610 1618 illis.

152 1633 237 1664 Mss.
254 1633 388 1673 quidam
402 1639 436 1664 et
453 1633 549 1671 editi,
568 1639 644 1672 post
669 1633 741 1664 ΕΡ.
757 1633 790 1663 in
816 1633 880 1662 illis
894 1641 967 1663 esse.
993 1631 1100 1662 West.
1135 1631 1213 1665 Quoe
1229 1639 1284 1668 ego
1307 1639 1370 1659 esse
1386 1629 1418 1658 in
1433 1629 1498 1659 illis
1510 1629 1609 1666 video,

151 1679 186 1705 ut
201 1676 350 1717 confidam
369 1675 442 1713 fore
456 1675 514 1715 itu,
530 1680 564 1706 ut
582 1677 728 1706 volumus.
776 1676 931 1706 Donatus
949 1675 996 1704 ita
1017 1673 1142 1704 habet:
1171 1673 1248 1707 Quae
1263 1682 1318 1711 ego
1342 1671 1407 1702 illis
1431 1672 1549 1702 inesse.-
1574 1677 1610 1702 at

152 1718 249 1749 Ben'..
276 1719 354 1754 Quoe
366 1728 422 1758 ego
439 1719 536 1749 inesse
548 1718 628 1749 illis:
652 1728 718 1759 qna
734 1718 880 1749 lectione
897 1717 1053 1755 admissa,
1070 1722 1122 1747 est
1147 1716 1337 1746 tribrachus
1355 1716 1389 1745 in
1407 1715 1528 1755 prima,
1543 1724 1611 1745 non

150 1760 311 1792 elidendo
335 1761 577 1801 diphthongum
601 1762 633 1791 in
651 1761 660 1777 ‘
676 1761 759 1794 Quae
773 1760 796 1791 ι’
812 1770 928 1792 omnes
950 1770 1030 1791 vero
1047 1763 1216 1800 quotquot
1231 1757 1411 1794 suntlibri,
1425 1757 1610 1788 dictionem

149 1802 196 1834 ita
214 1804 395 1844 posteriori
421 1806 530 1835 versui
557 1805 743 1843 ascriptam
759 1803 897 1842 liabent,
913 1804 1010 1842 cujus
1035 1807 1148 1833 tamen
1172 1802 1281 1842 prima
1307 1800 1436 1841 syllaba
1464 1801 1496 1830 in
1513 1811 1610 1832 scan-

150 1846 244 1878 sione.
267 1847 308 1877 ad
325 1848 578 1887 praecedentem
595 1847 744 1885 pertinet
760 1856 905 1877 versum.
930 1846 989 1877 Fa.
1039 1846 1117 1881 Qua:
1139 1854 1195 1883 ego
1218 1844 1283 1874 illis
1294 1844 1393 1875 inesse
1407 1843 1505 1874 video.
1551 1844 1609 1874 Sic

151 1899 171 1919 a
188 1888 246 1920 Fa.
264 1896 317 1921 est
335 1902 342 1920 2
365 1890 425 1920 sed
443 1895 528 1921 vett.
544 1890 621 1921 edd.
652 1891 693 1925 Q.
711 1900 737 1920 e.
755 1899 819 1920 esse
835 1890 946 1919 inillis
967 1899 996 1919 v.
1042 1888 1188 1919 Codices
1206 1889 1312 1918 nostri
1331 1895 1457 1925 omnem,
1475 1887 1514 1921 Q.
1531 1897 1559 1916 e.
1575 1887 1609 1917 in

148 1931 214 1963 illis
236 1942 299 1963 esse
314 1943 343 1964 v.
369 1933 488 1963 Recte.
514 1933 612 1964 Bent.
652 1933 691 1963 Ιη
714 1933 779 1963 illis
805 1942 868 1962 esse
888 1933 947 1962 ΒΓ.
967 1931 1066 1962 Both.
1087 1931 1177 1962 Perl.
1222 1930 1262 1960 In
1281 1928 1398 1961 Guelf.
1419 1932 1450 1960 3.
1497 1929 1557 1960 Sed
1573 1940 1609 1960 ea

150 1973 330 2014 incipiunt.
377 1976 428 2006 Ita
437 1975 510 2013 fore
526 1976 709 2007 Rom—41
737 1975 777 2005 In
794 1976 875 2006 Mss.
894 1974 1094 2013 quibusdam
1112 1979 1146 2004 et
1172 1973 1344 2012 impressis
1362 1981 1436 2002 cum
1454 1972 1525 2003 ΕΡ.
1544 1978 1609 2011 est,

149 2019 237 2048 video
267 2027 315 2048 eos
350 2028 468 2057 sapere.
515 2018 582 2049 Sed
614 2027 676 2049 nec
706 2024 815 2048 metro
845 2018 1052 2058 postulante,
1081 2027 1142 2047 nec
1171 2025 1281 2046 sensu.
1327 2015 1522 2046 Priscianus
1547 2015 1607 2046 lib.

150 2068 257 2091 xvnt.
277 2065 328 2091 ter
344 2061 443 2099 citat,
458 2070 522 2092 nec
538 2071 587 2091 eos
603 2061 708 2092 addit.
738 2061 837 2092 I'Vest.
868 2061 960 2092 Video
977 2070 1027 2091 eos
1049 2070 1164 2099 sapere.
1210 2058 1330 2089 Dictio
1352 2068 1402 2088 eos
1417 2067 1482 2088 nou
1507 2064 1558 2088 cst
1575 2058 1609 2088 in

151 2103 248 2133 Bem.
265 2112 327 2134 nec
345 2112 426 2134 sane
443 2105 568 2143 versui,
583 2109 641 2134 aut
659 2104 771 2134 sensui
794 2104 985 2135 necessaria
1004 2110 1067 2134 est.
1094 2102 1151 2133 Fa.
1196 2100 1300 2141 Atqui
1329 2111 1377 2131 eos
1393 2101 1426 2131 in
1449 2101 1607 2131 omnibus

149 2144 220 2175 fere
234 2146 356 2177 nostris
369 2151 434 2183 est,
447 2152 482 2177 et
498 2148 651 2186 apprime
667 2147 729 2177 huc
742 2147 911 2177 convenit.
957 2145 997 2176 In
1016 2145 1182 2176 Bembino
1195 2144 1275 2174 ideo
1292 2143 1399 2181 deest,
1413 2144 1502 2184 quod
1519 2144 1609 2174 inter

150 2189 160 2204 ‘
179 2188 294 2219 video'
312 2193 347 2219 ct
362 2189 370 2204 ‘
384 2189 529 2228 sapere‚'
540 2199 589 2220 eos
602 2189 794 2229 absorptum
808 2190 864 2220 sit.
888 2189 981 2220 Bent.
1005 2188 1106 2218 Both.
1122 2188 1203 2227 legit
1222 2187 1266 2217 Ut
1277 2188 1433 2217 volumus:
1456 2187 1542 2217 video
1557 2197 1609 2217 eos

148 2240 174 2263 s.
188 2231 211 2261 i.
222 2232 256 2262 iti
269 2232 332 2262 loco
344 2235 383 2262 et.
420 2232 514 2263 Video
531 2242 580 2262 eos
603 2242 710 2272 sapere
723 2232 780 2263 ΒΓ.
798 2232 978 2263 ΡΘι-Ι.--42
1008 2231 1129 2270 Vereri,
1141 2231 1294 2261 interdum
1305 2230 1606 2261 amareBoth.—43

810 2322 950 2355 NOTAE

191 2399 232 2428 35
257 2397 362 2429 Multa
382 2398 418 2429 in
439 2398 572 2436 homine,
599 2399 727 2436 Demea,
753 2398 852 2438 Signa

149 2446 270 2487 insunt]
297 2447 408 2488 Hujus
434 2448 499 2479 loci
524 2449 659 2479 obscuri
682 2448 852 2479 sententia

148 2500 221 2536 est3
246 2497 370 2528 homini
395 2497 598 2537 intelligenti
614 2496 711 2528 facile
728 2503 792 2536 est,
808 2497 850 2528 de

147 2546 219 2577 vita
234 2551 271 2578 et
290 2546 440 2578 moribus
463 2547 635 2578 hominum
653 2547 849 2579 adolescen-

148 2597 232 2628 tium
253 2597 420 2629 aestimare
447 2597 593 2628 animum
619 2602 654 2628 et
678 2598 849 2636 ingenium

149 2647 319 2688 ipsorum;
346 2648 433 2680 adeo
460 2648 576 2688 etiam,
604 2652 642 2679 ut
671 2657 746 2680 cnm
777 2658 850 2679 rem

149 2697 293 2729 eandem
309 2697 424 2730 facere
439 2698 609 2734 videntur,
626 2699 718 2730 dicat
736 2704 849 2730 tamen

149 2747 280 2788 peritus
305 2758 417 2780 rerum
449 2749 646 2789 aestimator,
676 2749 739 2779 hoc
769 2749 851 2779 licet

148 2797 265 2830 facere
280 2798 369 2840 huic,
389 2801 446 2842 qui
463 2800 596 2832 scilicet
611 2800 740 2832 liberali
755 2800 850 2842 iuge-

907 2397 963 2427 nio
981 2396 1146 2438 praeditus
1162 2401 1226 2435 est,
1242 2405 1305 2426 nec
1322 2393 1420 2426 facile
1437 2397 1609 2437 corrumpi

906 2452 1044 2488 potest:
1072 2446 1119 2477 illi
1145 2455 1210 2477 non
1241 2447 1338 2484 licet,
1365 2446 1519 2477 nimirum
1550 2448 1608 2488 qui

906 2507 968 2539 per
983 2502 1112 2528 naturae
1129 2496 1383 2537 improbitatem
1398 2496 1610 2537 indulgentia

906 2547 1071 2578 abutitur.

947 2599 988 2628 40
1016 2597 1094 2632 Qua:
1109 2605 1165 2635 ego
1180 2596 1244 2627 illis
1259 2596 1357 2627 inesse
1377 2599 1478 2637 video]
1502 2598 1609 2639 Ordo,

905 2652 941 2679 et
964 2656 1081 2677 sensus
1098 2646 1151 2678 hic
1176 2652 1245 2677 est:
1274 2646 1384 2678 Multa
1412 2648 1444 2678 iu
1473 2648 1608 2680 homine

906 2700 1002 2740 signa
1019 2703 1110 2739 sunt,
1123 2709 1163 2729 ex
1191 2697 1310 2740 quibus
1335 2700 1538 2740 conjectura
1560 2699 1609 2732 fa-

905 2750 971 2780 cile
987 2747 1046 2780 fit:
1073 2758 1148 2790 quae
1175 2757 1238 2789 ego
1263 2748 1296 2778 iu
1321 2748 1386 2779 illis
1403 2758 1478 2780 esse
1494 2750 1607 2791 video,

904 2802 944 2831 ut
958 2798 1125 2832 confidam
1140 2798 1214 2831 fore
1231 2798 1292 2839 ita,
1308 2803 1346 2830 ut
1364 2799 1527 2832 volumus.
