1966 3302
343 237 428 278 996
835 246 874 275 P.
907 244 1147 274 TERENTH
1182 244 1300 275 AFR!

344 346 442 375 erant
457 353 464 373 :
489 342 515 372 si
532 342 619 379 Inde,
634 350 652 371 e
668 340 775 371 multo
791 338 919 380 majore
937 348 1067 370 summa
1083 339 1187 369 sumit
1203 338 1310 369 minas
1326 337 1478 379 triginta.
1524 337 1616 370 Quin
1632 342 1669 369 et
1683 338 1801 370 Don‘a·

345 392 413 424 tus,
427 386 453 416 si
470 385 615 415 animum
632 382 802 420 attendas,
818 382 959 422 legebat
972 382 1060 413 Inde.
1107 385 1116 398 ‘
1130 381 1171 412 Id
1189 391 1316 412 sumam
1332 392 1339 410 ι
1357 390 1423 412 non
1434 380 1664 418 fructum‚sed
1681 391 1801 422 argen-

346 429 439 460 tum.⁷
483 428 537 459 Sic
553 426 653 457 hodie
667 426 817 457 editum:
842 425 915 462 sed,
932 425 994 455 nisi
1013 425 1091 456 Inde
1106 424 1297 464 scripseris,
1313 423 1529 463 putidissima
1543 424 1719 456 annotatio
1735 429 1800 455 est.

346 473 431 505 Quis
449 471 537 502 enim
555 469 775 507 dubitaverit,
790 478 855 499 non
872 468 1035 508 conjungi
1059 470 1068 485 ‘
1087 467 1128 498 Id
1145 466 1293 498 fructum
1307 467 1330 498 ?'
1362 468 1524 498 Ceterum
1540 467 1650 507 prima
1664 467 1718 498 hic
1733 467 1801 508 syl-

345 515 422 546 laba
442 523 507 544 non
525 512 629 553 priori
644 511 755 543 versui
774 509 979 551 applicanda
995 514 1059 549 est,
1073 510 1132 541 sed
1151 510 1250 550 primi
1266 510 1362 550 pedis
1377 509 1518 540 licentia
1541 510 1550 527 ‘
1565 508 1673 541 Inde’
1697 509 1801 542 corri-

344 559 448 599 pitur.
470 557 569 588 Bent.
614 555 742 587 Sumam
756 554 827 585 inde
841 554 940 586 Both.
986 553 1064 584 Inde
1078 563 1197 584 sicnwm
1210 553 1303 585 Peri.
1350 553 1389 584 Id
1403 551 1520 584 Guelf.
1536 555 1567 584 2.
1582 555 1614 583 3.

719 808 921 851 ACTUS
956 809 1039 850 IV.
1101 807 1308 851 SCENA
1339 806 1425 848 IV.

861 932 1105 963 ANTIPHO.
1146 933 1291 962 GETA.

348 1004 444 1047 AN.
476 1003 643 1045 GETA!
703 1000 793 1042 GE.
816 1000 961 1042 Hem!
1021 1003 1112 1042 AN.
1136 999 1257 1050 Quid
1278 999 1437 1053 egisti?
1499 997 1588 1040 GE.
1609 996 1805 1038 Emunxi

520 1074 699 1125 argento
722 1081 872 1110 senes.

348 1138 442 1181 AN.
474 1138 616 1181 Satin'
654 1138 699 1179 id
739 1137 836 1178 estse

524 1220 635 1248 sum.

349 1276 446 1319 AN.
478 1276 574 1317 Eho
593 1276 601 1316 !
634 1275 832 1324 verbero,
855 1273 978 1314 aliud
999 1273 1107 1314 mihi
1127 1272 1388 1326 respondes,
1411 1284 1463 1313 ac
1485 1283 1606 1323 rogo.

350 1345 440 1387 GE.
473 1344 596 1396 Quid
631 1355 732 1396 ergo
768 1341 953 1383 narras?
1029 1339 1123 1381 AN.
1157 1339 1279 1391 Quid
1312 1352 1394 1392 ego
1426 1338 1617 1380 narrem!
1665 1349 1803 1391 opera

524 1418 602 1455 tua

354 1481 430 1523 Ad
450 1481 600 1523 restim
622 1479 726 1521 mihi
747 1478 924 1533 quidem
946 1489 1015 1517 res
1037 1476 1166 1517 rediit
1187 1474 1473 1529 planissume.
1782 1473 1811 1513 5

355 1549 420 1591 Ut
440 1554 486 1604 te
509 1548 687 1603 quidem
709 1559 856 1587 omnes
882 1545 956 1595 Di,
981 1544 1195 1598 Deaeque,
1218 1543 1395 1596 Superi,
1416 1542 1566 1592 Inferi,

917 1135 1008 1177 GE.
1040 1135 1210 1177 Nescio
1249 1136 1420 1177 hercle:
1453 1138 1620 1176 tantum
1649 1132 1807 1187 jussus

398 1673 468 1706 AN.
505 1673 599 1703 Geta.
645 1670 712 1702 GE.
740 1668 845 1702 Hem!
890 1668 960 1700 ΑΝ.
996 1668 1081 1704 Quid
1094 1665 1231 1706 fecisti?
1278 1666 1345 1697 Gn.
1383 1665 1510 1705 Nempe,
1534 1663 1584 1694 uti
1609 1663 1815 1703 intenderam,

354 1716 579 1756 Demiphonem
595 1718 624 1746 et
643 1715 837 1745 Chremetem
858 1713 979 1743 delusos
997 1715 1127 1750 argento
1143 1710 1282 1750 spoliavi.
1328 1708 1399 1740 ΑΝ.
1423 1707 1550 1738 Satisne
1575 1706 1610 1736 id
1625 1708 1671 1736 est
1685 1709 1698 1736 ?
1742 1705 1815 1738 Gn.

356 1761 422 1792 Per
436 1760 606 1790 Herculem
626 1767 686 1788 non
701 1760 753 1787 sat
767 1756 828 1787 scio
843 1765 883 1786 an
899 1756 978 1786 satis
989 1754 1128 1795 pecuniae
1147 1753 1302 1784 Phaedriae
1316 1752 1408 1783 elicui
1420 1762 1432 1788 ‚·
1453 1751 1508 1782 sed
1521 1750 1619 1780 solum
1637 1749 1715 1779 hanc
1729 1758 1813 1780 sum-

355 1814 437 1835 mam
458 1802 536 1833 mihi
561 1802 744 1832 mandatura
768 1799 815 1830 est
835 1803 870 1829 ut
893 1798 1086 1839 conficerem,
1111 1807 1201 1837 quam
1217 1795 1320 1827 lenoni
1333 1796 1433 1826 daret.
1477 1792 1547 1824 ΑΝ.
1570 1792 1651 1831 Eho,
1665 1790 1814 1832 flagrio!

355 1847 441 1877 uliud
457 1845 533 1876 mihi
546 1845 720 1885 respondes,
735 1846 825 1883 atque
840 1852 859 1872 a
878 1845 908 1872 te
922 1844 1047 1882 quoero?
1092 1839 1161 1871 GE.
1184 1839 1235 1870 De
1250 1849 1309 1879 qna
1325 1847 1358 1870 re
1374 1846 1448 1876 ergo
1463 1832 1618 1876 loqueris?
1661 1833 1731 1865 ΑΝ.
1763 1834 1814 1865 De

355 1900 415 1929 qua
427 1899 461 1920 re
477 1898 532 1927 ego
548 1889 672 1928 loquor?
693 1895 748 1926 per
763 1889 792 1916 te
806 1885 838 1916 id
847 1884 971 1922 factum
986 1887 1042 1919 est,
1058 1886 1093 1914 ut
1109 1884 1149 1914 ad
1161 1884 1298 1922 laqueum
1313 1890 1382 1920 spes
1396 1889 1463 1910 mea
1477 1878 1546 1916 jam
1561 1876 1658 1908 omnis
1671 1877 1737 1908 sine
1751 1877 1816 1907 ulla

356 1933 547 1964 dubitatione
562 1931 686 1971 penitus
701 1929 827 1960 redacta
843 1928 896 1959 sit.
948 1927 1077 1958 Utinam
1092 1926 1230 1966 equidem
1257 1928 1287 1955 te
1309 1924 1382 1962 Dii,
1405 1923 1544 1962 Deaeque
1558 1929 1672 1960 omneS,
1687 1919 1814 1960 Superi,

970 2014 1208 2026 eeeeeomaeoo

400 2090 444 2121 In
468 2089 568 2120 Both.
584 2087 679 2128 prior
693 2087 804 2117 Scena
819 2084 1113 2116 continuatur.--—l
1141 2081 1274 2113 Nonius
1291 2080 1323 2110 in
1342 2089 1371 2111 v.
1394 2079 1403 2096 ‘
1416 2076 1574 2118 emungi‚’
1599 2080 1634 2107 et
1652 2084 1766 2106 rursus
1785 2083 1816 2106 v.

359 2135 369 2151 ‘
383 2131 591 2174 emungere,'
614 2140 715 2162 senem
730 2129 842 2160 habet.
864 2128 1026 2158 Bent.—2
1048 2125 1209 2157 Meliores
1226 2123 1335 2154 nostri
1352 2131 1475 2162 magno
1492 2129 1646 2158 numero,
1661 2118 1754 2150 Satin
1769 2121 1815 2149 est

357 2174 416 2208 id?
434 2177 553 2207 Recte.
570 2175 668 2205 Idem.
694 2173 750 2203 lta
763 2177 797 2202 et
812 2172 872 2202 ΒΥ.
885 2170 1051 2201 Belin—4
1078 2169 1163 2204 Quid
1178 2177 1233 2207 ego
1248 2176 1371 2198 narrem
1385 2174 1479 2206 opera
1494 2166 1570 2194 tua?
1592 2163 1718 2193 Br.-5
1735 2160 1814 2200 Bip.

356 2220 393 2252 τὸ
409 2220 461 2250 Ad
475 2229 521 2250 vs.
540 2218 643 2259 priori
661 2215 823 2256 adjungit.
856 2216 865 2231 ‘
884 2214 972 2253 Lege
988 2212 1071 2243 redit
1088 2221 1149 2252 pro
1166 2211 1274 2249 rediit,
1289 2212 1324 2240 et
1341 2209 1390 2239 sic
1407 2208 1465 2239 Pr.
1484 2216 1516 2247 p.
1532 2204 1618 2236 757!
1640 2205 1738 2235 Bent.
1755 2203 1816 2234 Se-

361 2264 477 2304 quitur
499 2262 666 2293 Rom—6
689 2259 779 2291 Dele
795 2257 877 2289 illud
903 2266 971 2296 que,
985 2255 1087 2297 quod,
1103 2264 1179 2285 cum
1207 2253 1319 2284 versui
1343 2249 1413 2283 tum
1439 2249 1621 2290 elegantiae
1644 2247 1816 2278 inimicum

362 2311 427 2338 est.
473 2305 510 2337 Si
527 2305 659 2342 ultima,
675 2306 772 2334 certe
788 2306 822 2332 et
836 2300 964 2341 priora,
976 2309 1037 2340 per
1050 2298 1241 2339 asyndeton
1255 2296 1322 2327 dici
1334 2294 1473 2326 debent.
1517 2293 1564 2324 Et
1575 2292 1624 2322 sie
1638 2289 1748 2322 codex
1762 2298 1818 2321 ve-

1019 2387 1051 2418 N
1058 2385 1160 2417 OTAE

1120 2455 1190 2482 tum
1205 2447 1374 2487 hauseris3
1391 2446 1518 2478 nullam
1530 2451 1609 2475 vero
1624 2441 1691 2473 mei
1701 2449 1818 2472 curam

1120 2500 1298 2533 habueris?
1335 2497 1521 2539 respondet
1557 2498 1671 2526 autem
1715 2491 1820 2531 Geta,

409 2461 424 2489 1
451 2456 592 2488 Emunxi
607 2458 737 2496 argento
752 2454 854 2494 senes]
888 2453 945 2485 Sic
961 2453 1063 2484 Plau-

366 2514 418 2540 tus
434 2509 468 2539 in
486 2506 644 2548 Epidico,
668 2510 747 2537 actu
761 2514 817 2537 111.
840 2515 890 2536 sc.
905 2508 937 2536 4.
968 2505 976 2521 ‘
996 2503 1066 2535 Ho-

365 2570 419 2591 rno
445 2569 493 2597 es,
509 2558 576 2591 Qui
599 2567 652 2589 me
676 2555 861 2588 emunxisti
883 2554 1066 2595 mucidum,

368 2610 494 2640 minimi
512 2608 628 2650 preti.'

409 2664 429 2691 2
452 2660 553 2691 Satin’
583 2661 616 2690 id
632 2662 695 2690 est?
719 2680 726 2688 .
744 2682 751 2689 .
769 2680 778 2688 .
796 2680 804 2689 .
821 2660 943 2688 tantum
958 2655 1066 2694 jussus

366 2710 449 2750 sum]
473 2710 577 2741 Ludit
591 2708 768 2740 Terentius
792 2708 825 2738 in
842 2706 1065 2747 ambiguitate

368 2761 541 2792 orationis.
573 2761 716 2791 Dixerat
747 2757 914 2799 Antipho,
937 2756 1065 2788 satisne

369 2818 469 2854 putas
481 2817 513 2844 te
526 2810 658 2851 fecisse,
671 2809 760 2851 quod
775 2820 792 2841 a
801 2808 936 2842 senibus
948 2817 1067 2849 argen-

1122 2552 1216 2594 quasi
1232 2550 1384 2591 Antipho
1395 2550 1577 2590 quaereret,
1595 2554 1637 2576 an
1654 2547 1748 2576 tanto
1765 2551 1818 2573 ar-

1123 2608 1226 2644 gento
1262 2611 1360 2633 senes
1399 2598 1621 2635 emunxisset,
1651 2596 1817 2636 quantum

1123 2653 1295 2685 Phaedriae
1311 2651 1394 2683 satis
1405 2653 1516 2682 esset:
1542 2647 1618 2678 ideo
1635 2644 1719 2676 dicit
1736 2653 1745 2683 ;
1775 2651 1819 2674 an

1121 2704 1203 2736 satis
1219 2703 1263 2735 sit
1278 2702 1392 2733 nescio
1409 2711 1418 2739 ;
1448 2698 1509 2730 sed
1522 2700 1687 2739 quantum
1702 2694 1819 2735 jussus

1121 2765 1194 2787 sum
1211 2752 1407 2795 providere,
1418 2754 1550 2783 tantum
1562 2755 1614 2778 me
1631 2743 1822 2787 providisse

1123 2815 1205 2838 scio.
