1966 3302
564 198 778 230 HEGYRAE
812 199 921 229 Ac‘r.
956 199 998 230 v.
1030 198 1097 228 sc.
1130 199 1196 228 lv.
1513 191 1597 231 901

145 292 242 335 Etsi
259 294 346 336 hoc
377 295 627 336 meretrices
657 295 757 336 aliae
794 295 973 345 nolunt3
1004 307 1146 347 neque
1175 295 1291 339 enim
1327 299 1399 336 est
1428 295 1475 335 in
1507 308 1598 336 rem

317 366 528 412 nostram,

143 431 207 473 Ut
227 430 466 485 quisquam
488 435 656 472 amator
676 431 843 484 nuptiis
866 432 1065 473 laetetur:
1097 445 1262 481 verum,
1286 437 1481 481 ecastor,

142 497 387 552 Nunquam
408 498 601 538 animum
618 499 776 551 quaesti
798 499 938 551 gratia
959 499 1015 540 ad
1035 499 1178 540 malas
1196 499 1417 545 adducam
1433 503 1595 552 partes.

140 565 252 620 Ego,
278 565 384 606 dum
404 564 481 606 illo
501 565 669 606 licitum
690 564 757 616 'st‚
790 579 872 606 usa
905 579 999 607 sum
1035 567 1237 620 benigno,
1274 572 1317 608 et
1349 567 1515 621 lepido,
1551 572 1607 609 et.

314 634 443 675 comi.

139 700 424 747 Incommode
445 700 553 741 mihi
574 700 744 755 nuptiis
767 701 935 742 evenit:
966 700 1132 742 factum
1153 701 1306 743 fateor.
1537 703 1591 744 40

136 767 213 819 At,
233 770 326 822 pol,
346 783 416 810 me
438 769 600 810 fecisse
622 769 821 819 arbitror,
844 781 898 809 ne
917 768 962 809 id
983 769 1137 812 merito
1158 770 1266 810 mihi
1286 771 1492 812 eveniret.

141 835 293 878 Multa
314 850 371 878 ex
393 849 482 890 quo
502 836 661 877 fuerint
681 837 928 887 commoda,
964 838 1062 891 ejus
1096 839 1378 880 incommoda
1413 852 1588 893 aequom

308 903 367 946 ’st
384 904 509 949 ferre.

133 1016 308 1048 meretrices
332 1016 412 1047 talia
433 1016 673 1053 abominantur;
701 1026 797 1058 neque
819 1017 901 1047 enim
924 1016 1010 1047 nobis
1033 1016 1110 1047 utile
1136 1021 1182 1047 est
1203 1019 1238 1047 ut
1260 1018 1341 1049 ullus
1357 1019 1480 1058 quinos
1494 1024 1593 1060 amat,

134 1069 238 1091 autore
252 1060 353 1090 nostri
367 1063 475 1100 captus
489 1059 631 1090 laetz‘tz'am
644 1069 684 1090 ex
698 1060 817 1100 nuptiis
831 1060 935 1101 capiat
950 1069 1045 1090 uxore
1060 1063 1237 1091 contentus:
1261 1062 1315 1091 sed
1329 1071 1385 1101 per·
1400 1063 1496 1093 aedem
1515 1064 1593 1094 Cas-

133 1103 223 1141 toris,
246 1112 402 1142 nunquam
419 1103 502 1133 lucro
525 1102 656 1142 impulsa
672 1103 712 1132 ad
732 1104 847 1133 malum
872 1106 1002 1133 mentem
1018 1103 1187 1143 applicabo.
1234 1104 1315 1143 Ego,
1332 1105 1405 1135 dum
1419 1114 1592 1137 concessum

123 1145 205 1185 fait,
219 1146 305 1176 illam
317 1145 411 1176 habui
427 1145 594 1182 liberalem,
609 1145 732 1180 scitum,
741 1145 906 1184 festivum,
923 1149 950 1176 et
964 1155 1088 1177 suavem
1101 1156 1176 1184 erga
1192 1156 1249 1178 me.
1296 1147 1500 1179 Incommodoe
1514 1149 1593 1180 mihi

131 1188 181 1218 Ιια>
206 1188 323 1228 nuptia>
345 1188 536 1227 acciderunt,
551 1188 680 1225 fateor:
703 1192 736 1218 at
756 1198 813 1228 per
831 1189 985 1219 Pollucem
1010 1189 1041 1219 id
1062 1189 1147 1219 nulla
1164 1199 1229 1219 mea
1243 1190 1344 1230 culpa,
1359 1190 1412 1230 quz'
1427 1201 1479 1222 eas
1493 1192 1588 1232 impe-

129 1231 197 1261 dire
211 1241 273 1262 non
286 1231 384 1271 potui.
429 1231 534 1262 Multa
548 1232 735 1262 incommoda
747 1231 885 1268 ferenda
897 1234 968 1262 sunt
983 1231 1058 1272 ejus,
1072 1242 1091 1262 a
1105 1242 1163 1272 qno
1178 1233 1276 1263 multa
1291 1233 1439 1274 beneficia
1463 1238 1589 1276 accepta

131 1277 217 1305 sunt·

746 1335 982 1348 mmm

130 1403 302 1440 claudicet
316 1413 457 1444 caesura,
470 1404 660 1445 opitulatur
672 1405 773 1436 Bent.
789 1404 934 1444 legendo
951 1415 1010 1436 non
1025 1405 1128 1435 volunt
1145 1405 1225 1436 alioe.
1248 1405 1350 1436 Both.
1364 1406 1444 1437 alias
1458 1408 1562 1440 nolunt
1574 1421 1587 1446 ‚-

128 1448 187 1479 Br.
204 1447 333 1478 omittit
348 1448 526 1478 enim—37
553 1448 703 1488 Quisquis
729 1447 843 1479 Guelf.
872 1450 991 1479 2.—38
1014 1448 1175 1479 Adducam
1191 1448 1276 1479 citat
1288 1448 1455 1481 Priscian.
1470 1450 1587 1485 Instit.

129 1490 282 1522 Gramm.
308 1499 360 1522 vl.
388 1495 423 1521 et
450 1490 610 1529 Fulgent.
628 1492 670 1521 de
689 1491 801 1531 prisco
825 1500 969 1522 sermon.
986 1491 1019 1521 in
1037 1501 1068 1521 v.
1091 1491 1285 1522 Diobolares.
1321 1492 1418 1523 Lind.
1463 1494 1472 1510 ‘
1490 1494 1588 1527 Libri

129 1533 266 1574 quidam
288 1532 453 1564 inducam?
486 1534 681 1565 West.—-39
703 1535 712 1551 ‘
732 1534 852 1564 Comite
878 1533 933 1566 al.'
967 1534 1114 1565 Br.—40
1138 1534 1189 1564 De
1213 1534 1332 1574 nuptiis
1346 1534 1392 1566 G.
1420 1535 1534 1569 Guelf.
1553 1541 1585 1571 1.

127 1577 212 1608 Mss.
243 1575 311 1606 duo
337 1576 427 1616 apud
446 1576 554 1607 Baecl.
579 1584 615 1607 et
632 1577 680 1608 sic
697 1577 755 1607 ΒΓ.
772 1587 833 1617 pro
850 1577 893 1617 gl.
916 1577 925 1594 ‘
942 1577 980 1608 de
1006 1576 1095 1618 quod
1121 1576 1334 1608 desideratur
1361 1578 1394 1608 in
1422 1580 1582 1622 vulgatis,

127 1623 305 1659 comparet
327 1619 360 1649 in
386 1619 513 1649 nostris
530 1619 684 1650 omuibus
712 1619 914 1660 videturque
942 1619 1139 1660 absorptum
1166 1629 1185 1651 a
1211 1620 1429 1660 praecedente
1454 1620 1584 1656 verbo?

125 1663 228 1693 Both.
241 1661 296 1702 qui
314 1661 420 1692 edidit
435 1661 626 1694 Incommode
642 1664 679 1694 de
694 1663 811 1702 nuptiis
822 1663 864 1693 mi
881 1662 1078 1695 evenit.—4l
1103 1664 1112 1680 ‘
1127 1663 1167 1694 Id
1183 1662 1281 1695 abest
1295 1673 1314 1695 a
1330 1665 1444 1696 multis
1461 1666 1582 1698 Codd.'

129 1705 226 1737 West.
249 1704 348 1737 abest
363 1714 380 1735 a
393 1705 453 1736 ΒΓ.
471 1705 553 1737 GM.

511 1935 715 1978 ACTUS
748 1937 807 1980 V.
867 1937 1073 1980 SCENA
1106 1938 1188 1979 IV.

405 2064 712 2096 PAMPHILUS.
759 2066 1016 2096 PARMENO.
1064 2066 1289 2097 BACCHIS.

120 2139 248 2182 PAM.
277 2140 340 2184 V1
350 2152 426 2192 DE,
449 2142 507 2183 mi
529 2142 764 2193 Parmeno,
797 2143 929 2189 etiam
951 2144 1100 2194 sodes,
1136 2150 1187 2185 ut
1208 2145 1312 2191 mihi
1334 2144 1432 2187 haec
1453 2148 1570 2187 certa

292 2211 336 2249 et
356 2210 475 2250 clara
498 2210 717 2261 attuleris,

121 2273 192 2316 Ne
214 2288 284 2317 me
304 2277 349 2318 in
368 2278 498 2320 breve
522 2278 735 2333 conjicias
757 2282 947 2332 tempus,
969 2279 1129 2332 gaudio
1146 2279 1229 2320 hoc
1250 2279 1365 2325 falso
1384 2280 1486 2323 frui.

161 2385 260 2418 ΡΑΜ.
300 2386 391 2426 Vide,
405 2388 449 2419 mi
465 2389 633 2427 Parmeno,
648 2389 753 2429 etiam,
767 2399 880 2430 quaeso,
895 2393 931 2421 ut
946 2389 1023 2421 mihi
1045 2399 1119 2421 vera
1134 2393 1164 2421 et
1180 2390 1345 2427 manifesta
1359 2392 1554 2422 nunciat-eris
1564 2405 1573 2423 .-

117 2437 155 2460 ηε
175 2429 271 2461 mein
295 2429 397 2462 brevis
422 2432 568 2473 temporis
580 2433 742 2473 angustias
756 2432 918 2474 impellas,·
941 2434 1013 2464 dum
1028 2433 1082 2464 hoc
1098 2433 1183 2471 falso
1196 2434 1311 2473 gaudio
1326 2434 1433 2472 fruar.
1481 2435 1574 2467 PAR.

725 2530 742 2541 Ι

159 2593 177 2622 1
202 2591 255 2622 Mi
279 2590 376 2623 deest
401 2592 434 2623 in
460 2594 577 2625 Guelf.
605 2598 700 2629 1.-2
723 2597 808 2629 Mss.
837 2597 904 2629 duo
920 2597 1009 2629 breve
1023 2597 1057 2628 in
1073 2597 1128 2628 hoc
1143 2596 1303 2637 conjicias,
1330 2597 1433 2628 etiam
1451 2599 1573 2630 tertius

115 2633 220 2665 habet
234 2635 300 2673 hoc,
327 2635 392 2666 alio
409 2637 588 2668 verborum
613 2640 737 2678 positu.
763 2641 863 2671 Boecl.
897 2641 952 2672 hoc
969 2645 1004 2671 et
1023 2641 1080 2672 ΒΓ.
1124 2641 1134 2658 ‘
1149 2641 1200 2671 Ne
1215 2650 1261 2671 me
1276 2641 1309 2671 in
1325 2640 1415 2672 breve
1430 2642 1576 2681 conjicias

114 2679 244 2716 tempus,
253 2678 368 2716 gaudio
383 2678 531 2716 hoe-falso
545 2680 634 2721 frui]
658 2682 825 2714 Mirificus
838 2683 1016 2714 verborum
1034 2682 1118 2714 ordo
1135 2688 1171 2714 et
1183 2684 1404 2716 constructio.
1447 2685 1574 2716 Sensus

115 2724 189 2750 est:
215 2720 266 2751 Ne
280 2730 327 2751 me
342 2721 487 2759 conjicias
501 2723 658 2761 infulsum
676 2729 706 2755 et
722 2726 810 2756 breve
822 2726 984 2765 gaudium.
1017 2725 1185 2767 quomodo
1202 2726 1329 2757 Heaut.
1346 2736 1386 2758 11.
1404 2730 1434 2758 3.
1452 2731 1505 2759 51.
1524 2729 1575 2759 Ne

115 2772 160 2792 me
177 2762 207 2792 in
224 2762 369 2795 laetiliam
387 2765 516 2803 frustra
541 2767 698 2804 conjicias.
743 2769 1034 2810 Simplicissimmu
1050 2768 1140 2801 forte
1157 2768 1278 2811 fuerit,
1293 2774 1458 2811 statuere,
1473 2771 1575 2802 ratio-
