1966 3302
284 209 368 253 680
776 229 818 260 P.
851 229 1093 262 TEREN'rn
1129 233 1245 264 Arm

286 317 465 360 Pudore
484 324 526 362 et
547 321 813 365 liberalitate
833 325 997 367 liberos

286 383 494 429 Retinere
517 391 657 431 satius
674 405 768 433 esse
789 393 933 445 credo,
951 408 1081 449 quam
1103 402 1235 439 metu.

285 451 402 494 Haec
423 455 542 497 fratri
561 471 729 500 mecum
750 473 837 501 non
857 463 1132 514 conveniunt,
1154 479 1294 519 neque
1315 467 1508 521 placent.

284 519 423 563 Venit
439 522 493 563 ad
513 538 580 565 me
602 538 741 580 saepe,
762 529 1015 572 clamitans:
1048 531 1170 582 Quid
1192 535 1300 586 agis,
1325 536 1497 579 Micio?
1677 539 1736 581 35

284 589 373 631 Cur
393 591 542 644 perdis
565 593 887 638 adolescentem
909 599 1070 640 nobis?
1103 613 1179 641 cur
1199 607 1317 644 amat
1331 603 1350 642 ‘t

284 657 373 699 Cur
393 662 553 712 potat?
585 675 663 703 cur
681 667 726 704 tu
746 663 814 704 his
833 666 963 707 rebus
983 672 1176 708 sumtum
1201 671 1429 723 suggeris?

283 725 454 768 Vestitu
475 729 612 770 nimio
632 721 856 786 indulge&
886 734 1067 776 nimium
1089 737 1260 795 ineptus
1282 752 1344 779 es.

283 794 482 837 Nimium
502 797 599 850 ipse
618 803 687 839 est
708 799 855 851 durus,
871 808 1035 855 praeter
1055 792 1314 860 aequumque
1335 810 1376 849 et
1394 808 1576 851 bonum:

283 863 345 904 Et
359 867 472 904 errat
490 864 631 918 longe,
652 879 749 908 mea
769 868 943 921 quidem
965 872 1201 921 sententia,
1677 879 1734 919 40

283 929 374 980 Qui
394 931 622 985 imperium
643 934 793 976 credat
812 937 988 989 gravius
1007 951 1120 988 esse,
1143 943 1216 980 aut
1236 941 1458 991 stabilius,

283 997 343 1038 Vi
366 1000 483 1052 quod
504 1000 568 1051 fit,
591 1015 723 1055 quam
743 1003 865 1054 illud,
893 1006 1014 1058 quod
1037 1007 1232 1048 amicitia
1252 1007 1515 1062 adJungitur.

284 1066 391 1108 Mea
412 1068 477 1109 sic
497 1074 564 1111 est
584 1071 714 1121 ratio,
734 1077 775 1113 et
792 1073 856 1125 sic
877 1075 1069 1115 animum
1087 1076 1250 1117 induco
1271 1089 1439 1118 meum:

283 1131 607 1179 Malo'anctus
625 1139 702 1193 qui
723 1153 851 1187 suum
871 1140 1059 1183 officium
1080 1142 1203 1193 facit,

282 1258 341 1288 lius
363 1269 426 1292 esse
448 1270 563 1302 censeo,
583 1264 763 1295 verecundia
779 1267 809 1295 et
823 1264 945 1297 liberali
958 1266 1118 1297 clementia
1131 1277 1198 1298 eum
1212 1277 1340 1299 avocare
1354 1278 1373 1299 a
1388 1268 1485 1310 vitiis,
1504 1280 1596 1311 quam
1611 1270 1732 1301 timore.

282 1300 364 1333 Haec
390 1314 450 1334 non
471 1304 517 1335 ita
531 1305 648 1345 fratri,
665 1311 699 1337 ut
715 1308 804 1346 mihi,
818 1308 961 1339 videntur
976 1309 1173 1347 observanda,
1186 1321 1281 1350 neque
1295 1311 1474 1351 probantur.
1518 1313 1577 1344 Itte
1591 1323 1671 1353 soepe
1685 1322 1733 1344 me

279 1347 420 1377 convenit
442 1348 633 1386 vociferans.-
666 1350 751 1385 Quid
767 1351 864 1389 fucis,
887 1350 1010 1383 ,Mic-io?
1031 1362 1086 1383 cur
1109 1353 1194 1384 nobis
1216 1356 1385 1394 corrumpis
1397 1354 1527 1396 filium?
1548 1366 1602 1387 cur
1615 1360 1734 1387 sumtus

281 1387 336 1418 {lus
348 1389 388 1426 ei,
406 1393 439 1420 ut
452 1393 566 1422 amicas
577 1391 714 1424 habeat?
738 1397 772 1424 ut
788 1395 820 1424 in
835 1394 1046 1433 potationibus
1059 1405 1092 1426 se
1107 1400 1246 1436 mergat?
1268 1408 1321 1427 cur
1336 1399 1515 1429 vestimenta
1527 1399 1733 1440 splendidiora

280 1434 311 1460 et
323 1432 416 1462 nimio
430 1434 614 1473 pretiosiora
629 1436 757 1474 largiris
767 1434 783 1467 ?
804 1437 897 1467 nimis
907 1438 1117 1478 imprudenter
1131 1449 1199 1470 eum
1212 1441 1390 1471 moderaris.
1429 1441 1488 1472 Ille
1498 1452 1568 1472 vero
1583 1441 1735 1483 (Demea)

280 1475 418 1521 asperior
447 1480 504 1516 est,
530 1481 559 1508 et
583 1479 695 1509 soem'or
717 1479 786 1520 plus
809 1490 894 1520 oequo
909 1484 939 1511 et
955 1481 1031 1511 bono
1043 1491 1054 1517 ,·
1077 1485 1106 1512 et
1124 1483 1210 1513 valde
1227 1482 1358 1520 fallitur
1378 1484 1424 1513 ica
1443 1485 1613 1524 sentiendo,
1626 1488 1662 1515 ut
1676 1493 1733 1523 ego

280 1518 402 1556 qualem
417 1520 537 1559 opinor,
552 1521 730 1563 quicumque
744 1522 804 1553 sibi
816 1524 982 1563 persuadet
998 1524 1171 1565 imperium,
1184 1527 1263 1565 quod
1283 1536 1351 1556 cum
1365 1526 1512 1557 violentia
1535 1527 1687 1568 quaeritur
1700 1530 1732 1558 et

282 1565 452 1599 exercetur,
468 1573 532 1594 esse
546 1564 668 1602 fortius
691 1569 720 1596 et
736 1565 925 1606 diuturnius,
939 1576 1030 1607 quum
1052 1566 1129 1598 illud
1144 1569 1223 1608 quod
1237 1578 1339 1599 amore
1364 1569 1556 1602 conciliatur.
1602 1571 1674 1609 Ego
1687 1572 1734 1600 sic

281 1611 361 1643 reor,
384 1607 531 1647 credoque
539 1617 551 1644 ,-
572 1608 626 1648 qui
641 1608 671 1638 vi
686 1611 740 1639 aut
755 1610 937 1641 necessitate
951 1610 1095 1650 adigitur
1110 1611 1150 1641 ud
1163 1620 1252 1641 suum
1269 1611 1451 1649 faciendum
1464 1613 1606 1654 officium,
1621 1613 1734 1644 tantis-

884 1696 1124 1710 eeaeaeeeaeeoeee

282 1757 383 1789 Bent.
412 1758 616 1790 connubium
649 1759 754 1791 futuri
786 1759 933 1801 perfecti
961 1765 996 1792 et
1025 1761 1230 1802 imperfecti,
1257 1762 1425 1794 insueret-it
1449 1766 1504 1794 aut
1528 1763 1666 1805 audebit,
1688 1774 1731 1796 ex

281 1801 355 1841 ipsa
372 1810 407 1832 re
424 1807 561 1839 natum3
585 1803 641 1843 qui
658 1804 711 1834 vel
729 1803 807 1834 olim
825 1804 1022 1844 insueverit,
1038 1806 1091 1836 vel
1107 1805 1249 1846 primum
1267 1805 1417 1837 audebit.
1432 1806 1541 1837 Boecl.
1565 1807 1648 1848 legit
1663 1808 1733 1846 sul-

279 1844 341 1875 lcre
357 1844 522 1876 insueverit
541 1846 671 1876 Patrem
686 1849 774 1877 tanto
788 1847 889 1886 magis
902 1847 929 1877 is
943 1849 1015 1878 aud.
1031 1849 1082 1887 ὅγε.
1129 1849 1324 1890 Sequuntur
1345 1858 1420 1879 eum
1437 1849 1527 1880 intes·
1543 1850 1625 1880 alios
1640 1850 1731 1882 Dae.

282 1891 317 1917 et
341 1887 509 1920 Miner-us.
536 1889 612 1929 Rip.
637 1899 712 1929 quae
737 1890 797 1920 dat
819 1890 997 1921 insueverit.
1042 1891 1142 1922 Both.
1169 1892 1247 1922 dat:
1272 1895 1325 1922 aut
1342 1891 1415 1930 fall.
1439 1892 1591 1923 institerit
1612 1898 1732 1933 patrem

282 1930 418 1970 Audere,
441 1934 529 1962 tanto
544 1931 646 1971 magis
660 1933 785 1964 audebit
802 1936 1014 1964 ceteros.—-35
1039 1934 1196 1974 Quinque
1212 1935 1313 1965 hosce
1335 1944 1452 1965 versus
1479 1935 1595 1966 laudat
1611 1936 1733 1968 Cicero

281 1972 324 2002 de
342 1974 477 2005 Iuvent.
506 1984 530 2006 1.
555 1977 606 2005 19.
647 1975 736 2015 Guy.
764 1981 879 2007 tamen
906 1976 1040 2006 clamans
1066 1976 1218 2017 praefert.
1246 1978 1348 2009 West.
1397 1977 1488 2009 Venit
1513 1987 1593 2018 soepe
1621 1980 1661 2010 ad
1685 1989 1735 2010 me

280 2013 460 2057 clamitans]
484 2018 528 2048 Et
546 2018 613 2049 Do.
629 2022 665 2048 et
681 2019 777 2050 Bem.
794 2023 828 2049 et
845 2019 923 2050 Bas.
941 2023 977 2049 et
994 2018 1050 2050 Vi.
1067 2024 1101 2050 et
1118 2020 1212 2051 multi
1230 2020 1299 2058 alii,
1321 2020 1366 2051 ita
1383 2020 1564 2060 collocant,
1585 2021 1678 2053 Venit
1693 2023 1734 2053 ad

278 2068 337 2090 me.
362 2060 421 2091 Fa.
467 2060 585 2091 Nostri
601 2070 735 2102 quoque
756 2061 843 2092 Venit
856 2063 896 2093 ad
910 2072 979 2098 me;
1000 2062 1183 2098 clamitans,-
1205 2063 1295 2104 quod
1311 2068 1423 2094 tamen
1446 2073 1563 2095 versus
1589 2065 1733 2105 respuit.

281 2102 434 2142 Repone,
456 2103 728 2136 emmaum-Rem.
772 2105 933 2144 Clamores]
955 2104 1011 2136 Al.
1037 2105 1213 2144 clamitans,
1238 2105 1327 2146 quod
1353 2111 1521 2146 repugnat
1539 2112 1671 2139 metro:
1697 2112 1734 2140 et

279 2143 409 2177 frustra
423 2146 639 2177 interciditur
656 2156 674 2177 a
697 2148 707 2165 ⁴
724 2147 842 2187 saepe‚'
866 2148 954 2189 quod
971 2148 1026 2178 alii
1044 2153 1248 2189 pra-ponunt
1265 2147 1377 2180 verbis
1394 2151 1404 2166 ⁶
1418 2149 1460 2180 ad
1487 2149 1563 2182 me.7
1607 2151 1734 2183 Quam·

281 2187 330 2218 vis
346 2192 457 2219 autem
475 2193 511 2220 et
526 2190 594 2221 Do.
611 2190 701 2229 legat
725 2191 765 2221 ad
792 2200 840 2221 me
864 2200 945 2231 ,ηερε
963 2192 1137 2230 clamitans,
1160 2191 1329 2233 sequimur
1352 2198 1464 2223 tamen
1489 2202 1564 2223 cum
1582 2192 1673 2234 Guy.
1695 2199 1732 2225 et

279 2230 383 2262 Bent.
397 2231 500 2262 metri
516 2232 674 2263 rationes.
698 2233 775 2274 Bip.
802 2243 877 2275 quae
905 2234 965 2264 dat
987 2234 1123 2265 clamans
1148 2244 1223 2265 cum
1239 2235 1342 2265 Both.
1360 2235 1535 2266 l'erl.—37
1559 2236 1644 2268 Mss.
1659 2232 1732 2276 qui-

281 2273 358 2305 dam
375 2279 411 2305 et
427 2274 533 2306 editi:
557 2278 686 2306 sumtus.
710 2277 820 2307 West.
866 2275 983 2317 Aliqui
1003 2276 1091 2312 libri,
1114 2276 1203 2308 inter
1230 2287 1311 2318 quos
1336 2277 1531 2316 Bembinus,
1551 2278 1634 2309 item
1660 2279 1733 2313 DQ-

278 2321 400 2348 natus:
421 2321 569 2349 sumtum.
592 2318 751 2351 Faernus.
797 2319 912 2350 Nostri
928 2329 1043 2350 omnes
1057 2323 1185 2351 sumtus.
1209 2321 1312 2351 Bent.
1349 2320 1476 2351 Sumtus
1492 2320 1551 2351 ΒΥ.
1589 2320 1733 2353 Sumtum

279 2359 371 2391 rebus
396 2360 584 2393 Rom—38
613 2361 753 2401 Vestitu]
785 2361 840 2392 Ita
867 2362 954 2393 dixit
979 2372 1051 2403 pro,
1074 2363 1215 2402 vestitui,
1239 2362 1329 2404 quod
1357 2362 1391 2394 in
1416 2372 1482 2394 uno
1510 2363 1578 2394 Ms.
1602 2364 1732 2405 reperit

281 2403 470 2435 Boeclerus.
513 2404 604 2434 Mur.
628 2414 705 2434 cum
722 2405 811 2445 Guy.
839 2405 969 2436 nimium
993 2405 1195 2436 defendunt.
1241 2406 1281 2437 In
1299 2405 1534 2437 vetustissimis
1561 2406 1653 2438 libris
1677 2411 1731 2438 est

279 2446 437 2486 indulgis:
460 2446 548 2487 quod
563 2456 604 2477 ex
622 2447 718 2477 Bem.
735 2447 855 2479 laudat
870 2449 908 2479 F.
926 2448 964 2479 F.
992 2447 1092 2480 West.
1139 2448 1293 2480 Vestitum
1307 2448 1436 2481 nimium
1451 2448 1566 2480 Guelf.
1582 2451 1613 2481 2.
1657 2449 1730 2481 Ves-

280 2488 344 2519 titu
356 2489 486 2519 nimium
503 2489 603 2520 Both.
619 2490 833 2529 Deum—39
857 2491 954 2522 Bodl.
971 2496 1005 2522 et
1023 2491 1094 2522 ΕΡ.
1109 2500 1184 2522 cum
1201 2491 1275 2522 EA.
1301 2501 1422 2532 «equum
1447 2494 1477 2522 ct
1499 2491 1626 2523 bonum:
1648 2502 1732 2533 quo·

280 2531 381 2562 modo
406 2537 439 2562 et
457 2541 572 2562 omnes
591 2532 674 2563 Mss.
693 2533 851 2564 Boecleri.
898 2532 963 2564 Sed
989 2532 1027 2565 τὸ
1052 2533 1159 2575 ‘que’
1187 2539 1267 2565 ante
1295 2533 1373 2565 ‘et'
1398 2534 1641 2566 Terentianum
1667 2541 1731 2566 est.

286 2574 386 2606 West.
433 2574 573 2605 Nimium
593 2575 658 2615 ipse
681 2576 776 2606 durus
800 2575 862 2616 est]
891 2577 986 2607 Rem.
1011 2577 1218 2608 commodius
1247 2577 1356 2607 versui
1381 2577 1537 2617 collocat,
1557 2580 1603 2608 ext
1623 2578 1731 2610 durus.

282 2617 442 2648 Faernus.
486 2618 603 2648 Nostri
621 2627 748 2656 omnes,
760 2620 857 2650 durus
871 2624 927 2649 est.
966 2620 1103 2650 Poteris
1120 2625 1152 2651 et
1169 2621 1231 2650 hoc
1249 2621 1361 2658 modo,
1378 2620 1521 2650 Nimium
1533 2620 1599 2661 ipse
1609 2622 1730 2652 durust.

283 2660 444 2691 Ceterum
460 2660 549 2691 hunc
566 2669 698 2690 versum
715 2666 750 2691 et
767 2667 913 2701 quatuor
929 2663 1162 2702 praecedentes
1178 2663 1262 2693 citat
1279 2663 1401 2693 Cicero
1420 2662 1463 2693 de
1479 2662 1615 2694 Invent.
1632 2672 1658 2694 1.
1674 2666 1727 2694 19.

282 2703 337 2733 ubi
366 2703 528 2733 clamitans
554 2708 588 2734 et
610 2706 763 2743 sumptum
790 2708 826 2734 et
850 2706 947 2735 durus
974 2709 1031 2744 est,
1054 2705 1152 2736 hodie
1182 2704 1350 2736 feruntur.
1375 2705 1470 2736 Bent.
1518 2706 1585 2741 Que
1601 2705 1732 2738 omittit

283 2744 399 2775 Guelf.
416 2748 534 2776 2.-40
558 2746 600 2776 Et
616 2755 679 2776 err.
695 2747 779 2785 quid.
796 2756 837 2777 m.
852 2747 934 2785 long.
951 2749 1105 2779 sententia
1120 2747 1234 2780 Guelf.
1252 2751 1281 2778 l.
1328 2749 1370 2778 Ee
1397 2750 1480 2779 errat
1503 2748 1633 2779 multum
1646 2749 1728 2780 C.—

281 2790 323 2820 43
348 2788 422 2819 Meu
438 2791 484 2819 est
499 2788 543 2819 stc
558 2788 656 2829 ratio]
678 2789 722 2820 0.
738 2789 760 2820 Ι.
778 2799 805 2820 5.
823 2794 857 2820 et
871 2790 1039 2832 Donatus,
1065 2791 1136 2822 Mea
1150 2790 1196 2822 sic
1209 2794 1255 2822 est
1270 2791 1364 2822 ratio.
1388 2791 1446 2823 Fa.
1490 2790 1545 2822 Sic
1558 2796 1594 2823 et
1611 2791 1728 2824 nostri.
