1966 3302
564 255 790 287 EUNUcffl
826 255 936 285 Aer.
961 255 1001 283 v.
1035 254 1103 284 sc.
1127 253 1177 282 11.
1512 238 1594 279 507

143 355 208 396 Ut
229 353 421 396 solidum
442 365 639 407 parerem
661 351 744 392 hoc
765 350 869 391 mihi
890 348 1166 396 beneficium,
1187 345 1380 387 Chaerea.
1417 369 1420 372 «

142 418 230 463 CH.
262 420 323 462 At
340 433 452 460 nunc
474 419 629 460 dehinc
652 430 782 471 spero
805 422 1013 458 aeternam
1035 415 1145 455 inter
1165 427 1245 454 nos
1267 413 1452 466 gratiam

143 489 274 538 Fore,
294 487 449 528 Thais:
473 499 595 540 saepe
617 498 675 526 ex
695 483 948 539 hujusmodi
968 496 1014 524 re
1037 482 1262 536 quapiam,
1282 483 1325 520 ct

145 555 271 597 Malo
291 555 528 609 principio,
553 566 714 606 magna
733 552 1013 592 familiaritas
1544 544 1601 586 35

144 623 348 666 Conflata
367 627 458 663 est:
481 621 588 675 quid
611 621 649 662 si
669 620 752 661 hoc
774 619 998 673 quispiam
1019 617 1158 657 voluit
1180 615 1307 656 Deus
1322 614 1341 653 ’.Ρ

141 691 233 731 ΤΗ.
264 689 485 744 Equidem
506 689 580 742 pol
600 689 644 728 in
664 701 760 728 eam
784 691 951 739 partem
974 684 1256 736 accipioque,
1279 686 1323 721 et
1346 681 1464 721 volo.

146 758 235 801 CH.
267 759 408 799 Immo
428 758 492 798 ita
513 769 681 810 quaeso.
742 754 891 795 Unum
911 753 998 793 hoc
1021 753 1161 802 scit03
1184 748 1466 790 contumeliae

146 826 251 868 Non
270 839 340 867 me
358 825 517 866 fecisse
537 837 689 871 causa,
711 822 791 863 sed
812 821 989 862 amoris.
1049 819 1142 859 ΤΗ.
1176 817 1306 857 Scio:

147 894 205 937 Et
223 893 298 948 pol
318 896 549 948 propterea
569 904 698 945 mage
718 903 835 931 nunc
857 890 1038 941 ignosco
1063 887 1159 927 tibi.
1548 882 1605 924 40

150 962 257 1003 Non
279 961 392 1002 adeo
411 960 649 1002 inhumano
672 958 846 1011 ingenio
869 969 983 1005 sum,
1006 953 1207 1002 Chaerea,

149 1029 308 1083 Neque
325 1029 390 1070 ita
409 1029 627 1082 imperita,
647 1031 710 1076 ut,
732 1025 839 1079 quid
862 1036 984 1066 amor
1005 1022 1170 1071 valeat,
1191 1020 1399 1061 nesciam.

150 1097 237 1139 CH.
269 1096 336 1138 Te
353 1109 531 1150 quoque
545 1095 655 1149 jam,
676 1094 830 1143 Thais,
852 1093 915 1134 ita
933 1105 1001 1133 me
1023 1091 1083 1132 Di
1105 1091 1216 1130 bene
1239 1091 1398 1137 ament,
1421 1098 1536 1127 amo.

155 1166 243 1207 PY.
273 1165 388 1206 Tum
408 1164 483 1218 pol
504 1164 585 1204 tibi
608 1163 663 1204 ab
684 1163 811 1211 istoc,
829 1160 948 1210 hera,
972 1157 1221 1200 cavendum
1240 1154 1453 1206 intelligo,

155 1290 187 1317 et
201 1286 329 1327 reliquis
344 1285 478 1325 virginis
492 1285 643 1324 cognatis,
659 1288 693 1315 ut
709 1284 868 1323 integrum
889 1286 920 1314 et
945 1281 1114 1323 perfectum
1130 1280 1184 1310 hoc
1200 1276 1380 1318 beneficium
1395 1275 1562 1313 conferrem
1578 1276 1611 1306 in

157 1330 349 1361 Chremetem
365 1333 394 1360 et
411 1329 545 1367 virginis
560 1331 716 1367 cognatos.
763 1328 830 1358 CH.
855 1325 901 1356 At
926 1335 1005 1355 nunc
1030 1324 1142 1354 exinde
1164 1331 1254 1362 spero
1276 1323 1424 1350 (eternam
1441 1318 1515 1356 fore
1529 1318 1614 1349 inter

155 1382 210 1403 nos
232 1382 345 1411 omnes,
359 1381 418 1412 me,
434 1372 532 1410 illum,
554 1374 584 1402 et
607 1374 649 1410 te,
674 1369 925 1404 benevolentiam,
943 1366 1038 1399 Thais
1051 1378 1061 1402 ;
1083 1375 1156 1396 nam
1179 1373 1259 1403 soepe
1286 1373 1325 1393 ex
1349 1361 1446 1392 simili
1461 1370 1494 1391 re
1510 1361 1615 1401 aliqua

155 1415 344 1454 turbulenta,
359 1418 449 1454 atque
464 1424 502 1444 ex
519 1415 597 1444 malo
619 1413 784 1454 principio,
809 1421 923 1450 magna
943 1410 1134 1442 necessitudo
1150 1410 1178 1437 et
1196 1406 1369 1444 conjunctio
1384 1406 1543 1434 contracta
1559 1407 1614 1434 est.

158 1458 243 1493 Quid
258 1458 286 1488 εἰ
300 1457 365 1497 Ῑιοε,
380 1460 504 1488 auctore
519 1456 620 1496 aliquo
638 1457 718 1494 Deo,
730 1455 854 1495 factum
870 1456 938 1485 est?
981 1453 1053 1483 ΤΗ.
1082 1451 1230 1491 Equidem
1243 1450 1307 1488 pol,
1324 1449 1357 1478 in
1373 1456 1440 1477 earn
1452 1449 1575 1485 partem
1585 1450 1615 1476 et

155 1500 286 1540 accipio,
302 1504 331 1531 et
354 1501 400 1530 itu
427 1500 492 1530 volo
517 1500 648 1530 evenire.
696 1498 766 1529 CH.
793 1497 984 1533 Quinimmo,
1010 1496 1057 1526 ila
1083 1498 1117 1525 ut
1144 1492 1279 1532 accipias
1305 1494 1334 1522 et
1360 1489 1449 1526 velis,
1474 1491 1505 1519 te
1528 1499 1615 1527 rogo.

157 1543 228 1574 Hoc
243 1552 336 1573 unum
350 1542 430 1573 scias
446 1542 546 1580 velim,
564 1551 610 1572 me
627 1551 685 1572 non
701 1551 734 1571 eo
750 1540 852 1571 animo
869 1550 936 1570 cum
952 1538 1075 1577 virgine
1097 1546 1162 1566 rem
1178 1534 1328 1569 habuisse,
1344 1537 1379 1563 ut
1396 1531 1453 1561 tibi
1468 1530 1617 1568 injuriam

147 1586 287 1624 facerem
301 1595 311 1622 ‚·
333 1587 386 1616 sed
401 1585 438 1616 ab
454 1594 556 1615 amore
572 1585 611 1615 ad
627 1584 848 1621 idfuciendum
871 1582 1032 1622 impulsum
1040 1579 1156 1618 fuisse.
1201 1578 1271 1608 ΤΗ.
1295 1575 1378 1614 Scio,
1393 1578 1423 1605 et
1438 1583 1493 1614 per
1508 1574 1617 1604 Pollu-

156 1638 222 1658 cem
236 1632 396 1668 propterea
412 1627 470 1658 tibi
485 1627 631 1658 libentius
645 1627 765 1657 venium
782 1628 831 1657 do.
878 1626 950 1656 Non
973 1624 1047 1654 adeo
1071 1620 1275 1652 humanitatis
1297 1627 1406 1658 expers
1427 1627 1506 1655 sum,
1523 1626 1618 1657 neque

158 1675 224 1700 lam
249 1671 374 1709 ignara,
400 1674 435 1700 ut
460 1674 575 1710 quanta
600 1670 642 1700 sit
668 1669 783 1699 umoris
805 1668 947 1708 potentia
971 1676 1030 1696 non
1057 1665 1204 1696 noverim.
1253 1663 1321 1693 CH.
1346 1662 1387 1692 Te
1410 1669 1526 1699 quoque
1535 1659 1617 1699 jum,

162 1713 268 1754 Thais,
285 1715 329 1744 ita
344 1723 393 1744 me
410 1713 471 1744 Dii
486 1716 598 1752 ament,
613 1722 692 1743 nunc
714 1721 792 1742 amo.
839 1712 908 1742 ΡΥ.
932 1709 1041 1740 Etiam
1054 1718 1111 1749 per
1127 1708 1211 1739 Deos
1226 1705 1285 1737 tibi
1307 1704 1514 1742 metuendum,
1531 1702 1618 1743 hera,

753 1803 990 1817 eeeaeeenaeteo

159 1877 244 1906 —32
280 1874 346 1906 Ed.
373 1878 443 1906 vet.
469 1883 500 1905 c.
525 1873 606 1915 figg.
630 1873 721 1915 (quae
746 1872 869 1913 saepius
901 1881 977 1903 cum
1008 1871 1104 1902 lectt.
1151 1867 1221 1899 ET.
1251 1869 1286 1897 et
1317 1864 1400 1895 EM.
1430 1861 1621 1903 conspirat)

161 1919 216 1949 hoc
229 1927 387 1958 pararem.
433 1917 574 1947 Arridet
601 1927 734 1957 parare.-
774 1916 835 1946 sed
869 1916 911 1946 Ut
942 1913 1141 1954 impeditam
1173 1909 1281 1941 efficit
1316 1906 1619 1940 constructionem,

162 1966 198 1992 et
228 1970 348 1991 nomen
391 1960 529 1991 Claaereoe
559 1960 592 1990 in
625 1959 748 1990 blanda
785 1964 820 1989 et
859 1959 1030 1989 clemente
1068 1954 1222 1986 oratione
1261 1955 1335 1983 tota
1372 1958 1620 1989 supervacuum

162 2004 307 2035 videtur.
354 2002 476 2043 ltaque
494 2002 746 2033 rescribendum
763 2006 920 2042 putamus
937 2004 966 2030 et
994 1998 1101 2040 (quod
1132 1997 1277 2037 priorem
1304 2002 1438 2024 versum
1467 1990 1621 2031 claudat)

163 2046 303 2077 solidam
318 2046 373 2076 hoc
392 2045 397 2086 1
415 2055 492 2086 para
512 2044 517 2075 l
537 2055 570 2076 re
587 2045 659 2075 bene
679 2045 772 2086 {ficio
792 2045 797 2085 l
818 2045 852 2075 ni
867 2053 925 2082 gra
946 2042 950 2083 Ι
971 2043 1060 2073 lium.
1106 2039 1268 2072 Judieent
1284 2036 1340 2067 alii
1357 2045 1399 2066 an
1418 2033 1623 2073 expellenda

163 2090 209 2120 sit
225 2089 313 2128 vulg.
329 2093 368 2118 ut
383 2089 578 2128 peregrina,
599 2092 782 2129 nostraque
809 2087 984 2118 civitatem
1012 2089 1194 2115 mereatur.
1222 2080 1295 2120 Bip.
1343 2077 1518 2119 Biponlini
1545 2086 1623 2107 con-

156 2132 334 2172 junctione
353 2131 397 2161 Ut
413 2136 618 2170 gravantur:
642 2140 702 2160 nos
720 2140 784 2161 uon
802 2131 858 2160 ita.
903 2129 1054 2159 Pararem
1077 2126 1110 2158 J.
1135 2125 1223 2156 Peri.
1268 2122 1339 2153 Hoc
1362 2130 1501 2161 parerem
1518 2120 1622 2150 Both.

168 2174 210 2205 Ut
227 2174 396 2204 collocant
410 2173 443 2203 in
459 2182 556 2203 versu
573 2173 686 2212 priore
702 2173 778 2212 Bip.
796 2172 1011 2211 Delon—34
1039 2170 1191 2201 Futurum
1217 2175 1278 2207 pro
1301 2165 1384 2196 Fore
1412 2161 1528 2194 Guelf.
1546 2165 1623 2193 3.—

164 2219 204 2247 35
229 2217 317 2247 Malo
332 2225 372 2246 ex
385 2216 554 2256 principio]
576 2215 783 2255 Praepositio
811 2224 851 2245 ex
877 2214 975 2245 abest
1002 2212 1047 2243 ab
1071 2210 1225 2242 omnibus
1256 2207 1403 2248 antiquis
1429 2205 1535 2236 libris.
1581 2204 1622 2235 In

165 2259 304 2300 reliquis
321 2259 488 2289 collocata
505 2264 556 2288 est
583 2263 663 2289 ante
692 2258 878 2288 dictionem
903 2256 1004 2295 Malo,
1027 2254 1084 2285 ubi
1113 2259 1203 2284 stare
1230 2254 1374 2292 propter
1396 2258 1531 2279 versum
1556 2256 1623 2278 non

163 2307 278 2342 potest
293 2311 301 2332 :
327 2311 432 2342 quare
449 2300 660 2331 subdititiam
677 2301 741 2331 rati
758 2310 880 2331 sumus.
906 2299 967 2330 Fa.
1012 2298 1080 2329 Sex
1098 2307 1115 2328 e
1132 2295 1259 2327 nostris
1278 2294 1331 2324 Ex
1346 2292 1426 2323 malo
1445 2290 1599 2332 principio
1614 2302 1625 2327 ,-

166 2349 202 2375 et
216 2348 308 2375 recte
324 2343 410 2375 fecit
425 2344 481 2384 qui
499 2344 627 2383 primus
654 2343 742 2374 Malo
765 2353 805 2374 ex
828 2342 981 2383 principio
1006 2340 1126 2372 edidit.
1151 2339 1249 2369 Bent.
1295 2336 1383 2366 Malo
1409 2344 1448 2365 ex
1470 2343 1521 2373 pr.
1544 2333 1625 2372 Bip.

165 2387 381 2427 Delph.-36
408 2386 512 2418 Voluit
527 2386 680 2426 quispiam
702 2386 783 2426 Bip.
831 2385 995 2425 Quispiam
1020 2384 1074 2414 hoc
1098 2382 1201 2413 Both.
1230 2379 1413 2410 Perl.—37
1435 2377 1512 2407 Duo
1537 2376 1626 2407 Pau.

166 2439 233 2460 non
250 2429 379 2460 habent
393 2439 460 2469 que.
503 2429 571 2459 Sed
587 2431 596 2446 ‘
611 2439 676 2470 que
693 2433 728 2459 et
742 2428 749 2441 ’
767 2433 883 2459 nostro
900 2432 1043 2458 amatur.
1069 2425 1155 2456 Perl.
1203 2423 1281 2458 Quae
1305 2430 1368 2461 pro
1395 2429 1452 2460 que
1478 2419 1626 2450 Bia—38

166 2473 276 2503 Etiam
294 2471 416 2511 proila
432 2472 525 2502 Perl.
550 2472 606 2512 qui
629 2476 746 2502 monet
770 2471 817 2501 ila
841 2480 914 2502 esse
938 2470 972 2500 in
996 2467 1112 2500 Guelf.
1128 2468 1248 2498 2.·-39
1272 2464 1327 2495 Me
1349 2473 1410 2494 non
1435 2462 1626 2493 Boou—lo

167 2515 278 2554 Magis
289 2515 349 2546 ΒΓ.
366 2519 401 2545 et
418 2519 540 2545 nostrae
558 2514 724 2544 edd.——--1l
749 2514 868 2545 Nostri
885 2512 1039 2553 plerique
1055 2519 1172 2541 omnes
1196 2518 1263 2539 sum
1285 2506 1433 2545 ingenio.-
1455 2504 1547 2535 unde
1574 2512 1626 2534 re-

169 2557 375 2596 ponendum,
394 2558 465 2588 Non
489 2558 564 2586 adeo
589 2557 756 2587 inhumano
779 2566 835 2594 ego
861 2566 927 2586 sum
947 2554 1086 2593 iugenio,
1113 2552 1252 2583 Chcerea.
1275 2550 1379 2580 Bent.
1426 2547 1470 2578 Et
1494 2547 1543 2578 sic
1567 2545 1627 2577 dat

168 2600 271 2631 Both.
315 2599 392 2631 Sum
413 2598 540 2639 ingenio
566 2599 747 2630 Fert-42
771 2600 839 2630 Ms.
863 2599 953 2637 Lips.
980 2599 1086 2636 Neque
1111 2594 1265 2635 imperita.
1311 2591 1398 2622 Alii:
1425 2590 1534 2629 Neque
1561 2592 1627 2619 tam

167 2642 326 2682 imperita.
353 2642 458 2673 West.
504 2642 611 2681 Neque
625 2646 689 2672 tam
704 2641 865 2682 imperita]
888 2641 1015 2672 Omnes
1031 2638 1106 2669 fere
1123 2637 1254 2676 antiqui
1271 2634 1349 2665 libri
1367 2637 1401 2664 et
1417 2633 1451 2662 iu
1468 2632 1508 2662 iis
1526 2632 1629 2662 Bem-

169 2685 277 2724 binus,
302 2685 410 2724 Neque
425 2685 471 2715 ita
486 2684 640 2724 imperita.
664 2684 724 2715 Fa.
772 2684 889 2715 Nostri
906 2691 1037 2724 quoque
1051 2690 1167 2712 omnes
1184 2681 1243 2710 ita.
1267 2678 1368 2708 Bent.
1413 2675 1490 2705 Tam
1506 2673 1625 2705 Guelf.

171 2730 245 2759 23.
261 2732 296 2758 et
310 2727 438 2767 Delpll.
479 2727 579 2758 Amor
593 2728 666 2767 quid
683 2727 784 2758 Both.
803 2727 860 2766 qui
877 2730 1016 2757 mouet:
1040 2724 1049 2742 ⁴
1068 2724 1146 2754 Tam
1168 2723 1212 2760 B,
1239 2721 1305 2752 Gn.
1324 2721 1354 2750 1.
1384 2721 1419 2748 et
1447 2717 1512 2749 Do.
1537 2716 1627 2757 quod

172 2770 286 2809 placet
301 2779 371 2810 prae
389 2769 479 2809 vulg.
496 2769 654 2800 itas-44
679 2769 836 2809 Guyetus
852 2768 907 2800 hic
924 2768 1008 2799 mire
1024 2772 1143 2797 acutus
1157 2770 1220 2805 est,
1243 2764 1360 2802 legens
1377 2765 1498 2792 contra
1523 2757 1625 2789 fidem

172 2811 351 2853 Codicum,
374 2813 420 2843 Tu
434 2812 484 2853 pol
499 2812 558 2843 tibi
573 2812 610 2843 ab
625 2812 712 2853 istoc,
736 2812 822 2853 hera,
844 2812 1010 2843 cat-endum
1022 2809 1189 2841 attendito.
1235 2804 1377 2837 Addens
1403 2811 1465 2843 pro
1482 2802 1625 2840 ratione,
