1966 3302
341 191 426 234 848
832 199 874 230 Ρ.
906 198 1148 230 TERENTH
1183 200 1299 231 Arm

343 302 436 345 Sed
451 301 546 356 jam
565 300 689 354 prior
710 311 832 341 amor
850 313 921 341 me
941 300 998 342 ad
1020 301 1133 342 hanc
1153 315 1244 343 rem
1266 313 1326 342 ex
1341 301 1572 342 ercitatum
1592 298 1803 344 reddidit:

343 370 489 422 Quem
511 382 592 421 ego
614 372 707 423 tum
728 368 918 409 consilio
940 369 1127 410 missum
1147 369 1233 411 feci
1251 383 1261 411 ε
1292 369 1410 411 idem
1430 381 1547 410 nunc
1568 368 1672 410 huic
1693 382 1801 424 ope-

511 450 604 478 ram
625 435 760 477 dabo.

332 554 405 594 jam
417 555 504 595 prior
519 563 605 586 amor
620 552 792 585 Bacchidis
813 562 861 584 me
875 553 915 583 ad
931 553 1009 584 hanc
1024 562 1089 583 rem
1113 552 1373 594 aequoserendam
1387 552 1490 584 animo
1505 551 1692 583 exercitavit
1706 555 1737 584 et
1751 561 1800 584 as-

340 598 488 638 suefecit:
512 607 598 639 quem
622 606 756 628 amorem
771 599 844 627 tunc
857 595 979 627 ratione
994 598 1025 627 et
1037 596 1205 636 prudentia
1227 595 1344 635 dimisi,
1359 595 1440 627 idem
1451 605 1532 626 nunc
1546 596 1618 627 huic
1631 605 1680 626 me
1693 589 1802 626 dedain

945 680 1188 692 WNN‘

340 748 433 782 tast.'
468 749 553 782 Quae
571 747 638 779 tria
654 747 730 778 loca
746 746 884 788 collegit
900 747 964 778 Vir
980 747 1133 779 eruditus
1151 748 1195 780 G.
1212 746 1403 778 Fabricius.
1439 744 1541 777 Adde
1557 744 1641 775 illud
1658 744 1798 777 Phorm.

339 803 375 826 v.
390 796 421 826 7.
439 795 468 824 l.
491 792 658 823 ‘Tantam
682 789 854 821 fortunam
882 789 924 821 de
951 791 1135 832 improviso
1161 800 1234 822 esse
1250 790 1300 820 his
1317 788 1456 822 datam?
1498 788 1680 819 Sententia
1694 788 1800 828 igitur

337 837 414 868 haec
431 841 496 875 est,
520 835 551 866 Ο
580 834 670 866 bona
696 831 848 871 fortuna,
873 833 904 864 O
933 832 1004 865 fors
1028 833 1178 872 fortuna,
1194 839 1233 865 ut
1248 842 1427 874 numquam
1449 830 1648 863 mortalibus
1665 830 1747 862 data
1761 839 1799 862 es

338 879 479 921 propria
494 882 530 909 et
557 880 741 918 perpetua.
766 876 865 907 Bent.
910 877 1001 907 Don.
1028 887 1055 908 s.
1083 877 1232 919 quisquis
1255 877 1310 907 ille
1336 876 1394 915 sit,
1421 878 1581 913 testatur,
1603 873 1706 905 etiam
1729 873 1800 914 legi

337 924 424 960 data,
448 926 484 952 et
499 921 546 952 sic
564 919 757 951 necessario
772 928 834 959 pro
851 919 927 950 bona
942 920 1088 960 intelligi
1104 920 1188 951 vult.
1210 919 1326 951 Bentl.
1351 917 1518 949 inutiliter
1532 916 1596 947 hoc
1613 916 1800 956 praeferens

337 965 438 1006 fingit
452 967 601 1005 perpetua
614 972 644 994 es
659 964 744 994 data.
790 962 856 993 Sed
875 967 910 993 et
925 972 980 1003 ap.
998 963 1112 994 Plaut.
1131 963 1207 993 Aul.
1222 971 1248 993 1.
1265 965 1296 994 2.
1313 964 1367 993 29.
1389 962 1399 978 ‘
1412 960 1500 991 bona
1519 960 1670 990 Fortuna
1683 958 1692 972 '
1716 959 1800 992 dici-

337 1012 406 1040 tur.
421 1008 465 1039 cf.
481 1008 543 1038 Ph.
563 1014 595 1036 v.
611 1008 644 1037 7.
662 1007 691 1035 l.
716 1005 790 1045 Bip.
815 1005 917 1036 Bent.
936 1006 1089 1046 sequitur
1105 1006 1207 1037 Both.
1223 1015 1256 1036 es
1269 1007 1414 1045 perpetuo
1429 1003 1507 1034 bona
1522 1003 1583 1033 Br.
1603 1005 1753 1042 perpet-ua
1768 1011 1800 1033 es

336 1052 412 1082 data
427 1051 521 1082 Peri.
536 1059 601 1090 quo
612 1048 732 1089 judice
744 1051 752 1066 ‘
764 1048 842 1078 bonu
859 1049 904 1088 gl.
914 1048 1022 1088 sapit!
1053 1050 1062 1066 ‘
1076 1048 1112 1080 Si
1129 1058 1209 1079 vero
1225 1057 1290 1078 non
1308 1047 1386 1077 bona
1397 1045 1537 1086 scripsit
1548 1045 1627 1076 Ter.
1640 1045 1700 1075 sed
1713 1046 1800 1083 data,

337 1093 505 1135 quomodo
524 1092 597 1123 aliis
619 1091 682 1132 legi
702 1090 862 1122 observat
882 1091 968 1122 Don.
990 1091 1096 1132 possit
1117 1091 1225 1122 videri
1248 1090 1399 1121 imitatus
1419 1089 1533 1120 Plaut.
1553 1087 1638 1119 cist.
1654 1096 1679 1118 1.
1695 1086 1811 1120 3.46.',

343 1137 529 1169 West.—47
547 1136 643 1166 Amor
659 1144 706 1165 me
722 1134 811 1174 prior
827 1134 930 1165 Both.
957 1135 1161 1166 tacite.—48
1185 1134 1268 1165 Mss.
1283 1138 1320 1164 et
1336 1131 1421 1163 editi
1437 1131 1597 1173 quidam:
1625 1130 1725 1165 Quem
1743 1139 1800 1169 ego

336 1183 450 1211 tamen.
495 1178 626 1209 Laudat
653 1177 827 1218 Guyetum
852 1177 1041 1215 Boeclerus‚
1070 1187 1204 1208 versum
1230 1176 1320 1207 hunc
1351 1181 1512 1215 tanquam
1538 1174 1691 1213 ineptum
1723 1173 1801 1204 hinc

337 1223 572 1263 ablegantem3
597 1219 761 1261 additque
784 1219 905 1251 obesse
929 1225 1130 1260 argumento
1147 1224 1183 1251 et
1197 1221 1238 1262 τῇ
1254 1217 1421 1258 οἰκονομίᾳ,
1438 1217 1466 1248 si
1491 1216 1625 1248 dicatur
1641 1215 1801 1257 Pamphi-

336 1267 388 1297 lus
402 1266 445 1297 ad
462 1264 642 1306 pristinum
661 1272 809 1293 amorem
826 1263 1008 1294 Bacchidis
1032 1263 1177 1294 animum
1202 1261 1346 1294 referre.
1389 1261 1474 1292 Tum
1498 1268 1689 1300 repugnare
1705 1258 1802 1299 dicit,

339 1319 414 1350 quae
431 1309 592 1349 leguntur
607 1305 697 1337 infra
713 1315 764 1336 1v.
777 1307 810 1336 4.
827 1308 879 1337 75.
897 1310 932 1337 et
948 1316 982 1337 v.
1002 1309 1032 1337 l.
1046 1309 1099 1337 25.
1114 1309 1168 1337 26.
1191 1305 1314 1347 quibus
1337 1304 1420 1335 locis
1444 1302 1644 1343 Pamphilus
1659 1306 1696 1333 et
1711 1301 1801 1332 Bac-

339 1352 411 1384 chis
427 1356 545 1382 sancte
563 1349 733 1390 adjurant,
748 1349 874 1380 nullam
892 1354 970 1390 post
984 1349 1121 1390 nuptias
1145 1359 1222 1380 cum
1242 1348 1444 1379 Philumena
1459 1346 1551 1377 inter
1566 1355 1640 1376 sese
1657 1354 1799 1376 consue-

337 1395 492 1427 tudinem
509 1392 755 1425 intercessisse.
802 1391 886 1423 Mihi
904 1392 1003 1423 aliter
1019 1391 1170 1431 videtur,
1185 1401 1261 1422 cum
1281 1391 1360 1432 quia
1379 1391 1550 1428 Donatus,
1567 1397 1643 1419 cum
1661 1387 1800 1419 Codici-

337 1438 400 1470 bus
417 1439 500 1469 Mss.
517 1446 650 1467 versum
669 1435 756 1466 hunc
782 1439 983 1475 agnoscunt,
1001 1440 1070 1466 tum
1087 1435 1165 1476 quia
1187 1444 1310 1465 novum
1337 1443 1404 1464 non
1420 1438 1485 1471 est,
1501 1431 1592 1462 aliud
1608 1431 1690 1469 dici,
1708 1430 1799 1471 aliud

338 1481 427 1521 fieri,
444 1490 501 1512 seu
521 1481 554 1510 in
572 1489 606 1509 re
624 1479 755 1517 uxoria,
774 1488 832 1508 seu
851 1478 884 1508 in
902 1487 938 1509 re
952 1477 1159 1509 meretricia.
1207 1477 1373 1517 Exemplo
1396 1475 1439 1507 sit
1458 1474 1618 1507 Phaedria
1633 1474 1668 1503 in
1684 1474 1799 1511 Eunu-

340 1525 415 1556 cho.
460 1524 529 1554 Hic
545 1531 658 1553 amore
675 1520 810 1559 ardens,
825 1521 1041 1552 nihilominus
1066 1520 1244 1552 consilium
1268 1521 1363 1560 capit
1379 1528 1444 1550 non
1459 1516 1624 1549 redeundi
1640 1516 1683 1547 ad
1698 1516 1801 1548 Thai-

340 1567 433 1606 dem,
450 1567 477 1598 si
506 1575 540 1596 se
559 1565 736 1602 obsecret3
762 1573 840 1594 mox
863 1573 944 1595 vero
974 1564 1133 1599 labascit,
1151 1564 1262 1594 victus
1285 1573 1353 1594 uno
1369 1561 1474 1593 verbo
1498 1559 1697 1591 meretricis.
1742 1559 1800 1591 Sic

339 1610 539 1650 Pamphilus
563 1607 694 1639 fatetur
721 1606 870 1647 quidem,
887 1617 1034 1638 amorem
1051 1611 1087 1638 et
1113 1606 1392 1638 consuetudinem
1416 1604 1627 1635 Philumenae
1650 1601 1802 1642 graviter

339 1663 376 1684 se
403 1659 534 1689 tenere,
551 1651 672 1682 statuit
702 1654 829 1688 tamen,
845 1651 1044 1691 neutiquam
1071 1650 1236 1681 reducere
1263 1658 1351 1688 eam,
1373 1648 1432 1678 sed
1459 1656 1599 1687 operam
1625 1645 1721 1683 dare,
1748 1645 1800 1676 uti

341 1705 490 1727 amorem
514 1696 604 1725 hunc
633 1693 768 1724 missum
791 1691 910 1723 faciat.
958 1694 1044 1725 Quae
1069 1693 1182 1724 omnia
1208 1692 1339 1733 planius
1357 1691 1459 1721 etiam
1478 1689 1618 1729 exponit
1635 1688 1738 1728 patri,
1754 1689 1802 1718 in-

338 1740 392 1770 fra
409 1748 466 1770 111.
482 1742 513 1769 5.
528 1740 580 1768 35.
595 1746 690 1777 seqq.
737 1737 937 1776 Quanquam
951 1746 1029 1767 vero
1044 1735 1245 1776 Pamphilus
1260 1735 1470 1774 Philumenae
1488 1741 1636 1763 amorem
1660 1731 1800 1761 missum

339 1783 457 1813 facere
475 1781 530 1811 vix
560 1785 709 1820 poterat,
727 1779 798 1809 sine
823 1779 1018 1819 suspicione
1043 1780 1166 1810 amoris
1196 1777 1393 1815 meretricii,
1419 1775 1508 1806 unde
1527 1773 1618 1805 infra
1635 1783 1684 1804 lv.
1699 1776 1730 1804 4.
1744 1776 1800 1804 67.

340 1825 475 1857 Laches
492 1824 674 1863 increpans
698 1822 914 1861 Pamphilum
931 1823 1002 1853 ait:
1027 1822 1035 1838 ‘
1055 1822 1157 1853 Nunc
1184 1820 1329 1851 animum
1361 1828 1491 1850 rursum
1513 1817 1556 1848 ad
1584 1817 1798 1847 meretricem

338 1868 474 1900 induxti
492 1873 608 1897 tunm:
633 1866 696 1897 Cui
715 1871 751 1894 tu
781 1865 1004 1905 obsequutuS,
1019 1863 1105 1895 facis
1129 1864 1207 1895 huic
1232 1863 1318 1894 adeo
1344 1862 1515 1902 injuriam.
1561 1859 1649 1891 Nam
1671 1859 1704 1889 in
1722 1869 1799 1890 ean-

340 1912 418 1942 dem
437 1911 539 1941 vitam
568 1915 603 1940 te
629 1909 819 1939 revolutum
837 1907 948 1939 denuo
976 1908 1085 1938 Video
1114 1916 1187 1938 esse
1199 1906 1220 1945 ;'
1242 1915 1431 1947 quanquam
1461 1905 1546 1942 haec,
1573 1904 1723 1943 inquam,
1753 1902 1802 1933 ita

338 1954 447 1985 videri
466 1952 652 1994 potuerint,
671 1957 782 1981 tamen
800 1950 842 1980 de
858 1951 1054 1981 meretricio
1071 1959 1185 1981 amore
1202 1949 1284 1980 nihil
1301 1949 1333 1978 in
1355 1946 1466 1978 verbis
1483 1945 1665 1986 Pamphili.
1699 1945 1800 1975 Unde

340 2002 376 2028 et
393 1996 532 2028 Fabrini
548 1995 676 2035 optime
693 1992 906 2034 παραφράζειε
933 1993 962 2024 Il
976 1994 1065 2033 quale
1080 2003 1182 2023 amore
1197 1993 1227 2023 io
1245 1993 1273 2022 Io
1290 1991 1399 2022 luscini
1413 1991 1539 2027 andare,
1553 1988 1587 2019 in
1601 1997 1697 2028 prom
1711 1997 1800 2018 πει-ο

338 2040 500 2079 consigno,
512 2039 708 2074 conascendo,
723 2037 776 2068 che
791 2047 851 2067 non
867 2046 920 2067 era
935 2046 1004 2067 cosa
1025 2036 1162 2075 honesta,
1178 2035 1232 2066 che
1246 2036 1276 2065 io
1300 2034 1413 2064 amussi
1437 2043 1498 2064 unu
1513 2031 1685 2070 meretrice,
1700 2032 1801 2061 mede-

338 2085 517 2114 simumente
533 2092 586 2112 ora
611 2083 639 2111 io
662 2081 822 2111 attendero
837 2091 854 2110 a
878 2083 995 2119 questo,
1010 2079 1085 2117 εὶοὲ,
1101 2080 1130 2109 io
1156 2088 1201 2109 me
1223 2078 1394 2117 ingegnero
1408 2076 1442 2106 di
1456 2075 1550 2106 tormi
1563 2075 1616 2105 via
1630 2075 1670 2104 da
1685 2077 1802 2114 questo,

340 2127 453 2157 bem-he
474 2136 529 2156 con
545 2124 708 2166 dffcultd.
755 2124 878 2153 Sensus
896 2123 984 2153 enim
1003 2127 1069 2161 est,
1083 2122 1092 2138 ‘
1107 2120 1196 2152 idem
1213 2130 1303 2151 nuuc
1320 2120 1396 2151 huic
1411 2128 1548 2160 operam
1565 2115 1678 2155 dabo,’
1696 2115 1799 2148 etiam

340 2170 375 2200 id
392 2178 529 2209 operam
547 2168 634 2198 dabo
646 2167 723 2197 huic
737 2166 857 2203 amori,
873 2166 923 2195 uti
936 2165 1093 2195 nimirum
1105 2174 1181 2195 eum
1195 2164 1329 2194 missum
1342 2161 1481 2193 faciam.
1517 2161 1692 2193 Quodnon
1707 2159 1801 2199 cepit

340 2213 513 2250 Donatus,
526 2216 661 2245 notans,
679 2210 688 2226 ⁶
704 2209 730 2239 si
742 2210 835 2247 idem,
851 2217 935 2247 ego:
960 2209 988 2238 si
1001 2209 1111 2245 eidem,
1126 2206 1257 2238 amori!
1287 2206 1390 2237 lVest.
1421 2205 1464 2235 0.
1482 2205 1503 2236 l.
1520 2214 1545 2235 s.
1562 2203 1698 2240 habent,
1714 2212 1801 2242 quem

339 2265 396 2293 ego
413 2259 477 2286 tum
499 2254 644 2284 consilio.-
671 2262 746 2293 quae
765 2261 844 2282 vero
870 2257 1070 2291 sequuntur,
1087 2251 1134 2282 ita
1157 2255 1192 2281 et
1207 2249 1270 2289 illi,
1286 2254 1321 2280 et
1345 2249 1499 2279 Donatus
1523 2247 1706 2283 collocant,
1720 2255 1800 2275 nunc

341 2299 413 2329 huie
427 2307 549 2337 operum
567 2296 666 2332 dabo;
691 2295 750 2326 sed
769 2295 830 2325 hoc
848 2295 946 2325 modo
960 2299 1011 2324 est
1024 2293 1195 2324 Iambicus
1211 2292 1508 2331 octonarius,post
1525 2294 1576 2320 tot
1593 2288 1798 2319 trochaicos.

341 2341 431 2382 quod
446 2340 596 2380 quamvis
613 2348 678 2369 non
699 2339 813 2378 placet
837 2336 947 2375 nobis,
964 2342 1077 2368 tamen
1102 2345 1303 2367 consensum
1321 2335 1467 2365 omnium
1493 2332 1652 2363 librorum
1678 2339 1800 2371 seque-

340 2393 428 2414 mur.
454 2384 514 2414 Fa.
560 2382 628 2413 Hic
646 2390 762 2411 versus
781 2381 869 2410 inter
885 2380 1088 2410 Trochaicos
1112 2379 1281 2410 Iambicus
1296 2378 1409 2408 venit:
1434 2379 1602 2416 praeterea
1616 2373 1800 2411 sententia,

342 2428 395 2457 vel
412 2427 505 2457 nulla
521 2426 574 2456 vel
592 2424 677 2455 falsa
693 2430 743 2454 est
758 2434 767 2461 3
793 2427 830 2453 ut
854 2423 1010 2462 Guyetus
1027 2431 1160 2452 versum
1185 2421 1333 2461 spurium
1350 2418 1634 2460 pronuntiaverit.
1684 2417 1798 2447 Dona-

341 2474 396 2500 tus
409 2470 488 2500 idem
502 2473 536 2499 et
551 2468 649 2499 eidem
661 2466 817 2506 agnoscit
829 2477 839 2496 ε
863 2466 872 2482 ⁶
890 2467 924 2496 Si
938 2465 1041 2504 idem‚'
1054 2465 1177 2506 inquit,
1192 2465 1201 2481 ‘
1216 2465 1310 2504 Ego:
1335 2464 1361 2493 si
1377 2463 1499 2499 Eidem,
1513 2461 1576 2491 hoc
1589 2465 1642 2491 est
1654 2458 1799 2490 Amori.'

341 2512 554 2542 Veterrimus
573 2518 686 2541 noster
704 2519 779 2540 cum
797 2509 903 2539 altero
919 2508 1005 2539 item.
1050 2509 1131 2539 Duo
1149 2508 1289 2546 insuper
1306 2515 1367 2545 pro
1384 2509 1448 2536 tum
1463 2504 1589 2534 habent
1604 2512 1682 2533 cum.
1729 2501 1799 2532 Re-

342 2564 446 2595 pone,
465 2555 531 2589 Quo
546 2564 602 2593 ego
619 2564 685 2583 eum
701 2552 826 2583 consilio
841 2554 966 2582 missum
974 2551 1054 2589 feci,
1070 2552 1173 2582 eodem
1195 2550 1266 2581 huic
1282 2558 1404 2589 operum
1418 2547 1507 2579 dubo.
1552 2546 1629 2578 Quo
1655 2544 1798 2576 consilio

342 2597 479 2627 missum
497 2596 565 2627 feci
588 2605 664 2626 eum
689 2605 850 2631 amorem,
872 2594 991 2625 eodem
1017 2594 1157 2625 consilio
1172 2593 1250 2623 huic
1267 2592 1372 2623 amori
1387 2590 1476 2622 dabo
1490 2598 1642 2629 operam,
1658 2592 1696 2618 ut
1711 2587 1799 2618 hunc

342 2640 473 2680 pariter
496 2640 632 2669 missum
648 2638 784 2669 faciam.
831 2638 924 2668 Nunc
947 2636 1164 2674 addiderunt,
1181 2635 1260 2676 quia
1275 2638 1500 2675 praecesserat
1518 2632 1617 2663 Tum.-
1640 2639 1701 2661 nos
1718 2629 1800 2660 Eum

341 2682 500 2722 legimus,
517 2682 569 2712 cui
586 2682 769 2721 opponitur
788 2680 884 2711 Huic.
932 2681 1000 2715 Quo
1021 2679 1287 2710 consilio...eodem
1300 2689 1310 2708 .·
1334 2677 1382 2708 sic
1406 2684 1510 2716 supra
1527 2684 1551 2705 1.
1570 2677 1600 2705 1.
1618 2676 1669 2704 15.
1699 2673 1709 2689 ‘
1725 2672 1799 2704 Aut

343 2735 409 2766 qua
425 2726 478 2755 via
501 2729 642 2764 captent
663 2730 695 2754 te
713 2724 773 2761 illi,
795 2723 912 2754 eadem
939 2723 1011 2753 illos
1035 2721 1137 2762 capi!
1162 2722 1258 2752 Bent.
1297 2721 1410 2760 Vulgo
1435 2726 1550 2749 omnes
1576 2717 1695 2757 legunt
1716 2716 1799 2746 idem

343 2778 423 2799 nunc
435 2768 505 2799 huic
515 2777 635 2807 operam
646 2766 735 2803 dubo,
747 2766 846 2807 idque
858 2767 904 2797 ita
917 2766 1060 2806 intelligi
1076 2765 1204 2804 volunt,
1218 2765 1226 2780 ‘
1239 2768 1277 2795 ut
1290 2764 1423 2795 missum
1433 2761 1563 2803 pariter
1573 2759 1693 2791 faciam
1709 2757 1797 2790 hunc
