1966 3302
549 209 598 239 IN
633 206 963 238 monitionem
1001 206 1274 237 PRoLOGUS.
1553 198 1638 239 917

183 309 254 350 -De
273 306 347 349 illo
362 305 458 360 jam
479 304 608 345 finem
628 304 790 346 faciam
811 303 992 345 dicundi
1014 303 1137 352 mihi,

184 373 409 417 Peccandi
431 386 532 414 cum
552 372 647 426 ipse
669 372 722 412 de
743 385 790 411 se
810 370 937 411 finem
959 384 1045 412 non
1065 371 1187 412 facit.

183 442 317 483 Nunc
339 440 445 494 quid
466 440 612 488 velim,
633 440 827 480 animum
850 439 1074 479 attendite.
1134 438 1338 492 Apporto
1354 452 1529 491 novam,
1580 439 1637 480 25

184 509 585 564 Epidicazomenon
604 519 734 560 quam
760 510 924 547 vocant
945 505 1214 546 comoediam

186 576 348 626 Graeci,
370 576 518 617 Latini
539 575 851 616 Phormionem
872 575 1122 624 nominant3

184 643 324 695 Quia,
344 645 509 697 primas
531 643 607 696 qui
628 648 774 696 partes
796 645 912 695 aget,
932 643 972 682 is
994 642 1077 682 erit
1099 641 1306 683 Phormio

184 712 430 760 Parasitus,
451 724 529 764 per
550 723 681 763 quem
699 722 770 750 res
793 713 945 762 agetur
965 721 1188 750 maxume.

181 836 329 874 quantum
343 822 383 864 a'd
393 834 492 874 ipsum
502 832 652 873 pertinet,
667 830 847 862 maledicere
859 840 917 861 non
932 830 1075 861 desistat.
1109 830 1202 860 Nunc
1218 840 1285 870 quae
1301 828 1394 860 habeo
1405 829 1489 861 vobis
1502 828 1642 866 dicenda,

182 876 423 909 animadvertite
432 887 444 913 ;
465 886 576 906 novam
605 875 793 906 Comoediam
817 873 901 904 vobis
924 873 1064 911 exhibeo,
1092 874 1281 903 nominatam
1302 883 1321 903 a
1350 873 1470 902 Groecis
1495 872 1642 912 Epidica-

183 929 350 956 zomenon5
378 929 398 950 a
425 919 553 950 Latinis
578 918 809 949 Phormionem.
865 916 1021 952 Quoniam
1047 916 1157 956 primae
1186 920 1291 955 partes
1324 919 1414 946 erunt
1447 914 1643 945 Plias-minuis

185 961 327 993 Parasiti
337 973 349 999 ;
370 961 457 1001 cujus
471 972 563 1003 opera
577 961 730 1001 proecipue
746 971 794 991 res
809 963 931 999 agetur.
977 958 1015 990 Si
1034 959 1136 989 studio
1157 962 1187 989 et
1213 959 1419 990 benevolentia
1443 961 1546 989 restra
1562 957 1642 988 Poe·-

792 1056 851 1068 οκ
854 1055 1031 1067 emme

186 1129 351 1160 rellatum.-
373 1139 472 1170 quem
490 1134 524 1160 et
541 1138 731 1170 sequemur.
760 1128 817 1159 Fa.
866 1127 955 1162 Quod
969 1126 1078 1157 abillo
1101 1126 1282 1163 adlatumst,
1298 1125 1329 1155 id
1351 1124 1411 1155 sibi
1427 1133 1491 1155 esse
1512 1125 1643 1154 relat-um

182 1175 283 1212 putet.
327 1173 384 1203 Sic
410 1183 430 1203 a
461 1172 617 1203 Faerno:
646 1172 703 1212 qui
734 1171 767 1202 id
798 1171 915 1201 multis
946 1172 1029 1210 agit,
1059 1175 1097 1200 ut
1129 1169 1280 1209 pejorem
1313 1168 1495 1198 lectionem
1527 1168 1641 1206 eligat.

188 1215 315 1246 Fraudi
333 1215 363 1245 ei
380 1214 455 1253 fuit,
470 1215 558 1256 quod
584 1215 760 1245 nesciebat
786 1217 795 1231 ‘
814 1214 968 1244 rellatum
981 1212 989 1225 '
1015 1213 1156 1253 primam
1187 1211 1390 1252 producere,
1407 1216 1445 1241 ut
1474 1212 1483 1227 ‘
1500 1210 1643 1240 redduc-

187 1257 283 1288 tum!
327 1258 418 1298 Lege
445 1268 488 1288 ex
514 1258 637 1289 nostris
664 1256 830 1298 plurimiS,
848 1257 937 1292 Quod
963 1256 1001 1286 ab
1026 1256 1078 1286 illo
1091 1253 1349 1291 adlatumst‚sibi
1365 1263 1427 1285 esse
1443 1254 1476 1284 id
1499 1253 1645 1283 rellatum

182 1303 283 1340 putet.
306 1301 407 1332 Bent.
445 1301 502 1332 Ita
525 1306 561 1332 et
579 1301 670 1331 Peri.
708 1301 768 1331 ΒΓ.
788 1300 878 1336 Quod
894 1300 1022 1329 allatum
1037 1298 1152 1338 abipso
1168 1301 1227 1336 est,
1244 1297 1289 1328 ibi
1311 1306 1373 1328 esse
1389 1297 1421 1327 z'd
1437 1297 1568 1327 relatum
1587 1306 1645 1336 pu-

186 1346 243 1374 tet.
286 1343 389 1374 Both.
414 1344 455 1379 Q.
471 1344 509 1374 ab
534 1344 589 1375 illo
612 1343 750 1374 adlatum
765 1347 825 1382 est,
853 1343 995 1373 rellatum
1021 1351 1084 1372 esse
1099 1341 1132 1372 ia
1156 1340 1215 1370 sibi
1237 1350 1269 1380 p.
1309 1340 1384 1380 Bip.
1402 1340 1494 1375 Quod
1519 1339 1558 1369 ab
1583 1340 1646 1369 zllo.

186 1387 272 1417 —23
296 1386 365 1418 Hic
383 1388 533 1427 projam,
550 1391 617 1417 tum
640 1386 872 1426 reponendum
897 1390 995 1425 putat
1010 1385 1112 1415 Bent.
1135 1388 1169 1413 et
1186 1383 1269 1413 illud
1286 1393 1347 1413 non
1363 1383 1396 1413 in
1414 1382 1567 1423 sequenti
1586 1381 1645 1412 de-

188 1428 336 1467 lendum,
350 1430 575 1469 mntatosacz't
591 1429 755 1468 infecerit.
801 1428 945 1460 Bothius
962 1428 1046 1468 legit
1067 1427 1118 1458 De
1132 1426 1186 1457 illo
1202 1436 1282 1457 uam.
1320 1426 1414 1456 Peri.
1433 1426 1485 1456 De
1500 1426 1551 1455 illo
1568 1429 1645 1455 tam.

187 1474 272 1503 -24
297 1472 417 1503 Manet
433 1472 522 1513 Guy.
538 1473 590 1513 qui
606 1475 689 1512 ipse:
714 1472 741 1502 si
758 1471 837 1512 quid
863 1471 1114 1510 solicitandum,
1131 1469 1282 1509 legerim,
1296 1479 1385 1508 quem
1407 1468 1483 1508 ipse,
1499 1468 1646 1498 subaudi

185 1515 194 1530 ‘
213 1513 338 1546 fiuem.'
385 1516 480 1547 Dixit
495 1522 606 1546 autem
624 1517 660 1545 de
682 1525 725 1552 se,
743 1525 817 1555 pro,
833 1514 875 1544 de
893 1523 953 1544 sua
979 1519 1090 1554 parte,
1106 1513 1193 1554 quod
1212 1512 1253 1542 ad
1272 1522 1307 1542 se
1331 1511 1476 1549 attinet;
1502 1512 1553 1541 vel
1572 1521 1648 1551 pro,

189 1557 292 1589 ultro.
337 1559 488 1589 DoctisS.
506 1558 590 1589 Abr.
613 1558 814 1597 Wielingius
838 1557 1135 1596 interrogationem
1160 1554 1253 1593 facit,
1270 1560 1307 1585 nt
1325 1564 1443 1585 sensus
1467 1554 1524 1592 sit,
1539 1555 1548 1571 ‘
1566 1554 1646 1584 Non

187 1597 312 1631 faciam
341 1601 455 1640 finem,
481 1611 556 1632 cnm
583 1602 655 1641 ipse
680 1600 779 1631 finem
804 1609 869 1631 non
896 1598 1013 1630 facit?
1042 1599 1144 1630 West.
1191 1597 1271 1629 Hel.
1289 1598 1373 1628 GM.
1390 1596 1505 1636 faciaett.
1552 1597 1648 1627 Perl.

178 1642 280 1682 finem
294 1643 508 1682 fecerim—26
532 1645 821 1685 Epidicazomenon.
866 1643 921 1674 lta
943 1642 1071 1673 diserte
1096 1641 1199 1673 estin
1215 1641 1299 1672 Mss.
1329 1640 1478 1681 quinque
1502 1639 1647 1671 Leiden-

189 1685 294 1724 sibus,
311 1687 410 1718 Bodl.
435 1687 477 1718 G.
493 1687 553 1717 Tr.
564 1688 632 1718 Ms.
646 1687 738 1726 Lips.
765 1691 798 1717 et
816 1685 939 1717 Boend.
977 1684 1106 1716 Donati
1134 1684 1314 1715 lectionem
1333 1681 1646 1724 [Epidicazomenen]

189 1728 334 1768 praefert
357 1731 407 1761 M.
430 1736 466 1761 et
493 1731 567 1761 EV.
591 1733 620 1761 1.
659 1729 786 1763 Quidni
813 1738 891 1759 vero
918 1728 1111 1767 Terentius,
1138 1728 1267 1768 virique
1295 1727 1424 1758 nobiles
1451 1727 1647 1757 Terentium

188 1771 384 1812 adjutantes
402 1773 565 1804 sciverint
584 1782 700 1803 verum
719 1773 853 1803 titulum
873 1771 1023 1807 Fabulae,
1040 1781 1139 1812 quam
1158 1770 1335 1802 vertebant
1353 1780 1396 1800 ex
1413 1768 1647 1809 Apollodoro?

188 1814 250 1845 Est
277 1815 382 1854 igitur
408 1817 462 1846 liic
488 1815 640 1856 Antipho
658 1813 936 1854 Ἐπιδικαζόμενος,
952 1815 985 1844 h.
1004 1823 1032 1844 e.
1049 1814 1091 1844 de
1121 1823 1187 1854 quo
1216 1813 1399 1853 injudicio
1425 1812 1649 1843 contenditur

187 1857 278 1888 inter
293 1859 542 1899 Demiphonem
572 1864 716 1899 patrem,
733 1864 768 1889 et
785 1859 945 1898 puellam,
961 1857 1150 1888 Chremetis
1164 1855 1281 1886 filiam.
1327 1856 1464 1886 Dicitur
1481 1861 1594 1885 autem
1612 1860 1648 1885 et

187 1900 252 1930 alia
270 1900 468 1941 Apollodori
484 1901 589 1932 fuisse
613 1901 801 1941 Comoedia,
816 1898 1066 1938 Ἐπιδικαζομένη
1093 1899 1200 1938 dicta,
1218 1898 1359 1929 subaudi
1383 1897 1541 1938 παρθένος,
1558 1898 1649 1937 ejus-

189 1943 266 1974 dem
282 1942 355 1974 fere
371 1945 574 1985 argumenti.
619 1945 709 1985 Guy.
726 1945 759 1974 in
779 1944 898 1983 glossis
914 1944 1052 1974 ineditis
1069 1943 1129 1982 ait,
1145 1942 1254 1973 videri
1271 1941 1335 1972 sibi
1356 1941 1445 1971 hunc
1462 1940 1647 1980 Prologum

190 1996 257 2016 non
275 1996 347 2017 esse
365 1987 530 2018 Terentii.
577 1987 679 2020 Quod
707 1987 842 2018 mininie
860 1987 1054 2027 suspicatus
1072 1985 1138 2016 fuit
1155 1986 1326 2022 Donatus,
1343 1984 1440 2024 cujus
1466 1983 1649 2014 admodum

188 2029 335 2069 diligens
354 2031 387 2060 in
413 2041 452 2061 eo
475 2029 678 2070 exponendo
704 2035 760 2061 est
783 2029 962 2061 industria.
990 2030 1086 2061 West.
1131 2028 1378 2068 Reponendum
1407 2030 1524 2057 monet
1546 2026 1650 2058 Bent.

191 2072 481 2112 Epidicazomenen.
527 2073 661 2103 Probat
679 2073 857 2104 Ruhnken.
901 2073 910 2088 ‘
927 2071 981 2103 An
1007 2076 1099 2103 recte
1123 2071 1225 2102 Bent.
1243 2080 1262 2101 a
1277 2071 1345 2101 Do.
1361 2069 1425 2100 sibi
1451 2069 1651 2110 persuaderi

190 2125 321 2155 passus,
345 2122 383 2146 ut
411 2115 530 2147 ederet
562 2116 859 2156 Epidicazomenen?
881 2116 971 2156 quod
993 2114 1068 2155 jam
1094 2114 1169 2145 Ev.
1190 2116 1221 2145 1.
1244 2118 1430 2153 nostraque
1460 2122 1536 2143 cum
1567 2110 1649 2152 figg.

190 2157 330 2189 habent.
376 2159 447 2190 Nos
474 2163 568 2190 certe
595 2159 759 2189 rvialumns
783 2168 859 2189 cum
883 2159 956 2198 ipso
982 2159 1060 2189 Ter.
1084 2166 1184 2198 quem
1210 2165 1339 2187 errasse
1357 2156 1405 2186 ait
1422 2156 1484 2185 Do.
1502 2154 1555 2185 vel
1572 2164 1648 2185 cum

189 2200 280 2231 illius
295 2201 489 2232 melioribus
506 2201 605 2232 codd.
623 2206 658 2232 et
685 2201 763 2231 edd.
786 2211 916 2240 errare,
938 2207 974 2232 et
989 2201 1152 2238 retinere,
1175 2200 1264 2239 quod
1282 2199 1455 2239 vulgatum
1478 2196 1556 2229 est.'
1574 2198 1650 2238 Rip.

191 2246 275 2275 —27
299 2244 463 2275 Mendum
480 2244 550 2275 sine
568 2244 668 2275 c'ubio
686 2244 739 2275 liic
752 2244 862 2281 latet3
887 2243 976 2284 quod
989 2244 1060 2284 jam
1079 2247 1113 2273 et
1129 2243 1289 2277 eruimus,
1306 2247 1341 2272 et
1356 2242 1520 2272 eluemus.
1553 2240 1650 2271 Unus

190 2295 232 2316 ex
251 2287 440 2318 Meadianis
459 2287 566 2318 Graecz·
592 2287 705 2318 Latine
724 2298 732 2322 ‚·
754 2294 790 2317 at
813 2287 1058 2317 vetustissimus
1074 2291 1189 2316 noster
1208 2286 1318 2315 Graece
1335 2284 1461 2315 Latine.
1509 2285 1650 2324 Repone

193 2330 316 2368 Graece,
332 2331 446 2361 Latine
470 2331 519 2361 hic
536 2331 755 2361 Phormionem
770 2341 802 2361 n.
848 2332 856 2346 ‘
875 2330 943 2360 Hic
958 2329 965 2342 '
984 2334 1036 2360 est
1059 2329 1200 2366 Auctor,
1214 2328 1411 2366 Terentius,
1427 2327 1470 2358 de
1487 2337 1553 2367 quo
1571 2327 1650 2358 vide

193 2371 235 2402 ad
262 2372 369 2403 Andr.
397 2373 491 2404 Prol.
521 2382 554 2404 v.
582 2376 634 2405 13.
659 2374 758 2404 Bent.
806 2373 851 2404 Et
875 2373 924 2403 ita
949 2372 1032 2403 dant
1055 2372 1156 2402 Both.
1185 2372 1264 2411 Rip.
1289 2371 1467 2401 Fert—28
1492 2371 1588 2401 Rem.
1616 2375 1653 2400 et

190 2415 247 2445 Vi.
267 2416 381 2455 partis.
406 2417 468 2447 Fa.
496 2417 608 2447 Partis
622 2426 633 2447 .·
657 2422 762 2447 recte.
808 2416 842 2446 Si
862 2416 1029 2455 genitivus
1043 2414 1182 2455 pluralis
1199 2415 1232 2444 in
1249 2414 1312 2444 ium
1325 2419 1424 2443 exeat
1439 2412 1652 2444 accusativus

190 2457 223 2487 in
240 2458 269 2488 is
284 2460 365 2498 exit,
380 2468 444 2489 non
461 2469 503 2490 es.
548 2459 605 2490 Ita
623 2459 749 2490 vetusti
766 2459 903 2490 codices
927 2458 1056 2496 Plauti,
1076 2457 1240 2495 Lucretii,
1256 2457 1404 2495 Virgilii.
1424 2456 1573 2493 Horatii,
1589 2458 1652 2486 ἃς.

192 2499 288 2533 Bent.
310 2503 367 2542 qui
382 2502 484 2533 etiam
503 2502 638 2532 ordinat
655 2503 694 2537 Q.
707 2512 737 2541 p.
752 2512 783 2541 1²·
800 2502 866 2541 qni.
914 2501 1039 2532 Primus
1051 2504 1158 2540 partes
1173 2501 1224 2540 qui
1240 2501 1299 2530 ΒΓ.
1330 2500 1431 2529 Both.
1450 2500 1536 2538 Eug.
1557 2499 1651 2529 Perl.

195 2543 273 2585 Bip.
290 2544 416 2586 Delph.
455 2545 497 2580 Q.
516 2545 635 2585 primas
657 2545 760 2585 partis
782 2545 835 2585 qui
850 2544 976 2575 Z.-29
999 2544 1077 2576 Riv.
1098 2547 1226 2583 geretur
1253 2541 1417 2579 defendit,
1437 2542 1524 2582 quod
1550 2542 1652 2572 estin

855 2642 998 2674 NOTAE

216 2718 278 2763 ¹26
301 2717 595 2758 Epidicazomenon]
625 2718 693 2750 Hic
724 2716 894 2758 ἐπιδικαζό-
953 2716 1133 2750 contendit
1160 2715 1332 2753 Phormio,
1363 2719 1401 2746 ut
1429 2714 1598 2745 Phanium
1622 2710 1652 2743 ci

196 2777 284 2805 μενος
301 2773 355 2800 est
377 2769 542 2810 Antipho,
560 2769 696 2811 quicum
721 2769 753 2800 in
766 2769 899 2812 judicio
955 2768 1132 2800 addicatur
1148 2776 1245 2798 uxor.
